  <div class='ocr_page' id='page_1' title='image "/cluster/home/n/w/nwhite01/storage/ocr_20150623/41:no.1/coo.31924054869387/212.png"; bbox 0 0 3982 6426; ppageno 0'>
   <div class='ocr_carea' id='block_1_1' title="bbox 374 354 485 421">
    <p class='ocr_par' dir='ltr' id='par_1_1' title="bbox 374 354 485 421">
     <span class='ocr_line' id='line_1_1' title="bbox 374 354 485 421; baseline 0.009 -1"><span class='ocrx_word' id='word_1_1' title='bbox 374 354 485 421; x_wconf 70' lang='grc'><strong>415</strong></span> 
     </span>
    </p>
   </div>
   <div class='ocr_carea' id='block_1_2' title="bbox 986 316 1985 415">
    <p class='ocr_par' dir='ltr' id='par_1_2' title="bbox 986 316 1985 414">
     <span class='ocr_line' id='line_1_2' title="bbox 986 316 1985 414; baseline -0.007 0"><span class='ocrx_word' id='word_1_2' title='bbox 986 356 1359 414; x_wconf 69' lang='lat' dir='ltr'><strong>aovansus</strong></span> <span class='ocrx_word' id='word_1_3' title='bbox 1399 316 1746 412; x_wconf 64' lang='grc' dir='ltr'>ιωιιεειξδ</span> <span class='ocrx_word' id='word_1_4' title='bbox 1782 355 1909 411; x_wconf 78' lang='lat' dir='ltr'><strong>ue.</strong></span> <span class='ocrx_word' id='word_1_5' title='bbox 1956 353 1985 409; x_wconf 73' lang='grc' dir='ltr'><strong>ι,</strong></span> 
     </span>
    </p>
   </div>
   <div class='ocr_carea' id='block_1_3' title="bbox 2086 316 2950 415">
    <p class='ocr_par' dir='ltr' id='par_1_3' title="bbox 2089 354 2950 415">
     <span class='ocr_line' id='line_1_3' title="bbox 2089 354 2950 415; baseline 0.001 -2"><span class='ocrx_word' id='word_1_6' title='bbox 2089 354 2210 414; x_wconf 83' lang='lat' dir='ltr'><strong>0M.</strong></span> <span class='ocrx_word' id='word_1_7' title='bbox 2251 355 2316 413; x_wconf 91' lang='lat' dir='ltr'><strong>ll.</strong></span> <span class='ocrx_word' id='word_1_8' title='bbox 2353 390 2423 400; x_wconf 95' lang='lat'>—</span> <span class='ocrx_word' id='word_1_9' title='bbox 2460 355 2739 414; x_wconf 63' lang='lat' dir='ltr'><strong>HIERES.</strong></span> <span class='ocrx_word' id='word_1_10' title='bbox 2780 356 2950 415; x_wconf 81' lang='lat' dir='ltr'><strong>XXX.</strong></span> 
     </span>
    </p>
   </div>
   <div class='ocr_carea' id='block_1_4' title="bbox 3561 360 3668 417">
    <p class='ocr_par' dir='ltr' id='par_1_4' title="bbox 3561 360 3668 417">
     <span class='ocr_line' id='line_1_4' title="bbox 3561 360 3668 417; baseline 0 0"><span class='ocrx_word' id='word_1_11' title='bbox 3561 360 3668 417; x_wconf 71' lang='grc'><strong>414</strong></span> 
     </span>
    </p>
   </div>
   <div class='ocr_carea' id='block_1_5' title="bbox 376 467 1985 547">
    <p class='ocr_par' dir='ltr' id='par_1_5' title="bbox 376 467 1980 547">
     <span class='ocr_line' id='line_1_5' title="bbox 376 467 1980 547; baseline -0.004 -20"><span class='ocrx_word' id='word_1_12' title='bbox 376 474 563 547; x_wconf 79' lang='grc' dir='ltr'>ἢλθεν,</span> <span class='ocrx_word' id='word_1_13' title='bbox 594 471 915 544; x_wconf 78' lang='grc' dir='ltr'>ἀκηκόαμεν</span> <span class='ocrx_word' id='word_1_14' title='bbox 954 470 1128 525; x_wconf 85' lang='grc' dir='ltr'>ταῦτα</span> <span class='ocrx_word' id='word_1_15' title='bbox 1162 469 1340 524; x_wconf 80' lang='grc' dir='ltr'>πάντα</span> <span class='ocrx_word' id='word_1_16' title='bbox 1384 467 1592 537; x_wconf 76' lang='grc' dir='ltr'>σαφῶς,</span> <span class='ocrx_word' id='word_1_17' title='bbox 1621 468 1716 522; x_wconf 78' lang='grc' dir='ltr'>καὶ</span> <span class='ocrx_word' id='word_1_18' title='bbox 1745 467 1843 520; x_wconf 82' lang='grc' dir='ltr'>οὐκ</span> <span class='ocrx_word' id='word_1_19' title='bbox 1871 467 1980 522; x_wconf 83' lang='grc' dir='ltr'><strong>ἀπὸ</strong></span> 
     </span>
    </p>
   </div>
   <div class='ocr_carea' id='block_1_6' title="bbox 2086 467 3670 547">
    <p class='ocr_par' dir='ltr' id='par_1_6' title="bbox 2086 470 3670 542">
     <span class='ocr_line' id='line_1_6' title="bbox 2086 470 3670 542; baseline 0.003 -16"><span class='ocrx_word' id='word_1_20' title='bbox 2086 478 2257 540; x_wconf 88' lang='lat' dir='ltr'><strong>certa,</strong></span> <span class='ocrx_word' id='word_1_21' title='bbox 2310 487 2421 527; x_wconf 89' lang='lat' dir='ltr'><strong>non</strong></span> <span class='ocrx_word' id='word_1_22' title='bbox 2474 472 2654 529; x_wconf 88' lang='lat' dir='ltr'><strong>aliena</strong></span> <span class='ocrx_word' id='word_1_23' title='bbox 2703 471 2809 528; x_wconf 83' lang='lat' dir='ltr'><strong>ﬁde</strong></span> <span class='ocrx_word' id='word_1_24' title='bbox 2849 471 3128 542; x_wconf 78' lang='lat' dir='ltr'><strong>explorata</strong></span> <span class='ocrx_word' id='word_1_25' title='bbox 3163 470 3479 529; x_wconf 85' lang='lat' dir='ltr'><strong>didicimus.</strong></span> <span class='ocrx_word' id='word_1_26' title='bbox 3538 475 3670 542; x_wconf 69' lang='lat' dir='ltr'><strong>Quae</strong></span> 
     </span>
    </p>
   </div>
   <div class='ocr_carea' id='block_1_7' title="bbox 378 556 1979 638">
    <p class='ocr_par' dir='ltr' id='par_1_7' title="bbox 378 556 1979 638">
     <span class='ocr_line' id='line_1_7' title="bbox 378 556 1979 638; baseline -0.004 -16"><span class='ocrx_word' id='word_1_27' title='bbox 378 565 701 638; x_wconf 70' lang='grc' dir='ltr'>ἑνηχήσεως</span> <span class='ocrx_word' id='word_1_28' title='bbox 740 563 930 635; x_wconf 82' lang='grc' dir='ltr'>ἑτέρου</span> <span class='ocrx_word' id='word_1_29' title='bbox 971 561 1138 626; x_wconf 88' lang='grc' dir='ltr'>τινός.</span> <span class='ocrx_word' id='word_1_30' title='bbox 1176 560 1339 615; x_wconf 87' lang='grc' dir='ltr'>Ὅθεν</span> <span class='ocrx_word' id='word_1_31' title='bbox 1379 558 1475 615; x_wconf 69' lang='grc' dir='ltr'>καὶ</span> <span class='ocrx_word' id='word_1_32' title='bbox 1506 556 1979 632; x_wconf 77' lang='grc' dir='ltr'><strong>ἀξιομνημόνευτα</strong></span> 
     </span>
    </p>
   </div>
   <div class='ocr_carea' id='block_1_8' title="bbox 379 649 1978 725">
    <p class='ocr_par' dir='ltr' id='par_1_8' title="bbox 379 649 1978 725">
     <span class='ocr_line' id='line_1_8' title="bbox 379 649 1978 725; baseline -0.001 -16"><span class='ocrx_word' id='word_1_33' title='bbox 379 655 464 720; x_wconf 83' lang='grc' dir='ltr'><strong>εἱς</strong></span> <span class='ocrx_word' id='word_1_34' title='bbox 491 650 784 725; x_wconf 81' lang='grc' dir='ltr'>οἱκοδομὴν</span> <span class='ocrx_word' id='word_1_35' title='bbox 823 651 1033 706; x_wconf 81' lang='grc' dir='ltr'><strong>πιστῶν</strong></span> <span class='ocrx_word' id='word_1_36' title='bbox 1065 650 1389 722; x_wconf 87' lang='grc' dir='ltr'>νομίσαντες</span> <span class='ocrx_word' id='word_1_37' title='bbox 1419 649 1489 704; x_wconf 79' lang='grc' dir='ltr'>τὰ</span> <span class='ocrx_word' id='word_1_38' title='bbox 1519 652 1662 705; x_wconf 80' lang='grc' dir='ltr'>κατὰ</span> <span class='ocrx_word' id='word_1_39' title='bbox 1686 652 1778 707; x_wconf 82' lang='grc' dir='ltr'>τὸν</span> <span class='ocrx_word' id='word_1_40' title='bbox 1809 652 1978 725; x_wconf 77' lang='grc' dir='ltr'>ἄνδρα</span> 
     </span>
    </p>
   </div>
   <div class='ocr_carea' id='block_1_9' title="bbox 379 741 1978 822">
    <p class='ocr_par' dir='ltr' id='par_1_9' title="bbox 379 741 1978 822">
     <span class='ocr_line' id='line_1_9' title="bbox 379 741 1978 822; baseline -0.003 -19"><span class='ocrx_word' id='word_1_41' title='bbox 379 742 904 822; x_wconf 75' lang='grc' dir='ltr'><strong>πραγματευθέντα,</strong></span> <span class='ocrx_word' id='word_1_42' title='bbox 957 743 1047 798; x_wconf 71' lang='grc' dir='ltr'><strong>διὰ</strong></span> <span class='ocrx_word' id='word_1_43' title='bbox 1072 743 1171 815; x_wconf 81' lang='grc' dir='ltr'><strong>τὴν</strong></span> <span class='ocrx_word' id='word_1_44' title='bbox 1200 741 1381 797; x_wconf 78' lang='grc' dir='ltr'>αἰτίαν</span> <span class='ocrx_word' id='word_1_45' title='bbox 1407 742 1517 797; x_wconf 80' lang='grc' dir='ltr'><strong>τῶν</strong></span> <span class='ocrx_word' id='word_1_46' title='bbox 1556 744 1616 797; x_wconf 81' lang='grc' dir='ltr'>ὲν</span> <span class='ocrx_word' id='word_1_47' title='bbox 1654 747 1767 809; x_wconf 83' lang='grc' dir='ltr'>τοῖς</span> <span class='ocrx_word' id='word_1_48' title='bbox 1811 744 1978 814; x_wconf 70' lang='grc' dir='ltr'>γαζοε-</span> 
     </span>
    </p>
   </div>
   <div class='ocr_carea' id='block_1_10' title="bbox 381 835 1977 910">
    <p class='ocr_par' dir='ltr' id='par_1_10' title="bbox 381 835 1977 910">
     <span class='ocr_line' id='line_1_10' title="bbox 381 835 1977 910; baseline -0.002 -16"><span class='ocrx_word' id='word_1_49' title='bbox 381 841 671 910; x_wconf 80' lang='grc' dir='ltr'>φυλακίοις</span> <span class='ocrx_word' id='word_1_50' title='bbox 700 841 781 905; x_wconf 88' lang='grc' dir='ltr'><strong>είς</strong></span> <span class='ocrx_word' id='word_1_51' title='bbox 815 837 1072 910; x_wconf 76' lang='grc' dir='ltr'>Ἐὄραΐδα</span> <span class='ocrx_word' id='word_1_52' title='bbox 1128 835 1555 908; x_wconf 81' lang='grc' dir='ltr'><strong>μετατεθέντων,</strong></span> <span class='ocrx_word' id='word_1_53' title='bbox 1589 838 1652 891; x_wconf 83' lang='grc' dir='ltr'>οὐ</span> <span class='ocrx_word' id='word_1_54' title='bbox 1686 838 1977 910; x_wconf 79' lang='grc' dir='ltr'><strong>παρέργως</strong></span> 
     </span>
    </p>
   </div>
   <div class='ocr_carea' id='block_1_11' title="bbox 382 927 1981 1003">
    <p class='ocr_par' dir='ltr' id='par_1_11' title="bbox 382 927 1981 1003">
     <span class='ocr_line' id='line_1_11' title="bbox 382 927 1981 1003; baseline -0.001 -20"><span class='ocrx_word' id='word_1_55' title='bbox 382 931 485 1003; x_wconf 80' lang='grc' dir='ltr'><strong>τὴν</strong></span> <span class='ocrx_word' id='word_1_56' title='bbox 514 932 698 985; x_wconf 79' lang='grc' dir='ltr'>πᾶσαν</span> <span class='ocrx_word' id='word_1_57' title='bbox 726 930 906 984; x_wconf 76' lang='grc' dir='ltr'>αἰτίαν</span> <span class='ocrx_word' id='word_1_58' title='bbox 945 927 1043 982; x_wconf 93' lang='grc' dir='ltr'><strong>τοῦ</strong></span> <span class='ocrx_word' id='word_1_59' title='bbox 1082 928 1481 1000; x_wconf 82' lang='grc' dir='ltr'><strong>προειρημένου</strong></span> <span class='ocrx_word' id='word_1_60' title='bbox 1524 929 1790 1001; x_wconf 78' lang='grc' dir='ltr'><strong>Ἰωσήπου</strong></span> <span class='ocrx_word' id='word_1_61' title='bbox 1832 946 1981 1000; x_wconf 76' lang='grc' dir='ltr'>παρ-</span> 
     </span>
    </p>
   </div>
   <div class='ocr_carea' id='block_1_12' title="bbox 382 1017 1979 1095">
    <p class='ocr_par' dir='ltr' id='par_1_12' title="bbox 382 1017 1979 1095">
     <span class='ocr_line' id='line_1_12' title="bbox 382 1017 1979 1095; baseline -0.002 -17"><span class='ocrx_word' id='word_1_62' title='bbox 382 1017 773 1095; x_wconf 53' lang='lat' dir='ltr'><strong>coemam»;</strong></span> <span class='ocrx_word' id='word_1_63' title='bbox 790 1020 899 1094; x_wconf 82' lang='grc' dir='ltr'>γὰρ</span> <span class='ocrx_word' id='word_1_64' title='bbox 921 1020 950 1072; x_wconf 86' lang='grc' dir='ltr'>ὁ</span> <span class='ocrx_word' id='word_1_65' title='bbox 974 1020 1115 1092; x_wconf 81' lang='grc' dir='ltr'>ἀνὴρ</span> <span class='ocrx_word' id='word_1_66' title='bbox 1133 1019 1194 1073; x_wconf 83' lang='grc' dir='ltr'><strong>ού</strong></span> <span class='ocrx_word' id='word_1_67' title='bbox 1219 1020 1383 1091; x_wconf 82' lang='grc' dir='ltr'>μόνον</span> <span class='ocrx_word' id='word_1_68' title='bbox 1409 1021 1761 1091; x_wconf 85' lang='grc' dir='ltr'>Χριστιανὸς,</span> <span class='ocrx_word' id='word_1_69' title='bbox 1787 1021 1979 1085; x_wconf 83' lang='grc' dir='ltr'>πιστὸς</span> 
     </span>
    </p>
   </div>
   <div class='ocr_carea' id='block_1_13' title="bbox 384 1110 1980 1186">
    <p class='ocr_par' dir='ltr' id='par_1_13' title="bbox 384 1110 1980 1186">
     <span class='ocr_line' id='line_1_13' title="bbox 384 1110 1980 1186; baseline -0.001 -18"><span class='ocrx_word' id='word_1_70' title='bbox 384 1112 747 1181; x_wconf 59' lang='grc' dir='ltr'>ηταξιωθεὶς</span> <span class='ocrx_word' id='word_1_71' title='bbox 790 1110 1064 1183; x_wconf 88' lang='grc' dir='ltr'>γενέσθαι,</span> <span class='ocrx_word' id='word_1_72' title='bbox 1096 1110 1234 1166; x_wconf 80' lang='grc' dir='ltr'>ἀλλὰ</span> <span class='ocrx_word' id='word_1_73' title='bbox 1276 1111 1373 1166; x_wconf 72' lang='grc' dir='ltr'>καὶ</span> <span class='ocrx_word' id='word_1_74' title='bbox 1414 1112 1728 1184; x_wconf 73' lang='grc' dir='ltr'>Ἀρειανοὺς</span> <span class='ocrx_word' id='word_1_75' title='bbox 1773 1112 1980 1186; x_wconf 83' lang='grc' dir='ltr'>σφόδρα</span> 
     </span>
    </p>
   </div>
   <div class='ocr_carea' id='block_1_14' title="bbox 385 1202 1979 1278">
    <p class='ocr_par' dir='ltr' id='par_1_14' title="bbox 385 1202 1979 1278">
     <span class='ocr_line' id='line_1_14' title="bbox 385 1202 1979 1278; baseline -0.003 -17"><span class='ocrx_word' id='word_1_76' title='bbox 385 1206 740 1278; x_wconf 80' lang='grc' dir='ltr'>στηλιτιύων.</span> <span class='ocrx_word' id='word_1_77' title='bbox 778 1207 868 1259; x_wconf 85' lang='grc' dir='ltr'>Ἐν</span> <span class='ocrx_word' id='word_1_78' title='bbox 925 1204 1122 1276; x_wconf 83' lang='grc' dir='ltr'>γὰρτῇ</span> <span class='ocrx_word' id='word_1_79' title='bbox 1182 1202 1333 1257; x_wconf 88' lang='grc' dir='ltr'>πόλει</span> <span class='ocrx_word' id='word_1_80' title='bbox 1392 1202 1598 1276; x_wconf 81' lang='grc' dir='ltr'>ἐκείνῃ,</span> <span class='ocrx_word' id='word_1_81' title='bbox 1646 1203 1979 1257; x_wconf 80' lang='grc' dir='ltr'><strong>Σκυθοπόλει</strong></span> 
     </span>
    </p>
   </div>
   <div class='ocr_carea' id='block_1_15' title="bbox 383 1288 1981 1369">
    <p class='ocr_par' dir='ltr' id='par_1_15' title="bbox 383 1288 1981 1369">
     <span class='ocr_line' id='line_1_15' title="bbox 383 1288 1981 1369; baseline -0.003 -19"><span class='ocrx_word' id='word_1_82' title='bbox 383 1298 554 1369; x_wconf 77' lang='grc' dir='ltr'>φημὶ,</span> <span class='ocrx_word' id='word_1_83' title='bbox 622 1294 782 1368; x_wconf 90' lang='grc' dir='ltr'>μόνον</span> <span class='ocrx_word' id='word_1_84' title='bbox 832 1288 988 1358; x_wconf 75' lang='grc' dir='ltr'>οὗτος</span> <span class='ocrx_word' id='word_1_85' title='bbox 1043 1291 1324 1366; x_wconf 83' lang='grc' dir='ltr'>όρθόδοξος</span> <span class='ocrx_word' id='word_1_86' title='bbox 1371 1293 1585 1365; x_wconf 83' lang='grc' dir='ltr'>ὑπῆρχε</span> <span class='ocrx_word' id='word_1_87' title='bbox 1606 1333 1622 1357; x_wconf 96' lang='grc'><strong>,</strong></span> <span class='ocrx_word' id='word_1_88' title='bbox 1672 1294 1874 1358; x_wconf 84' lang='grc' dir='ltr'>πάντες</span> <span class='ocrx_word' id='word_1_89' title='bbox 1923 1293 1981 1346; x_wconf 78' lang='grc' dir='ltr'><strong>δὲ</strong></span> 
     </span>
    </p>
   </div>
   <div class='ocr_carea' id='block_1_16' title="bbox 338 1382 1982 1462">
    <p class='ocr_par' dir='ltr' id='par_1_16' title="bbox 338 1382 1982 1462">
     <span class='ocr_line' id='line_1_16' title="bbox 338 1382 1982 1462; baseline -0.002 -18"><span class='ocrx_word' id='word_1_90' title='bbox 338 1402 347 1411; x_wconf 89' lang='lat'><strong>‘</strong></span> <span class='ocrx_word' id='word_1_91' title='bbox 395 1388 686 1462; x_wconf 84' lang='grc' dir='ltr'>Ἀρειανοί.</span> <span class='ocrx_word' id='word_1_92' title='bbox 734 1388 847 1443; x_wconf 79' lang='grc' dir='ltr'><strong>Καὶ</strong></span> <span class='ocrx_word' id='word_1_93' title='bbox 890 1388 939 1441; x_wconf 87' lang='grc' dir='ltr'><strong>εἱ</strong></span> <span class='ocrx_word' id='word_1_94' title='bbox 985 1386 1062 1459; x_wconf 79' lang='grc' dir='ltr'>μὴ</span> <span class='ocrx_word' id='word_1_95' title='bbox 1087 1387 1172 1440; x_wconf 82' lang='grc' dir='ltr'>ὅτι</span> <span class='ocrx_word' id='word_1_96' title='bbox 1214 1387 1391 1457; x_wconf 83' lang='grc' dir='ltr'><strong>κόμης</strong></span> <span class='ocrx_word' id='word_1_97' title='bbox 1435 1382 1525 1457; x_wconf 83' lang='grc' dir='ltr'>ἦν,</span> <span class='ocrx_word' id='word_1_98' title='bbox 1560 1385 1656 1441; x_wconf 71' lang='grc' dir='ltr'><strong>καὶ⁸</strong></span> <span class='ocrx_word' id='word_1_99' title='bbox 1688 1385 1864 1440; x_wconf 74' lang='grc' dir='ltr'>τὸτοῦ</span> <span class='ocrx_word' id='word_1_100' title='bbox 1889 1386 1982 1440; x_wconf 86' lang='grc' dir='ltr'>κό-</span> 
     </span>
    </p>
   </div>
   <div class='ocr_carea' id='block_1_17' title="bbox 384 1478 1982 1555">
    <p class='ocr_par' dir='ltr' id='par_1_17' title="bbox 384 1478 1982 1555">
     <span class='ocr_line' id='line_1_17' title="bbox 384 1478 1982 1555; baseline -0.001 -20"><span class='ocrx_word' id='word_1_101' title='bbox 384 1498 561 1555; x_wconf 83' lang='grc' dir='ltr'>μητος</span> <span class='ocrx_word' id='word_1_102' title='bbox 588 1479 806 1553; x_wconf 81' lang='grc' dir='ltr'>ἀξίωμα</span> <span class='ocrx_word' id='word_1_103' title='bbox 836 1479 1074 1534; x_wconf 75' lang='grc' dir='ltr'>ἐκώλυεν</span> <span class='ocrx_word' id='word_1_104' title='bbox 1095 1479 1191 1535; x_wconf 82' lang='grc' dir='ltr'><strong>ἀπ’</strong></span> <span class='ocrx_word' id='word_1_105' title='bbox 1226 1478 1391 1534; x_wconf 81' lang='grc' dir='ltr'>αὑτοῦ</span> <span class='ocrx_word' id='word_1_106' title='bbox 1423 1479 1516 1533; x_wconf 82' lang='grc' dir='ltr'>τὸν</span> <span class='ocrx_word' id='word_1_107' title='bbox 1543 1478 1654 1532; x_wconf 85' lang='grc' dir='ltr'><strong>τῶν</strong></span> <span class='ocrx_word' id='word_1_108' title='bbox 1688 1479 1982 1551; x_wconf 84' lang='grc' dir='ltr'>Ἀρειανῶν</span> 
     </span>
    </p>
   </div>
   <div class='ocr_carea' id='block_1_18' title="bbox 380 1568 1982 1642">
    <p class='ocr_par' dir='ltr' id='par_1_18' title="bbox 380 1568 1982 1642">
     <span class='ocr_line' id='line_1_18' title="bbox 380 1568 1982 1642; baseline -0.001 -17"><span class='ocrx_word' id='word_1_109' title='bbox 380 1570 648 1642; x_wconf 76' lang='grc' dir='ltr'>διωγμὸν,</span> <span class='ocrx_word' id='word_1_110' title='bbox 694 1570 797 1624; x_wconf 87' lang='grc' dir='ltr'><strong>οὑκ</strong></span> <span class='ocrx_word' id='word_1_111' title='bbox 842 1568 909 1623; x_wconf 85' lang='grc' dir='ltr'>ἂν</span> <span class='ocrx_word' id='word_1_112' title='bbox 941 1569 1148 1642; x_wconf 83' lang='grc' dir='ltr'><strong>ὑπέστη</strong></span> <span class='ocrx_word' id='word_1_113' title='bbox 1182 1569 1284 1624; x_wconf 80' lang='grc' dir='ltr'>κᾶν</span> <span class='ocrx_word' id='word_1_114' title='bbox 1321 1572 1380 1624; x_wconf 82' lang='grc' dir='ltr'>ὲν</span> <span class='ocrx_word' id='word_1_115' title='bbox 1404 1572 1472 1642; x_wconf 78' lang='grc' dir='ltr'>τῇ</span> <span class='ocrx_word' id='word_1_116' title='bbox 1508 1569 1662 1623; x_wconf 90' lang='grc' dir='ltr'>πόλει</span> <span class='ocrx_word' id='word_1_117' title='bbox 1682 1569 1982 1640; x_wconf 76' lang='grc' dir='ltr'>διατρίϐειν</span> 
     </span>
    </p>
   </div>
   <div class='ocr_carea' id='block_1_19' title="bbox 379 1661 1984 1736">
    <p class='ocr_par' dir='ltr' id='par_1_19' title="bbox 379 1661 1984 1736">
     <span class='ocr_line' id='line_1_19' title="bbox 379 1661 1984 1736; baseline -0.002 -18"><span class='ocrx_word' id='word_1_118' title='bbox 379 1666 411 1718; x_wconf 84' lang='grc' dir='ltr'><strong>ὁ</strong></span> <span class='ocrx_word' id='word_1_119' title='bbox 434 1663 594 1736; x_wconf 83' lang='grc' dir='ltr'>ἀνὴρ,</span> <span class='ocrx_word' id='word_1_120' title='bbox 622 1662 855 1735; x_wconf 86' lang='grc' dir='ltr'>μάλιστα</span> <span class='ocrx_word' id='word_1_121' title='bbox 880 1662 973 1715; x_wconf 77' lang='grc' dir='ltr'><strong>ἐπὶ</strong></span> <span class='ocrx_word' id='word_1_122' title='bbox 1013 1661 1354 1735; x_wconf 62' lang='grc' dir='ltr'>Πατῳφὶλου</span> <span class='ocrx_word' id='word_1_123' title='bbox 1388 1661 1483 1716; x_wconf 87' lang='grc' dir='ltr'><strong>τοῦ</strong></span> <span class='ocrx_word' id='word_1_124' title='bbox 1534 1662 1813 1732; x_wconf 82' lang='grc' dir='ltr'>Ἀρειανοῦ</span> <span class='ocrx_word' id='word_1_125' title='bbox 1863 1663 1984 1715; x_wconf 79' lang='grc' dir='ltr'>ἐπι-</span> 
     </span>
    </p>
   </div>
   <div class='ocr_carea' id='block_1_20' title="bbox 382 1746 1982 1826">
    <p class='ocr_par' dir='ltr' id='par_1_20' title="bbox 382 1746 1982 1826">
     <span class='ocr_line' id='line_1_20' title="bbox 382 1746 1982 1826; baseline -0.002 -17"><span class='ocrx_word' id='word_1_126' title='bbox 382 1754 614 1818; x_wconf 88' lang='grc' dir='ltr'>σκόπου,</span> <span class='ocrx_word' id='word_1_127' title='bbox 642 1754 737 1808; x_wconf 90' lang='grc' dir='ltr'><strong>τοῦ</strong></span> <span class='ocrx_word' id='word_1_128' title='bbox 762 1753 936 1808; x_wconf 80' lang='grc' dir='ltr'>πολλὰ</span> <span class='ocrx_word' id='word_1_129' title='bbox 966 1752 1289 1825; x_wconf 74' lang='grc' dir='ltr'>ἰσχύσαντος</span> <span class='ocrx_word' id='word_1_130' title='bbox 1331 1746 1549 1825; x_wconf 77' lang='grc' dir='ltr'>πλούτῳ</span> <span class='ocrx_word' id='word_1_131' title='bbox 1574 1764 1638 1807; x_wconf 78' lang='grc' dir='ltr'><strong>τε</strong></span> <span class='ocrx_word' id='word_1_132' title='bbox 1663 1753 1757 1808; x_wconf 75' lang='grc' dir='ltr'>καὶ</span> <span class='ocrx_word' id='word_1_133' title='bbox 1785 1753 1982 1826; x_wconf 84' lang='grc' dir='ltr'>αὐστη-</span> 
     </span>
    </p>
   </div>
   <div class='ocr_carea' id='block_1_21' title="bbox 2083 556 3669 633">
    <p class='ocr_par' dir='ltr' id='par_1_21' title="bbox 2083 556 3669 633">
     <span class='ocr_line' id='line_1_21' title="bbox 2083 556 3669 633; baseline 0.004 -21"><span class='ocrx_word' id='word_1_134' title='bbox 2083 573 2207 613; x_wconf 92' lang='lat' dir='ltr'><strong>cum</strong></span> <span class='ocrx_word' id='word_1_135' title='bbox 2252 556 2322 612; x_wconf 89' lang='lat' dir='ltr'><strong>ad</strong></span> <span class='ocrx_word' id='word_1_136' title='bbox 2365 558 2608 615; x_wconf 83' lang='lat' dir='ltr'><strong>ﬁdelium</strong></span> <span class='ocrx_word' id='word_1_137' title='bbox 2641 560 2932 615; x_wconf 74' lang='lat' dir='ltr'><strong>utilitatem</strong></span> <span class='ocrx_word' id='word_1_138' title='bbox 2968 561 3232 616; x_wconf 82' lang='lat' dir='ltr'><strong>memeria</strong></span> <span class='ocrx_word' id='word_1_139' title='bbox 3272 560 3454 633; x_wconf 83' lang='lat' dir='ltr'><strong>digna</strong></span> <span class='ocrx_word' id='word_1_140' title='bbox 3512 578 3669 619; x_wconf 85' lang='lat' dir='ltr'><strong>cum-</strong></span> 
     </span>
    </p>
   </div>
   <div class='ocr_carea' id='block_1_22' title="bbox 2081 648 3665 723">
    <p class='ocr_par' dir='ltr' id='par_1_22' title="bbox 2081 648 3665 723">
     <span class='ocr_line' id='line_1_22' title="bbox 2081 648 3665 723; baseline 0.004 -21"><span class='ocrx_word' id='word_1_141' title='bbox 2081 648 2275 717; x_wconf 81' lang='lat' dir='ltr'><strong>primis</strong></span> <span class='ocrx_word' id='word_1_142' title='bbox 2327 648 2680 716; x_wconf 82' lang='lat' dir='ltr'><strong>arbitremur,</strong></span> <span class='ocrx_word' id='word_1_143' title='bbox 2726 660 2950 721; x_wconf 81' lang='lat' dir='ltr'><strong>propter</strong></span> <span class='ocrx_word' id='word_1_144' title='bbox 3005 665 3102 706; x_wconf 90' lang='lat' dir='ltr'><strong>eos</strong></span> <span class='ocrx_word' id='word_1_145' title='bbox 3153 651 3325 708; x_wconf 89' lang='lat' dir='ltr'><strong>libros</strong></span> <span class='ocrx_word' id='word_1_146' title='bbox 3350 653 3441 723; x_wconf 87' lang='lat' dir='ltr'><strong>qui</strong></span> <span class='ocrx_word' id='word_1_147' title='bbox 3475 653 3530 708; x_wconf 91' lang='lat' dir='ltr'><strong>in</strong></span> <span class='ocrx_word' id='word_1_148' title='bbox 3574 653 3665 708; x_wconf 79' lang='lat' dir='ltr'><strong>Ju-</strong></span> 
     </span>
    </p>
   </div>
   <div class='ocr_carea' id='block_1_23' title="bbox 2080 739 3672 801">
    <p class='ocr_par' dir='ltr' id='par_1_23' title="bbox 2080 739 3672 801">
     <span class='ocr_line' id='line_1_23' title="bbox 2080 739 3672 801; baseline 0.004 -7"><span class='ocrx_word' id='word_1_149' title='bbox 2080 739 2324 795; x_wconf 73' lang='lat' dir='ltr'><strong>daeorum</strong></span> <span class='ocrx_word' id='word_1_150' title='bbox 2382 740 2662 797; x_wconf 83' lang='lat' dir='ltr'><strong>thesauris</strong></span> <span class='ocrx_word' id='word_1_151' title='bbox 2735 750 3032 797; x_wconf 81' lang='lat' dir='ltr'><strong>servantur</strong></span> <span class='ocrx_word' id='word_1_152' title='bbox 3090 741 3362 799; x_wconf 86' lang='lat' dir='ltr'><strong>Hebraico</strong></span> <span class='ocrx_word' id='word_1_153' title='bbox 3418 761 3672 801; x_wconf 83' lang='lat' dir='ltr'><strong>sermone</strong></span> 
     </span>
    </p>
   </div>
   <div class='ocr_carea' id='block_1_24' title="bbox 2083 831 3671 906">
    <p class='ocr_par' dir='ltr' id='par_1_24' title="bbox 2083 831 3671 906">
     <span class='ocr_line' id='line_1_24' title="bbox 2083 831 3671 906; baseline 0.005 -22"><span class='ocrx_word' id='word_1_154' title='bbox 2083 831 2362 899; x_wconf 86' lang='lat' dir='ltr'><strong>translati,</strong></span> <span class='ocrx_word' id='word_1_155' title='bbox 2398 848 2523 904; x_wconf 65' lang='lat' dir='ltr'><strong>quae</strong></span> <span class='ocrx_word' id='word_1_156' title='bbox 2556 832 2625 889; x_wconf 85' lang='lat' dir='ltr'><strong>ad</strong></span> <span class='ocrx_word' id='word_1_157' title='bbox 2659 831 2957 904; x_wconf 86' lang='lat' dir='ltr'><strong>Josephum</strong></span> <span class='ocrx_word' id='word_1_158' title='bbox 3002 834 3157 889; x_wconf 88' lang='lat' dir='ltr'><strong>illum</strong></span> <span class='ocrx_word' id='word_1_159' title='bbox 3190 837 3531 906; x_wconf 84' lang='lat' dir='ltr'><strong>pertinerent</strong></span> <span class='ocrx_word' id='word_1_160' title='bbox 3576 853 3671 892; x_wconf 87' lang='lat' dir='ltr'><strong>ac-</strong></span> 
     </span>
    </p>
   </div>
   <div class='ocr_carea' id='block_1_25' title="bbox 2081 922 3674 994">
    <p class='ocr_par' dir='ltr' id='par_1_25' title="bbox 2081 922 3674 994">
     <span class='ocr_line' id='line_1_25' title="bbox 2081 922 3674 994; baseline 0.004 -18"><span class='ocrx_word' id='word_1_161' title='bbox 2081 924 2329 979; x_wconf 87' lang='lat' dir='ltr'><strong>curatius</strong></span> <span class='ocrx_word' id='word_1_162' title='bbox 2385 922 2616 994; x_wconf 85' lang='lat' dir='ltr'><strong>exsequi</strong></span> <span class='ocrx_word' id='word_1_163' title='bbox 2669 924 2970 981; x_wconf 87' lang='lat' dir='ltr'><strong>voluimus.</strong></span> <span class='ocrx_word' id='word_1_164' title='bbox 3035 923 3174 981; x_wconf 85' lang='lat' dir='ltr'><strong>Nam</strong></span> <span class='ocrx_word' id='word_1_165' title='bbox 3242 927 3291 982; x_wconf 91' lang='lat' dir='ltr'><strong>is</strong></span> <span class='ocrx_word' id='word_1_166' title='bbox 3347 942 3457 983; x_wconf 87' lang='lat' dir='ltr'><strong>non</strong></span> <span class='ocrx_word' id='word_1_167' title='bbox 3508 927 3674 983; x_wconf 92' lang='lat' dir='ltr'><strong>modo</strong></span> 
     </span>
    </p>
   </div>
   <div class='ocr_carea' id='block_1_26' title="bbox 2080 1013 3671 1089">
    <p class='ocr_par' dir='ltr' id='par_1_26' title="bbox 2080 1013 3671 1089">
     <span class='ocr_line' id='line_1_26' title="bbox 2080 1013 3671 1089; baseline 0.004 -21"><span class='ocrx_word' id='word_1_168' title='bbox 2080 1013 2432 1071; x_wconf 87' lang='lat' dir='ltr'><strong>Christianus</strong></span> <span class='ocrx_word' id='word_1_169' title='bbox 2456 1025 2597 1083; x_wconf 90' lang='lat' dir='ltr'><strong>erat,</strong></span> <span class='ocrx_word' id='word_1_170' title='bbox 2633 1030 2868 1087; x_wconf 86' lang='lat' dir='ltr'><strong>eamque</strong></span> <span class='ocrx_word' id='word_1_171' title='bbox 2904 1015 3065 1072; x_wconf 86' lang='lat' dir='ltr'><strong>fidem</strong></span> <span class='ocrx_word' id='word_1_172' title='bbox 3103 1027 3456 1089; x_wconf 77' lang='lat' dir='ltr'><strong>susceperat,</strong></span> <span class='ocrx_word' id='word_1_173' title='bbox 3490 1019 3586 1075; x_wconf 84' lang='lat' dir='ltr'><strong>sed</strong></span> <span class='ocrx_word' id='word_1_174' title='bbox 3618 1029 3671 1075; x_wconf 89' lang='lat' dir='ltr'><strong>et</strong></span> 
     </span>
    </p>
   </div>
   <div class='ocr_carea' id='block_1_27' title="bbox 2079 1105 3673 1183">
    <p class='ocr_par' dir='ltr' id='par_1_27' title="bbox 2079 1105 3673 1183">
     <span class='ocr_line' id='line_1_27' title="bbox 2079 1105 3673 1183; baseline 0.006 -24"><span class='ocrx_word' id='word_1_175' title='bbox 2079 1105 2319 1161; x_wconf 84' lang='lat' dir='ltr'><strong>Arianos</strong></span> <span class='ocrx_word' id='word_1_176' title='bbox 2356 1120 2572 1162; x_wconf 90' lang='lat' dir='ltr'><strong>summa</strong></span> <span class='ocrx_word' id='word_1_177' title='bbox 2625 1106 2851 1163; x_wconf 76' lang='lat' dir='ltr'><strong>infamia</strong></span> <span class='ocrx_word' id='word_1_178' title='bbox 2891 1109 3235 1166; x_wconf 87' lang='lat' dir='ltr'><strong>traducebat.</strong></span> <span class='ocrx_word' id='word_1_179' title='bbox 3280 1111 3493 1183; x_wconf 85' lang='lat' dir='ltr'><strong>Quippe</strong></span> <span class='ocrx_word' id='word_1_180' title='bbox 3527 1130 3673 1171; x_wconf 85' lang='lat' dir='ltr'><strong>unus</strong></span> 
     </span>
    </p>
   </div>
   <div class='ocr_carea' id='block_1_28' title="bbox 2081 1194 3671 1269">
    <p class='ocr_par' dir='ltr' id='par_1_28' title="bbox 2081 1194 3671 1269">
     <span class='ocr_line' id='line_1_28' title="bbox 2081 1194 3671 1269; baseline 0.003 -21"><span class='ocrx_word' id='word_1_181' title='bbox 2081 1194 2201 1265; x_wconf 89' lang='lat' dir='ltr'><strong>ipse</strong></span> <span class='ocrx_word' id='word_1_182' title='bbox 2236 1201 2442 1250; x_wconf 82' lang='lat' dir='ltr'><strong>rectam</strong></span> <span class='ocrx_word' id='word_1_183' title='bbox 2481 1209 2546 1249; x_wconf 90' lang='lat' dir='ltr'><strong>ac</strong></span> <span class='ocrx_word' id='word_1_184' title='bbox 2577 1194 2851 1261; x_wconf 88' lang='lat' dir='ltr'><strong>sinceram</strong></span> <span class='ocrx_word' id='word_1_185' title='bbox 2891 1194 3055 1250; x_wconf 82' lang='lat' dir='ltr'><strong>fidem</strong></span> <span class='ocrx_word' id='word_1_186' title='bbox 3097 1196 3411 1269; x_wconf 88' lang='lat' dir='ltr'><strong>Seythopoli</strong></span> <span class='ocrx_word' id='word_1_187' title='bbox 3465 1200 3671 1254; x_wconf 86' lang='lat' dir='ltr'><strong>retine-</strong></span> 
     </span>
    </p>
   </div>
   <div class='ocr_carea' id='block_1_29' title="bbox 2080 1285 3673 1359">
    <p class='ocr_par' dir='ltr' id='par_1_29' title="bbox 2080 1285 3673 1359">
     <span class='ocr_line' id='line_1_29' title="bbox 2080 1285 3673 1359; baseline 0.003 -17"><span class='ocrx_word' id='word_1_188' title='bbox 2080 1285 2197 1352; x_wconf 87' lang='lat' dir='ltr'><strong>bat,</strong></span> <span class='ocrx_word' id='word_1_189' title='bbox 2234 1302 2358 1342; x_wconf 89' lang='lat' dir='ltr'><strong>cum</strong></span> <span class='ocrx_word' id='word_1_190' title='bbox 2388 1287 2588 1359; x_wconf 89' lang='lat' dir='ltr'><strong>reliqui</strong></span> <span class='ocrx_word' id='word_1_191' title='bbox 2618 1294 2806 1344; x_wconf 88' lang='lat' dir='ltr'><strong>essent</strong></span> <span class='ocrx_word' id='word_1_192' title='bbox 2844 1288 3061 1346; x_wconf 84' lang='lat' dir='ltr'><strong>Ariani.</strong></span> <span class='ocrx_word' id='word_1_193' title='bbox 3105 1288 3264 1357; x_wconf 85' lang='lat' dir='ltr'><strong>Quod</strong></span> <span class='ocrx_word' id='word_1_194' title='bbox 3297 1291 3404 1346; x_wconf 89' lang='lat' dir='ltr'><strong>nisi</strong></span> <span class='ocrx_word' id='word_1_195' title='bbox 3455 1291 3673 1346; x_wconf 80' lang='lat' dir='ltr'><strong>comitis</strong></span> 
     </span>
    </p>
   </div>
   <div class='ocr_carea' id='block_1_30' title="bbox 2082 1374 3675 1450">
    <p class='ocr_par' dir='ltr' id='par_1_30' title="bbox 2082 1374 3675 1450">
     <span class='ocr_line' id='line_1_30' title="bbox 2082 1374 3675 1450; baseline 0.004 -20"><span class='ocrx_word' id='word_1_196' title='bbox 2082 1374 2350 1447; x_wconf 78' lang='lat' dir='ltr'><strong>dignitate</strong></span> <span class='ocrx_word' id='word_1_197' title='bbox 2410 1377 2604 1434; x_wconf 84' lang='lat' dir='ltr'><strong>fuisset</strong></span> <span class='ocrx_word' id='word_1_198' title='bbox 2650 1379 2934 1450; x_wconf 76' lang='lat' dir='ltr'><strong>praeditus,</strong></span> <span class='ocrx_word' id='word_1_199' title='bbox 2966 1389 3029 1436; x_wconf 90' lang='lat' dir='ltr'><strong>ut</strong></span> <span class='ocrx_word' id='word_1_200' title='bbox 3054 1380 3145 1436; x_wconf 89' lang='lat' dir='ltr'><strong>hic</strong></span> <span class='ocrx_word' id='word_1_201' title='bbox 3208 1397 3333 1437; x_wconf 90' lang='lat' dir='ltr'><strong>eum</strong></span> <span class='ocrx_word' id='word_1_202' title='bbox 3392 1382 3567 1437; x_wconf 84' lang='lat' dir='ltr'><strong>honor</strong></span> <span class='ocrx_word' id='word_1_203' title='bbox 3603 1381 3675 1436; x_wconf 89' lang='lat' dir='ltr'><strong>ab</strong></span> 
     </span>
    </p>
   </div>
   <div class='ocr_carea' id='block_1_31' title="bbox 2082 1467 3670 1546">
    <p class='ocr_par' dir='ltr' id='par_1_31' title="bbox 2082 1467 3670 1546">
     <span class='ocr_line' id='line_1_31' title="bbox 2082 1467 3670 1546; baseline 0.003 -24"><span class='ocrx_word' id='word_1_204' title='bbox 2082 1467 2416 1526; x_wconf 83' lang='lat' dir='ltr'><strong>Arianorum</strong></span> <span class='ocrx_word' id='word_1_205' title='bbox 2463 1470 2727 1527; x_wconf 75' lang='lat' dir='ltr'><strong>violentia</strong></span> <span class='ocrx_word' id='word_1_206' title='bbox 2781 1479 3050 1539; x_wconf 86' lang='lat' dir='ltr'><strong>tueretur,</strong></span> <span class='ocrx_word' id='word_1_207' title='bbox 3095 1487 3166 1529; x_wconf 86' lang='lat' dir='ltr'><strong>ne</strong></span> <span class='ocrx_word' id='word_1_208' title='bbox 3210 1473 3265 1528; x_wconf 89' lang='lat' dir='ltr'><strong>in</strong></span> <span class='ocrx_word' id='word_1_209' title='bbox 3303 1474 3421 1546; x_wconf 88' lang='lat' dir='ltr'><strong>ipsa</strong></span> <span class='ocrx_word' id='word_1_210' title='bbox 3446 1473 3670 1544; x_wconf 89' lang='lat' dir='ltr'><strong>quidem</strong></span> 
     </span>
    </p>
   </div>
   <div class='ocr_carea' id='block_1_32' title="bbox 2083 1554 3697 1635">
    <p class='ocr_par' dir='ltr' id='par_1_32' title="bbox 2083 1554 3697 1635">
     <span class='ocr_line' id='line_1_32' title="bbox 2083 1554 3697 1635; baseline 0.003 -22"><span class='ocrx_word' id='word_1_211' title='bbox 2083 1558 2223 1614; x_wconf 90' lang='lat' dir='ltr'><strong>urbe</strong></span> <span class='ocrx_word' id='word_1_212' title='bbox 2278 1559 2368 1613; x_wconf 85' lang='lat' dir='ltr'><strong>vir</strong></span> <span class='ocrx_word' id='word_1_213' title='bbox 2420 1559 2514 1616; x_wconf 88' lang='lat' dir='ltr'><strong>ille</strong></span> <span class='ocrx_word' id='word_1_214' title='bbox 2560 1562 2927 1626; x_wconf 81' lang='lat' dir='ltr'><strong>constitisset,</strong></span> <span class='ocrx_word' id='word_1_215' title='bbox 2967 1564 3279 1635; x_wconf 73' lang='lat' dir='ltr'><strong>praesertim</strong></span> <span class='ocrx_word' id='word_1_216' title='bbox 3328 1565 3433 1621; x_wconf 85' lang='lat' dir='ltr'><strong>sub</strong></span> <span class='ocrx_word' id='word_1_217' title='bbox 3483 1554 3697 1619; x_wconf 50' lang='lat' dir='ltr'><strong>Patro?</strong></span> 
     </span>
    </p>
   </div>
   <div class='ocr_carea' id='block_1_33' title="bbox 2083 1650 3671 1726">
    <p class='ocr_par' dir='ltr' id='par_1_33' title="bbox 2083 1650 3671 1726">
     <span class='ocr_line' id='line_1_33' title="bbox 2083 1650 3671 1726; baseline 0.004 -22"><span class='ocrx_word' id='word_1_218' title='bbox 2083 1651 2234 1722; x_wconf 85' lang='lat' dir='ltr'><strong>philo</strong></span> <span class='ocrx_word' id='word_1_219' title='bbox 2262 1650 2473 1708; x_wconf 87' lang='lat' dir='ltr'><strong>Ariano</strong></span> <span class='ocrx_word' id='word_1_220' title='bbox 2518 1653 2801 1724; x_wconf 87' lang='lat' dir='ltr'><strong>episcopo,</strong></span> <span class='ocrx_word' id='word_1_221' title='bbox 2858 1654 2953 1726; x_wconf 90' lang='lat' dir='ltr'><strong>qui</strong></span> <span class='ocrx_word' id='word_1_222' title='bbox 2984 1665 3040 1709; x_wconf 89' lang='lat' dir='ltr'><strong>et</strong></span> <span class='ocrx_word' id='word_1_223' title='bbox 3081 1654 3282 1726; x_wconf 91' lang='lat' dir='ltr'><strong>opibus</strong></span> <span class='ocrx_word' id='word_1_224' title='bbox 3319 1663 3376 1711; x_wconf 91' lang='lat' dir='ltr'><strong>et</strong></span> <span class='ocrx_word' id='word_1_225' title='bbox 3439 1654 3671 1710; x_wconf 44' lang='lat' dir='ltr'><strong>crudeli.</strong></span> 
     </span>
    </p>
   </div>
   <div class='ocr_carea' id='block_1_34' title="bbox 2082 1742 3677 1815">
    <p class='ocr_par' dir='ltr' id='par_1_34' title="bbox 2082 1742 3677 1815">
     <span class='ocr_line' id='line_1_34' title="bbox 2082 1742 3677 1815; baseline 0.002 -18"><span class='ocrx_word' id='word_1_226' title='bbox 2082 1750 2218 1812; x_wconf 86' lang='lat' dir='ltr'><strong>tate,</strong></span> <span class='ocrx_word' id='word_1_227' title='bbox 2248 1750 2305 1799; x_wconf 91' lang='lat' dir='ltr'><strong>et</strong></span> <span class='ocrx_word' id='word_1_228' title='bbox 2346 1742 2492 1813; x_wconf 91' lang='lat' dir='ltr'><strong>apud</strong></span> <span class='ocrx_word' id='word_1_229' title='bbox 2532 1742 2919 1815; x_wconf 83' lang='lat' dir='ltr'><strong>imperatorem</strong></span> <span class='ocrx_word' id='word_1_230' title='bbox 2954 1743 3339 1799; x_wconf 79' lang='lat' dir='ltr'><strong>COrtstantium</strong></span> <span class='ocrx_word' id='word_1_231' title='bbox 3387 1743 3677 1800; x_wconf 83' lang='lat' dir='ltr'><strong>familiari-</strong></span> 
     </span>
    </p>
   </div>
   <div class='ocr_carea' id='block_1_35' title="bbox 382 1812 1985 1921">
    <p class='ocr_par' dir='ltr' id='par_1_35' title="bbox 382 1812 1977 1921">
     <span class='ocr_line' id='line_1_35' title="bbox 382 1812 1977 1921; baseline 0 -21"><span class='ocrx_word' id='word_1_232' title='bbox 382 1848 503 1920; x_wconf 79' lang='grc' dir='ltr'><strong>ρὶᾳ,</strong></span> <span class='ocrx_word' id='word_1_233' title='bbox 549 1812 645 1900; x_wconf 74' lang='grc' dir='ltr'>καὶ</span> <span class='ocrx_word' id='word_1_234' title='bbox 670 1848 736 1919; x_wconf 80' lang='grc' dir='ltr'><strong>τῇ</strong></span> <span class='ocrx_word' id='word_1_235' title='bbox 785 1846 924 1920; x_wconf 82' lang='grc' dir='ltr'>πρὸς</span> <span class='ocrx_word' id='word_1_236' title='bbox 965 1812 1059 1901; x_wconf 57' lang='grc' dir='ltr'><strong>τδῖ</strong></span> <span class='ocrx_word' id='word_1_237' title='bbox 1097 1812 1323 1917; x_wconf 80' lang='grc' dir='ltr'>βασιλέα</span> <span class='ocrx_word' id='word_1_238' title='bbox 1364 1812 1748 1902; x_wconf 68' lang='grc' dir='ltr'>Κωνστάντιον</span> <span class='ocrx_word' id='word_1_239' title='bbox 1778 1812 1977 1917; x_wconf 69' lang='grc' dir='ltr'>γνώσέι</span> 
     </span>
    </p>
   </div>
   <div class='ocr_carea' id='block_1_36' title="bbox 2086 1812 3672 1921">
    <p class='ocr_par' dir='ltr' id='par_1_36' title="bbox 2086 1812 3672 1904">
     <span class='ocr_line' id='line_1_36' title="bbox 2086 1812 3672 1904; baseline -0.001 -15"><span class='ocrx_word' id='word_1_240' title='bbox 2086 1840 2195 1889; x_wconf 87' lang='lat' dir='ltr'><strong>tate</strong></span> <span class='ocrx_word' id='word_1_241' title='bbox 2237 1812 2404 1904; x_wconf 75' lang='lat' dir='ltr'><strong>atque</strong></span> <span class='ocrx_word' id='word_1_242' title='bbox 2453 1812 2689 1889; x_wconf 81' lang='lat' dir='ltr'><strong>audacia</strong></span> <span class='ocrx_word' id='word_1_243' title='bbox 2739 1833 3041 1903; x_wconf 90' lang='lat' dir='ltr'><strong>plurimum</strong></span> <span class='ocrx_word' id='word_1_244' title='bbox 3097 1839 3332 1903; x_wconf 85' lang='lat' dir='ltr'><strong>poterat.</strong></span> <span class='ocrx_word' id='word_1_245' title='bbox 3391 1832 3452 1889; x_wconf 86' lang='lat' dir='ltr'><strong>In</strong></span> <span class='ocrx_word' id='word_1_246' title='bbox 3486 1832 3672 1891; x_wconf 88' lang='lat' dir='ltr'><strong>eadem</strong></span> 
     </span>
    </p>
   </div>
   <div class='ocr_carea' id='block_1_37' title="bbox 379 1935 1978 2012">
    <p class='ocr_par' dir='ltr' id='par_1_37' title="bbox 379 1935 1978 2012">
     <span class='ocr_line' id='line_1_37' title="bbox 379 1935 1978 2012; baseline 0.002 -20"><span class='ocrx_word' id='word_1_247' title='bbox 379 1956 447 1993; x_wconf 89' lang='grc' dir='ltr'><strong>τε</strong></span> <span class='ocrx_word' id='word_1_248' title='bbox 481 1939 576 1994; x_wconf 73' lang='grc' dir='ltr'>καὶ</span> <span class='ocrx_word' id='word_1_249' title='bbox 608 1938 912 2012; x_wconf 76' lang='grc' dir='ltr'>παρρησίᾳ.</span> <span class='ocrx_word' id='word_1_250' title='bbox 936 1935 1047 1993; x_wconf 89' lang='grc' dir='ltr'>Ἦν</span> <span class='ocrx_word' id='word_1_251' title='bbox 1081 1938 1136 1992; x_wconf 88' lang='grc' dir='ltr'><strong>δὲ</strong></span> <span class='ocrx_word' id='word_1_252' title='bbox 1165 1937 1263 1993; x_wconf 71' lang='grc' dir='ltr'>καὶ</span> <span class='ocrx_word' id='word_1_253' title='bbox 1304 1937 1463 2003; x_wconf 74' lang='grc' dir='ltr'>ἄλλος</span> <span class='ocrx_word' id='word_1_254' title='bbox 1507 1956 1594 2003; x_wconf 86' lang='grc' dir='ltr'><strong>τις</strong></span> <span class='ocrx_word' id='word_1_255' title='bbox 1621 1937 1887 2012; x_wconf 83' lang='grc' dir='ltr'>νεώτερος</span> <span class='ocrx_word' id='word_1_256' title='bbox 1918 1941 1978 1995; x_wconf 84' lang='grc' dir='ltr'>ἐν</span> 
     </span>
    </p>
   </div>
   <div class='ocr_carea' id='block_1_38' title="bbox 380 2029 1980 2103">
    <p class='ocr_par' dir='ltr' id='par_1_38' title="bbox 380 2029 1980 2103">
     <span class='ocr_line' id='line_1_38' title="bbox 380 2029 1980 2103; baseline 0.002 -20"><span class='ocrx_word' id='word_1_257' title='bbox 380 2031 452 2101; x_wconf 81' lang='grc' dir='ltr'><strong>τῇ</strong></span> <span class='ocrx_word' id='word_1_258' title='bbox 507 2030 661 2084; x_wconf 88' lang='grc' dir='ltr'>πόλει</span> <span class='ocrx_word' id='word_1_259' title='bbox 712 2029 821 2084; x_wconf 76' lang='grc' dir='ltr'><strong>ἀπὸ</strong></span> <span class='ocrx_word' id='word_1_260' title='bbox 881 2030 1151 2103; x_wconf 80' lang='grc' dir='ltr'>Ἐϐραίων</span> <span class='ocrx_word' id='word_1_261' title='bbox 1204 2030 1380 2103; x_wconf 82' lang='grc' dir='ltr'>ὀρθῶς</span> <span class='ocrx_word' id='word_1_262' title='bbox 1442 2029 1735 2100; x_wconf 82' lang='grc' dir='ltr'>πιστεύων,</span> <span class='ocrx_word' id='word_1_263' title='bbox 1769 2032 1829 2097; x_wconf 82' lang='grc' dir='ltr'>ὃς</span> <span class='ocrx_word' id='word_1_264' title='bbox 1878 2032 1980 2086; x_wconf 85' lang='grc' dir='ltr'><strong>οὑκ</strong></span> 
     </span>
    </p>
   </div>
   <div class='ocr_carea' id='block_1_39' title="bbox 381 2120 1981 2196">
    <p class='ocr_par' dir='ltr' id='par_1_39' title="bbox 381 2120 1981 2196">
     <span class='ocr_line' id='line_1_39' title="bbox 381 2120 1981 2196; baseline 0.002 -21"><span class='ocrx_word' id='word_1_265' title='bbox 381 2120 589 2192; x_wconf 78' lang='grc' dir='ltr'>ἐτόλμα</span> <span class='ocrx_word' id='word_1_266' title='bbox 648 2122 792 2177; x_wconf 80' lang='grc' dir='ltr'>κατὰ</span> <span class='ocrx_word' id='word_1_267' title='bbox 841 2122 901 2177; x_wconf 82' lang='grc' dir='ltr'>τὸ</span> <span class='ocrx_word' id='word_1_268' title='bbox 947 2122 1201 2195; x_wconf 79' lang='grc' dir='ltr'>φανερὸν,</span> <span class='ocrx_word' id='word_1_269' title='bbox 1231 2122 1367 2177; x_wconf 81' lang='grc' dir='ltr'>ἀλλὰ</span> <span class='ocrx_word' id='word_1_270' title='bbox 1393 2123 1488 2177; x_wconf 73' lang='grc' dir='ltr'>καὶ</span> <span class='ocrx_word' id='word_1_271' title='bbox 1524 2124 1808 2196; x_wconf 79' lang='grc' dir='ltr'>κρυφαίως</span> <span class='ocrx_word' id='word_1_272' title='bbox 1832 2124 1981 2195; x_wconf 80' lang='grc' dir='ltr'>ἡμᾶς</span> 
     </span>
    </p>
   </div>
   <div class='ocr_carea' id='block_1_40' title="bbox 380 2212 1980 2286">
    <p class='ocr_par' dir='ltr' id='par_1_40' title="bbox 380 2212 1980 2286">
     <span class='ocr_line' id='line_1_40' title="bbox 380 2212 1980 2286; baseline 0.001 -19"><span class='ocrx_word' id='word_1_273' title='bbox 380 2213 777 2267; x_wconf 73' lang='grc' dir='ltr'>ἐπεσκέπτετο.</span> <span class='ocrx_word' id='word_1_274' title='bbox 805 2212 1038 2269; x_wconf 84' lang='grc' dir='ltr'>Πιθανὸν</span> <span class='ocrx_word' id='word_1_275' title='bbox 1066 2214 1123 2268; x_wconf 90' lang='grc' dir='ltr'>δέ</span> <span class='ocrx_word' id='word_1_276' title='bbox 1149 2233 1202 2269; x_wconf 92' lang='grc' dir='ltr'><strong>τι</strong></span> <span class='ocrx_word' id='word_1_277' title='bbox 1229 2216 1258 2270; x_wconf 91' lang='grc' dir='ltr'>ὁ</span> <span class='ocrx_word' id='word_1_278' title='bbox 1297 2214 1559 2286; x_wconf 83' lang='grc' dir='ltr'>Ἰώσηπος</span> <span class='ocrx_word' id='word_1_279' title='bbox 1577 2215 1670 2269; x_wconf 73' lang='grc' dir='ltr'>καὶ</span> <span class='ocrx_word' id='word_1_280' title='bbox 1695 2214 1980 2286; x_wconf 85' lang='grc' dir='ltr'>γελοιῶδες</span> 
     </span>
    </p>
   </div>
   <div class='ocr_carea' id='block_1_41' title="bbox 384 2300 1982 2377">
    <p class='ocr_par' dir='ltr' id='par_1_41' title="bbox 384 2300 1982 2377">
     <span class='ocr_line' id='line_1_41' title="bbox 384 2300 1982 2377; baseline 0.002 -20"><span class='ocrx_word' id='word_1_281' title='bbox 384 2306 687 2376; x_wconf 79' lang='grc' dir='ltr'>ὑφηγεῖτο’</span> <span class='ocrx_word' id='word_1_282' title='bbox 712 2300 866 2377; x_wconf 79' lang='grc' dir='ltr'>οἶμαι</span> <span class='ocrx_word' id='word_1_283' title='bbox 891 2305 948 2360; x_wconf 80' lang='grc' dir='ltr'><strong>δὲ</strong></span> <span class='ocrx_word' id='word_1_284' title='bbox 999 2305 1193 2369; x_wconf 89' lang='grc' dir='ltr'>ταῦτα,</span> <span class='ocrx_word' id='word_1_285' title='bbox 1225 2304 1308 2360; x_wconf 78' lang='grc' dir='ltr'>ὅτι</span> <span class='ocrx_word' id='word_1_286' title='bbox 1354 2305 1450 2360; x_wconf 77' lang='grc' dir='ltr'><strong>καὶ</strong></span> <span class='ocrx_word' id='word_1_287' title='bbox 1482 2305 1771 2376; x_wconf 82' lang='grc' dir='ltr'>ὴλήθευεν.</span> <span class='ocrx_word' id='word_1_288' title='bbox 1806 2307 1982 2376; x_wconf 86' lang='grc' dir='ltr'>Ἐφα-</span> 
     </span>
    </p>
   </div>
   <div class='ocr_carea' id='block_1_42' title="bbox 385 2395 1981 2470">
    <p class='ocr_par' dir='ltr' id='par_1_42' title="bbox 385 2395 1981 2470">
     <span class='ocr_line' id='line_1_42' title="bbox 385 2395 1981 2470; baseline 0.001 -21"><span class='ocrx_word' id='word_1_289' title='bbox 385 2412 489 2449; x_wconf 88' lang='grc' dir='ltr'><strong>σκε</strong></span> <span class='ocrx_word' id='word_1_290' title='bbox 518 2395 647 2469; x_wconf 78' lang='grc' dir='ltr'>γὰρ,</span> <span class='ocrx_word' id='word_1_291' title='bbox 679 2397 785 2462; x_wconf 87' lang='grc' dir='ltr'>ὄτι,</span> <span class='ocrx_word' id='word_1_292' title='bbox 816 2395 1227 2470; x_wconf 81' lang='grc' dir='ltr'>τελευτησάσης</span> <span class='ocrx_word' id='word_1_293' title='bbox 1250 2398 1351 2469; x_wconf 87' lang='grc' dir='ltr'>τῆς</span> <span class='ocrx_word' id='word_1_294' title='bbox 1399 2395 1566 2452; x_wconf 87' lang='grc' dir='ltr'>αὑτοῦ</span> <span class='ocrx_word' id='word_1_295' title='bbox 1608 2397 1861 2469; x_wconf 78' lang='grc' dir='ltr'>συμΰίου,</span> <span class='ocrx_word' id='word_1_296' title='bbox 1895 2396 1981 2451; x_wconf 71' lang='lat' dir='ltr'><strong>Bs-</strong></span> 
     </span>
    </p>
   </div>
   <div class='ocr_carea' id='block_1_43' title="bbox 382 2488 1983 2564">
    <p class='ocr_par' dir='ltr' id='par_1_43' title="bbox 382 2488 1983 2564">
     <span class='ocr_line' id='line_1_43' title="bbox 382 2488 1983 2564; baseline -0.001 -19"><span class='ocrx_word' id='word_1_297' title='bbox 382 2488 518 2554; x_wconf 79' lang='grc' dir='ltr'>διὼς</span> <span class='ocrx_word' id='word_1_298' title='bbox 548 2492 621 2563; x_wconf 83' lang='grc' dir='ltr'><strong>μή</strong></span> <span class='ocrx_word' id='word_1_299' title='bbox 651 2508 728 2564; x_wconf 86' lang='grc' dir='ltr'><strong>πη</strong></span> <span class='ocrx_word' id='word_1_300' title='bbox 779 2490 889 2563; x_wconf 77' lang='grc' dir='ltr'>ἄρα</span> <span class='ocrx_word' id='word_1_301' title='bbox 935 2491 1254 2563; x_wconf 79' lang='grc' dir='ltr'>ἁρπάζωσιν</span> <span class='ocrx_word' id='word_1_302' title='bbox 1284 2491 1446 2546; x_wconf 76' lang='grc' dir='ltr'>αὑτὸν</span> <span class='ocrx_word' id='word_1_303' title='bbox 1476 2492 1526 2545; x_wconf 93' lang='grc' dir='ltr'><strong>οἱ</strong></span> <span class='ocrx_word' id='word_1_304' title='bbox 1565 2490 1856 2562; x_wconf 78' lang='grc' dir='ltr'>Ἀρειανοὶ,</span> <span class='ocrx_word' id='word_1_305' title='bbox 1886 2490 1983 2545; x_wconf 74' lang='grc' dir='ltr'>καὶ</span> 
     </span>
    </p>
   </div>
   <div class='ocr_carea' id='block_1_44' title="bbox 385 2580 1982 2657">
    <p class='ocr_par' dir='ltr' id='par_1_44' title="bbox 385 2580 1982 2657">
     <span class='ocr_line' id='line_1_44' title="bbox 385 2580 1982 2657; baseline 0 -21"><span class='ocrx_word' id='word_1_306' title='bbox 385 2583 778 2654; x_wconf 82' lang='grc' dir='ltr'>καταστήσωσι</span> <span class='ocrx_word' id='word_1_307' title='bbox 808 2583 1089 2656; x_wconf 84' lang='grc' dir='ltr'>κληρικόν.</span> <span class='ocrx_word' id='word_1_308' title='bbox 1115 2580 1383 2649; x_wconf 81' lang='grc' dir='ltr'><strong>Πολλάκις</strong></span> <span class='ocrx_word' id='word_1_309' title='bbox 1414 2584 1524 2657; x_wconf 82' lang='grc' dir='ltr'><strong>γὰρ</strong></span> <span class='ocrx_word' id='word_1_310' title='bbox 1552 2582 1982 2648; x_wconf 88' lang='grc' dir='ltr'>κολακεύσαντες</span> 
     </span>
    </p>
   </div>
   <div class='ocr_carea' id='block_1_45' title="bbox 386 2673 1982 2749">
    <p class='ocr_par' dir='ltr' id='par_1_45' title="bbox 386 2673 1982 2749">
     <span class='ocr_line' id='line_1_45' title="bbox 386 2673 1982 2749; baseline 0 -21"><span class='ocrx_word' id='word_1_311' title='bbox 386 2674 558 2728; x_wconf 67' lang='grc' dir='ltr'>αὑτὸν</span> <span class='ocrx_word' id='word_1_312' title='bbox 597 2675 886 2748; x_wconf 83' lang='grc' dir='ltr'>πεισθῆναι</span> <span class='ocrx_word' id='word_1_313' title='bbox 930 2679 997 2749; x_wconf 82' lang='grc' dir='ltr'><strong>τῇ</strong></span> <span class='ocrx_word' id='word_1_314' title='bbox 1048 2678 1283 2748; x_wconf 76' lang='grc' dir='ltr'>αἱρέσει,</span> <span class='ocrx_word' id='word_1_315' title='bbox 1320 2675 1681 2749; x_wconf 80' lang='grc' dir='ltr'>ὑπισχνοῦντο</span> <span class='ocrx_word' id='word_1_316' title='bbox 1731 2673 1982 2747; x_wconf 76' lang='grc' dir='ltr'>μείζονας</span> 
     </span>
    </p>
   </div>
   <div class='ocr_carea' id='block_1_46' title="bbox 385 2762 1979 2838">
    <p class='ocr_par' dir='ltr' id='par_1_46' title="bbox 385 2762 1979 2838">
     <span class='ocr_line' id='line_1_46' title="bbox 385 2762 1979 2838; baseline -0.001 -21"><span class='ocrx_word' id='word_1_317' title='bbox 385 2765 698 2838; x_wconf 83' lang='grc' dir='ltr'>προκοπὰς,</span> <span class='ocrx_word' id='word_1_318' title='bbox 738 2768 785 2820; x_wconf 88' lang='grc' dir='ltr'><strong>εί</strong></span> <span class='ocrx_word' id='word_1_319' title='bbox 817 2764 934 2820; x_wconf 82' lang='grc' dir='ltr'>δέον</span> <span class='ocrx_word' id='word_1_320' title='bbox 963 2765 1058 2820; x_wconf 71' lang='grc' dir='ltr'>καὶ</span> <span class='ocrx_word' id='word_1_321' title='bbox 1091 2763 1399 2837; x_wconf 77' lang='grc' dir='ltr'>ἐπισκοπῆς</span> <span class='ocrx_word' id='word_1_322' title='bbox 1453 2764 1622 2820; x_wconf 72' lang='grc' dir='ltr'>αὐτὸν</span> <span class='ocrx_word' id='word_1_323' title='bbox 1665 2762 1979 2828; x_wconf 80' lang='grc' dir='ltr'>καταξιοῦν.</span> 
     </span>
    </p>
   </div>
   <div class='ocr_carea' id='block_1_47' title="bbox 400 2855 1984 2930">
    <p class='ocr_par' dir='ltr' id='par_1_47' title="bbox 400 2855 1984 2930">
     <span class='ocr_line' id='line_1_47' title="bbox 400 2855 1984 2930; baseline -0.001 -20"><span class='ocrx_word' id='word_1_324' title='bbox 400 2857 463 2911; x_wconf 81' lang='lat'><strong>&#39;0</strong></span> <span class='ocrx_word' id='word_1_325' title='bbox 512 2856 570 2910; x_wconf 86' lang='grc' dir='ltr'><strong>δὲ</strong></span> <span class='ocrx_word' id='word_1_326' title='bbox 618 2857 824 2927; x_wconf 75' lang='grc' dir='ltr'>ἔφασκε</span> <span class='ocrx_word' id='word_1_327' title='bbox 872 2857 1064 2912; x_wconf 88' lang='grc' dir='ltr'>τούτου</span> <span class='ocrx_word' id='word_1_328' title='bbox 1109 2858 1273 2930; x_wconf 83' lang='grc' dir='ltr'>χάριν</span> <span class='ocrx_word' id='word_1_329' title='bbox 1339 2855 1611 2928; x_wconf 83' lang='grc' dir='ltr'>συνῆφθαι</span> <span class='ocrx_word' id='word_1_330' title='bbox 1672 2855 1769 2910; x_wconf 74' lang='grc' dir='ltr'>καὶ</span> <span class='ocrx_word' id='word_1_331' title='bbox 1819 2855 1984 2927; x_wconf 82' lang='grc' dir='ltr'>ἑτέρᾳ</span> 
     </span>
    </p>
   </div>
   <div class='ocr_carea' id='block_1_48' title="bbox 386 2948 1824 3029">
    <p class='ocr_par' dir='ltr' id='par_1_48' title="bbox 386 2948 1824 3029">
     <span class='ocr_line' id='line_1_48' title="bbox 386 2948 1824 3029; baseline -0.001 -26"><span class='ocrx_word' id='word_1_332' title='bbox 386 2950 632 3019; x_wconf 75' lang='grc' dir='ltr'>γυναικὶ,</span> <span class='ocrx_word' id='word_1_333' title='bbox 660 2950 809 3014; x_wconf 82' lang='grc' dir='ltr'>ὅπως</span> <span class='ocrx_word' id='word_1_334' title='bbox 830 2949 1107 3022; x_wconf 83' lang='grc' dir='ltr'>διαδράσοι</span> <span class='ocrx_word' id='word_1_335' title='bbox 1135 2948 1249 3029; x_wconf 36' lang='grc' dir='ltr'>τὰς)</span> <span class='ocrx_word' id='word_1_336' title='bbox 1261 2948 1442 3004; x_wconf 88' lang='grc' dir='ltr'>αὑτῶν</span> <span class='ocrx_word' id='word_1_337' title='bbox 1467 2948 1824 3022; x_wconf 82' lang='grc' dir='ltr'>χειροτονίας.</span> 
     </span>
    </p>
   </div>
   <div class='ocr_carea' id='block_1_49' title="bbox 2079 1921 3676 1995">
    <p class='ocr_par' dir='ltr' id='par_1_49' title="bbox 2079 1921 3676 1995">
     <span class='ocr_line' id='line_1_49' title="bbox 2079 1921 3676 1995; baseline -0.003 -14"><span class='ocrx_word' id='word_1_338' title='bbox 2079 1923 2247 1981; x_wconf 88' lang='lat' dir='ltr'><strong>etiam</strong></span> <span class='ocrx_word' id='word_1_339' title='bbox 2280 1924 2418 1980; x_wconf 88' lang='lat' dir='ltr'><strong>urbe</strong></span> <span class='ocrx_word' id='word_1_340' title='bbox 2449 1924 2672 1995; x_wconf 89' lang='lat' dir='ltr'><strong>quidam</strong></span> <span class='ocrx_word' id='word_1_341' title='bbox 2705 1932 2822 1978; x_wconf 90' lang='lat' dir='ltr'><strong>erat</strong></span> <span class='ocrx_word' id='word_1_342' title='bbox 2856 1932 3016 1979; x_wconf 66' lang='lat' dir='ltr'><strong>aetate</strong></span> <span class='ocrx_word' id='word_1_343' title='bbox 3059 1923 3270 1995; x_wconf 87' lang='lat' dir='ltr'><strong>junior,</strong></span> <span class='ocrx_word' id='word_1_344' title='bbox 3306 1924 3398 1995; x_wconf 90' lang='lat' dir='ltr'><strong>qui</strong></span> <span class='ocrx_word' id='word_1_345' title='bbox 3427 1939 3458 1979; x_wconf 90' lang='lat' dir='ltr'><strong>e</strong></span> <span class='ocrx_word' id='word_1_346' title='bbox 3489 1921 3676 1978; x_wconf 69' lang='lat' dir='ltr'><strong>Iudaeo</strong></span> 
     </span>
    </p>
   </div>
   <div class='ocr_carea' id='block_1_50' title="bbox 2079 2013 3675 2079">
    <p class='ocr_par' dir='ltr' id='par_1_50' title="bbox 2079 2013 3675 2079">
     <span class='ocr_line' id='line_1_50' title="bbox 2079 2013 3675 2079; baseline -0.003 -9"><span class='ocrx_word' id='word_1_347' title='bbox 2079 2015 2368 2071; x_wconf 91' lang='lat' dir='ltr'><strong>traductus</strong></span> <span class='ocrx_word' id='word_1_348' title='bbox 2412 2015 2482 2071; x_wconf 88' lang='lat' dir='ltr'><strong>ad</strong></span> <span class='ocrx_word' id='word_1_349' title='bbox 2516 2014 2797 2071; x_wconf 88' lang='lat' dir='ltr'><strong>Christum</strong></span> <span class='ocrx_word' id='word_1_350' title='bbox 2848 2016 3125 2070; x_wconf 85' lang='lat' dir='ltr'><strong>sinceram</strong></span> <span class='ocrx_word' id='word_1_351' title='bbox 3163 2013 3326 2069; x_wconf 83' lang='lat' dir='ltr'><strong>fidem</strong></span> <span class='ocrx_word' id='word_1_352' title='bbox 3364 2013 3675 2079; x_wconf 85' lang='lat' dir='ltr'><strong>retinebat;</strong></span> 
     </span>
    </p>
   </div>
   <div class='ocr_carea' id='block_1_51' title="bbox 2079 2096 3745 2180">
    <p class='ocr_par' dir='ltr' id='par_1_51' title="bbox 2079 2096 3745 2180">
     <span class='ocr_line' id='line_1_51' title="bbox 2079 2096 3745 2180; baseline -0.004 -15"><span class='ocrx_word' id='word_1_353' title='bbox 2079 2109 2238 2180; x_wconf 87' lang='lat' dir='ltr'><strong>isque</strong></span> <span class='ocrx_word' id='word_1_354' title='bbox 2264 2108 2413 2178; x_wconf 86' lang='lat' dir='ltr'><strong>quod</strong></span> <span class='ocrx_word' id='word_1_355' title='bbox 2451 2096 2678 2163; x_wconf 85' lang='lat' dir='ltr'><strong>minime</strong></span> <span class='ocrx_word' id='word_1_356' title='bbox 2723 2106 2903 2178; x_wconf 86' lang='lat' dir='ltr'><strong>palam</strong></span> <span class='ocrx_word' id='word_1_357' title='bbox 2952 2106 3199 2171; x_wconf 89' lang='lat' dir='ltr'><strong>auderet,</strong></span> <span class='ocrx_word' id='word_1_358' title='bbox 3254 2105 3565 2161; x_wconf 88' lang='lat' dir='ltr'><strong>clanculum</strong></span> <span class='ocrx_word' id='word_1_359' title='bbox 3608 2106 3676 2160; x_wconf 84' lang='lat' dir='ltr'><strong>ad</strong></span> <span class='ocrx_word' id='word_1_360' title='bbox 3744 2142 3745 2145; x_wconf 60' lang='grc' dir='ltr'><strong>η</strong></span> 
     </span>
    </p>
   </div>
   <div class='ocr_carea' id='block_1_52' title="bbox 2080 2196 3678 2270">
    <p class='ocr_par' dir='ltr' id='par_1_52' title="bbox 2080 2196 3678 2270">
     <span class='ocr_line' id='line_1_52' title="bbox 2080 2196 3678 2270; baseline -0.003 -12"><span class='ocrx_word' id='word_1_361' title='bbox 2080 2216 2183 2259; x_wconf 81' lang='lat' dir='ltr'><strong>nos</strong></span> <span class='ocrx_word' id='word_1_362' title='bbox 2214 2201 2490 2258; x_wconf 79' lang='lat' dir='ltr'><strong>veniebat.</strong></span> <span class='ocrx_word' id='word_1_363' title='bbox 2536 2199 2644 2257; x_wconf 89' lang='lat' dir='ltr'><strong>Sed</strong></span> <span class='ocrx_word' id='word_1_364' title='bbox 2695 2196 2971 2270; x_wconf 80' lang='lat' dir='ltr'><strong>Josephus</strong></span> <span class='ocrx_word' id='word_1_365' title='bbox 3004 2198 3247 2270; x_wconf 87' lang='lat' dir='ltr'><strong>lepidum</strong></span> <span class='ocrx_word' id='word_1_366' title='bbox 3275 2197 3539 2268; x_wconf 88' lang='lat' dir='ltr'><strong>quiddam</strong></span> <span class='ocrx_word' id='word_1_367' title='bbox 3569 2211 3678 2253; x_wconf 92' lang='lat' dir='ltr'><strong>no-</strong></span> 
     </span>
    </p>
   </div>
   <div class='ocr_carea' id='block_1_53' title="bbox 2078 2286 3680 2359">
    <p class='ocr_par' dir='ltr' id='par_1_53' title="bbox 2078 2286 3680 2359">
     <span class='ocr_line' id='line_1_53' title="bbox 2078 2286 3680 2359; baseline -0.006 -8"><span class='ocrx_word' id='word_1_368' title='bbox 2078 2295 2168 2352; x_wconf 89' lang='lat' dir='ltr'><strong>bis</strong></span> <span class='ocrx_word' id='word_1_369' title='bbox 2216 2309 2282 2350; x_wconf 89' lang='lat' dir='ltr'><strong>ac</strong></span> <span class='ocrx_word' id='word_1_370' title='bbox 2336 2293 2634 2350; x_wconf 91' lang='lat' dir='ltr'><strong>ridiculum</strong></span> <span class='ocrx_word' id='word_1_371' title='bbox 2692 2290 2975 2356; x_wconf 88' lang='lat' dir='ltr'><strong>narrabat,</strong></span> <span class='ocrx_word' id='word_1_372' title='bbox 3027 2306 3132 2347; x_wconf 91' lang='lat' dir='ltr'><strong>nec</strong></span> <span class='ocrx_word' id='word_1_373' title='bbox 3177 2287 3545 2359; x_wconf 46' lang='lat' dir='ltr'><strong>dubito‘quin</strong></span> <span class='ocrx_word' id='word_1_374' title='bbox 3606 2286 3680 2343; x_wconf 89' lang='lat' dir='ltr'><strong>sit</strong></span> 
     </span>
    </p>
   </div>
   <div class='ocr_carea' id='block_1_54' title="bbox 2082 2380 3678 2452">
    <p class='ocr_par' dir='ltr' id='par_1_54' title="bbox 2082 2380 3678 2452">
     <span class='ocr_line' id='line_1_54' title="bbox 2082 2380 3678 2452; baseline -0.008 -7"><span class='ocrx_word' id='word_1_375' title='bbox 2082 2387 2459 2445; x_wconf 84' lang='lat' dir='ltr'><strong>verissimum.</strong></span> <span class='ocrx_word' id='word_1_376' title='bbox 2491 2386 2687 2443; x_wconf 86' lang='lat' dir='ltr'><strong>Aiebat</strong></span> <span class='ocrx_word' id='word_1_377' title='bbox 2719 2384 2866 2442; x_wconf 91' lang='lat' dir='ltr'><strong>enim</strong></span> <span class='ocrx_word' id='word_1_378' title='bbox 2913 2390 3133 2439; x_wconf 90' lang='lat' dir='ltr'><strong>mortua</strong></span> <span class='ocrx_word' id='word_1_379' title='bbox 3177 2381 3413 2452; x_wconf 78' lang='lat' dir='ltr'><strong>conjuge</strong></span> <span class='ocrx_word' id='word_1_380' title='bbox 3448 2380 3678 2435; x_wconf 89' lang='lat' dir='ltr'><strong>veritum</strong></span> 
     </span>
    </p>
   </div>
   <div class='ocr_carea' id='block_1_55' title="bbox 2083 2470 3677 2544">
    <p class='ocr_par' dir='ltr' id='par_1_55' title="bbox 2083 2470 3677 2544">
     <span class='ocr_line' id='line_1_55' title="bbox 2083 2470 3677 2544; baseline -0.007 -10"><span class='ocrx_word' id='word_1_381' title='bbox 2083 2492 2145 2534; x_wconf 82' lang='lat' dir='ltr'><strong>se</strong></span> <span class='ocrx_word' id='word_1_382' title='bbox 2174 2491 2244 2533; x_wconf 89' lang='lat' dir='ltr'><strong>ne</strong></span> <span class='ocrx_word' id='word_1_383' title='bbox 2269 2477 2339 2532; x_wconf 86' lang='lat' dir='ltr'><strong>ab</strong></span> <span class='ocrx_word' id='word_1_384' title='bbox 2363 2475 2582 2532; x_wconf 80' lang='lat' dir='ltr'><strong>Arianis</strong></span> <span class='ocrx_word' id='word_1_385' title='bbox 2608 2474 2877 2531; x_wconf 82' lang='lat' dir='ltr'><strong>violenter</strong></span> <span class='ocrx_word' id='word_1_386' title='bbox 2906 2474 3170 2544; x_wconf 89' lang='lat' dir='ltr'><strong>abreptus</strong></span> <span class='ocrx_word' id='word_1_387' title='bbox 3201 2472 3441 2527; x_wconf 88' lang='lat' dir='ltr'><strong>clericus</strong></span> <span class='ocrx_word' id='word_1_388' title='bbox 3487 2470 3677 2536; x_wconf 79' lang='lat' dir='ltr'><strong>ﬁeret;</strong></span> 
     </span>
    </p>
   </div>
   <div class='ocr_carea' id='block_1_56' title="bbox 2085 2561 3679 2640">
    <p class='ocr_par' dir='ltr' id='par_1_56' title="bbox 2085 2561 3679 2640">
     <span class='ocr_line' id='line_1_56' title="bbox 2085 2561 3679 2640; baseline -0.006 -15"><span class='ocrx_word' id='word_1_389' title='bbox 2085 2585 2230 2640; x_wconf 68' lang='lat' dir='ltr'><strong>saepe</strong></span> <span class='ocrx_word' id='word_1_390' title='bbox 2267 2568 2415 2625; x_wconf 89' lang='lat' dir='ltr'><strong>enim</strong></span> <span class='ocrx_word' id='word_1_391' title='bbox 2447 2566 2648 2624; x_wconf 90' lang='lat' dir='ltr'><strong>blande</strong></span> <span class='ocrx_word' id='word_1_392' title='bbox 2680 2567 2836 2622; x_wconf 92' lang='lat' dir='ltr'><strong>illum</strong></span> <span class='ocrx_word' id='word_1_393' title='bbox 2882 2566 3168 2629; x_wconf 88' lang='lat' dir='ltr'><strong>adeuntes,</strong></span> <span class='ocrx_word' id='word_1_394' title='bbox 3198 2571 3257 2619; x_wconf 90' lang='lat' dir='ltr'><strong>ut</strong></span> <span class='ocrx_word' id='word_1_395' title='bbox 3295 2564 3359 2618; x_wconf 88' lang='lat' dir='ltr'><strong>ad</strong></span> <span class='ocrx_word' id='word_1_396' title='bbox 3406 2576 3560 2618; x_wconf 89' lang='lat' dir='ltr'><strong>suam</strong></span> <span class='ocrx_word' id='word_1_397' title='bbox 3594 2561 3679 2616; x_wconf 73' lang='lat' dir='ltr'><strong>fa-</strong></span> 
     </span>
    </p>
   </div>
   <div class='ocr_carea' id='block_1_57' title="bbox 2092 2656 3757 2726">
    <p class='ocr_par' dir='ltr' id='par_1_57' title="bbox 2092 2656 3757 2726">
     <span class='ocr_line' id='line_1_57' title="bbox 2092 2656 3757 2726; baseline -0.005 -9"><span class='ocrx_word' id='word_1_398' title='bbox 2092 2661 2331 2717; x_wconf 90' lang='lat' dir='ltr'><strong>ctionem</strong></span> <span class='ocrx_word' id='word_1_399' title='bbox 2361 2662 2626 2717; x_wconf 88' lang='lat' dir='ltr'><strong>transiret</strong></span> <span class='ocrx_word' id='word_1_400' title='bbox 2664 2660 3047 2725; x_wconf 85' lang='lat' dir='ltr'><strong>hortabantur,</strong></span> <span class='ocrx_word' id='word_1_401' title='bbox 3081 2670 3146 2712; x_wconf 87' lang='lat' dir='ltr'><strong>ac</strong></span> <span class='ocrx_word' id='word_1_402' title='bbox 3177 2656 3402 2726; x_wconf 85' lang='lat' dir='ltr'><strong>majoris</strong></span> <span class='ocrx_word' id='word_1_403' title='bbox 3430 2670 3527 2725; x_wconf 83' lang='lat' dir='ltr'><strong>spe</strong></span> <span class='ocrx_word' id='word_1_404' title='bbox 3555 2668 3680 2724; x_wconf 88' lang='lat' dir='ltr'><strong>pro-</strong></span> <span class='ocrx_word' id='word_1_405' title='bbox 3743 2657 3757 2670; x_wconf 86' lang='lat'><strong>‘</strong></span> 
     </span>
    </p>
   </div>
   <div class='ocr_carea' id='block_1_58' title="bbox 2046 2738 3682 2820">
    <p class='ocr_par' dir='ltr' id='par_1_58' title="bbox 2046 2738 3682 2820">
     <span class='ocr_line' id='line_1_58' title="bbox 2046 2738 3682 2820; baseline -0.009 -6"><span class='ocrx_word' id='word_1_406' title='bbox 2046 2754 2049 2759; x_wconf 78' lang='grc'><em>’</em></span> <span class='ocrx_word' id='word_1_407' title='bbox 2086 2772 2277 2814; x_wconf 84' lang='lat' dir='ltr'><strong>cessus</strong></span> <span class='ocrx_word' id='word_1_408' title='bbox 2314 2754 2651 2820; x_wconf 87' lang='lat' dir='ltr'><strong>alliciehant,</strong></span> <span class='ocrx_word' id='word_1_409' title='bbox 2697 2760 2760 2809; x_wconf 90' lang='lat' dir='ltr'><strong>ut</strong></span> <span class='ocrx_word' id='word_1_410' title='bbox 2776 2738 2885 2809; x_wconf 61' lang='grc' dir='ltr'>’νει</span> <span class='ocrx_word' id='word_1_411' title='bbox 2906 2752 2953 2809; x_wconf 90' lang='lat' dir='ltr'><strong>si</strong></span> <span class='ocrx_word' id='word_1_412' title='bbox 2985 2765 3213 2807; x_wconf 88' lang='lat' dir='ltr'><strong>necesse</strong></span> <span class='ocrx_word' id='word_1_413' title='bbox 3238 2748 3378 2804; x_wconf 90' lang='lat' dir='ltr'><strong>foret</strong></span> <span class='ocrx_word' id='word_1_414' title='bbox 3399 2746 3682 2818; x_wconf 78' lang='lat' dir='ltr'><strong>episcopa-</strong></span> 
     </span>
    </p>
   </div>
   <div class='ocr_carea' id='block_1_59' title="bbox 2087 2839 3685 2917">
    <p class='ocr_par' dir='ltr' id='par_1_59' title="bbox 2087 2839 3685 2917">
     <span class='ocr_line' id='line_1_59' title="bbox 2087 2839 3685 2917; baseline -0.006 -14"><span class='ocrx_word' id='word_1_415' title='bbox 2087 2857 2205 2903; x_wconf 92' lang='lat' dir='ltr'><strong>tum</strong></span> <span class='ocrx_word' id='word_1_416' title='bbox 2264 2846 2642 2904; x_wconf 84' lang='lat' dir='ltr'><strong>ostenderent.</strong></span> <span class='ocrx_word' id='word_1_417' title='bbox 2691 2844 2898 2903; x_wconf 85' lang='lat' dir='ltr'><strong>Horum</strong></span> <span class='ocrx_word' id='word_1_418' title='bbox 2934 2844 3105 2917; x_wconf 87' lang='lat' dir='ltr'><strong>igitur</strong></span> <span class='ocrx_word' id='word_1_419' title='bbox 3152 2850 3300 2896; x_wconf 88' lang='lat' dir='ltr'><strong>metu</strong></span> <span class='ocrx_word' id='word_1_420' title='bbox 3354 2839 3584 2894; x_wconf 83' lang='lat' dir='ltr'><strong>alterum</strong></span> <span class='ocrx_word' id='word_1_421' title='bbox 3612 2853 3685 2893; x_wconf 80' lang='lat' dir='ltr'><strong>se</strong></span> 
     </span>
    </p>
   </div>
   <div class='ocr_carea' id='block_1_60' title="bbox 2086 2932 3684 3006">
    <p class='ocr_par' dir='ltr' id='par_1_60' title="bbox 2086 2932 3684 3006">
     <span class='ocr_line' id='line_1_60' title="bbox 2086 2932 3684 3006; baseline -0.008 -11"><span class='ocrx_word' id='word_1_422' title='bbox 2086 2942 2501 2995; x_wconf 81' lang='lat' dir='ltr'><strong>atrimonium</strong></span> <span class='ocrx_word' id='word_1_423' title='bbox 2556 2941 2748 2995; x_wconf 85' lang='lat' dir='ltr'><strong>iniisse</strong></span> <span class='ocrx_word' id='word_1_424' title='bbox 2796 2938 3038 3004; x_wconf 89' lang='lat' dir='ltr'><strong>dicebat,</strong></span> <span class='ocrx_word' id='word_1_425' title='bbox 3088 2949 3200 3006; x_wconf 91' lang='lat' dir='ltr'><strong>quo</strong></span> <span class='ocrx_word' id='word_1_426' title='bbox 3242 2948 3302 2990; x_wconf 91' lang='lat' dir='ltr'><strong>se</strong></span> <span class='ocrx_word' id='word_1_427' title='bbox 3335 2933 3405 2987; x_wconf 92' lang='lat' dir='ltr'><strong>ab</strong></span> <span class='ocrx_word' id='word_1_428' title='bbox 3435 2932 3529 2985; x_wconf 89' lang='lat' dir='ltr'><strong>illa</strong></span> <span class='ocrx_word' id='word_1_429' title='bbox 3564 2943 3684 2984; x_wconf 79' lang='lat' dir='ltr'><strong>ma-</strong></span> 
     </span>
    </p>
   </div>
   <div class='ocr_carea' id='block_1_61' title="bbox 2084 3029 2962 3100">
    <p class='ocr_par' dir='ltr' id='par_1_61' title="bbox 2084 3029 2962 3100">
     <span class='ocr_line' id='line_1_61' title="bbox 2084 3029 2962 3100; baseline -0.006 -15"><span class='ocrx_word' id='word_1_430' title='bbox 2084 3046 2257 3085; x_wconf 89' lang='lat' dir='ltr'><strong>nuum</strong></span> <span class='ocrx_word' id='word_1_431' title='bbox 2293 3029 2647 3100; x_wconf 89' lang='lat' dir='ltr'><strong>impositione</strong></span> <span class='ocrx_word' id='word_1_432' title='bbox 2681 3029 2962 3083; x_wconf 86' lang='lat' dir='ltr'><strong>liberaret.</strong></span> 
     </span>
    </p>
   </div>
   <div class='ocr_carea' id='block_1_62' title="bbox 462 3112 1985 3210">
    <p class='ocr_par' dir='ltr' id='par_1_62' title="bbox 462 3119 1983 3195">
     <span class='ocr_line' id='line_1_62' title="bbox 462 3119 1983 3195; baseline -0.001 -20"><span class='ocrx_word' id='word_1_433' title='bbox 462 3120 556 3187; x_wconf 72' lang='grc' dir='ltr'><strong>ς’.</strong></span> <span class='ocrx_word' id='word_1_434' title='bbox 603 3122 764 3177; x_wconf 82' lang='grc' dir='ltr'>Ἀλλὰ</span> <span class='ocrx_word' id='word_1_435' title='bbox 796 3123 1052 3195; x_wconf 69' lang='grc' dir='ltr'>ἐπάνειμι</span> <span class='ocrx_word' id='word_1_436' title='bbox 1100 3125 1199 3195; x_wconf 84' lang='grc' dir='ltr'>τὴν</span> <span class='ocrx_word' id='word_1_437' title='bbox 1249 3124 1523 3195; x_wconf 78' lang='grc' dir='ltr'>ὑφήγησιν</span> <span class='ocrx_word' id='word_1_438' title='bbox 1569 3123 1672 3193; x_wconf 82' lang='grc' dir='ltr'>τῆς</span> <span class='ocrx_word' id='word_1_439' title='bbox 1718 3119 1861 3176; x_wconf 77' lang='grc' dir='ltr'>κατὰ</span> <span class='ocrx_word' id='word_1_440' title='bbox 1889 3121 1983 3175; x_wconf 79' lang='grc' dir='ltr'>τὸν</span> 
     </span>
    </p>
   </div>
   <div class='ocr_carea' id='block_1_63' title="bbox 2086 3112 3683 3210">
    <p class='ocr_par' dir='ltr' id='par_1_63' title="bbox 2157 3112 3683 3193">
     <span class='ocr_line' id='line_1_63' title="bbox 2157 3112 3683 3193; baseline -0.007 -15"><span class='ocrx_word' id='word_1_441' title='bbox 2157 3121 2247 3178; x_wconf 81' lang='lat' dir='ltr'><strong>Vl.</strong></span> <span class='ocrx_word' id='word_1_442' title='bbox 2288 3120 2394 3179; x_wconf 89' lang='lat' dir='ltr'><strong>Sed</strong></span> <span class='ocrx_word' id='word_1_443' title='bbox 2427 3121 2492 3177; x_wconf 90' lang='lat' dir='ltr'><strong>ad</strong></span> <span class='ocrx_word' id='word_1_444' title='bbox 2523 3120 2851 3193; x_wconf 85' lang='lat' dir='ltr'><strong>patriarchae</strong></span> <span class='ocrx_word' id='word_1_445' title='bbox 2882 3118 3196 3181; x_wconf 88' lang='lat' dir='ltr'><strong>historiam,</strong></span> <span class='ocrx_word' id='word_1_446' title='bbox 3239 3123 3294 3172; x_wconf 92' lang='lat' dir='ltr'><strong>et</strong></span> <span class='ocrx_word' id='word_1_447' title='bbox 3319 3115 3496 3186; x_wconf 90' lang='lat' dir='ltr'><strong>ipsius</strong></span> <span class='ocrx_word' id='word_1_448' title='bbox 3543 3112 3683 3168; x_wconf 90' lang='lat' dir='ltr'><strong>adeo</strong></span> 
     </span>
    </p>
   </div>
   <div class='ocr_carea' id='block_1_64' title="bbox 388 3213 1983 3287">
    <p class='ocr_par' dir='ltr' id='par_1_64' title="bbox 388 3213 1983 3287">
     <span class='ocr_line' id='line_1_64' title="bbox 388 3213 1983 3287; baseline 0.001 -22"><span class='ocrx_word' id='word_1_449' title='bbox 388 3213 742 3285; x_wconf 82' lang='grc' dir='ltr'>πατριάρχην</span> <span class='ocrx_word' id='word_1_450' title='bbox 778 3215 1110 3280; x_wconf 80' lang='grc' dir='ltr'>ὑποθέσεως,</span> <span class='ocrx_word' id='word_1_451' title='bbox 1140 3217 1235 3269; x_wconf 78' lang='grc' dir='ltr'>καὶ</span> <span class='ocrx_word' id='word_1_452' title='bbox 1269 3216 1434 3269; x_wconf 85' lang='grc' dir='ltr'>αὑτοῦ</span> <span class='ocrx_word' id='word_1_453' title='bbox 1462 3215 1558 3269; x_wconf 88' lang='grc' dir='ltr'><strong>τοῦ</strong></span> <span class='ocrx_word' id='word_1_454' title='bbox 1597 3217 1862 3287; x_wconf 84' lang='grc' dir='ltr'>Ἰωσήπου</span> <span class='ocrx_word' id='word_1_455' title='bbox 1902 3215 1983 3278; x_wconf 90' lang='grc' dir='ltr'><strong>εἱς</strong></span> 
     </span>
    </p>
   </div>
   <div class='ocr_carea' id='block_1_65' title="bbox 386 3306 1987 3379">
    <p class='ocr_par' dir='ltr' id='par_1_65' title="bbox 386 3306 1987 3379">
     <span class='ocr_line' id='line_1_65' title="bbox 386 3306 1987 3379; baseline 0.001 -19"><span class='ocrx_word' id='word_1_456' title='bbox 386 3307 704 3378; x_wconf 78' lang='grc' dir='ltr'>τούμφανὲς</span> <span class='ocrx_word' id='word_1_457' title='bbox 725 3307 866 3362; x_wconf 86' lang='grc' dir='ltr'>κατὰ</span> <span class='ocrx_word' id='word_1_458' title='bbox 890 3308 1194 3379; x_wconf 85' lang='grc' dir='ltr'>λεπτότητα</span> <span class='ocrx_word' id='word_1_459' title='bbox 1215 3311 1328 3373; x_wconf 83' lang='grc' dir='ltr'>τοῖς</span> <span class='ocrx_word' id='word_1_460' title='bbox 1351 3307 1697 3379; x_wconf 79' lang='grc' dir='ltr'>βουλομένοις</span> <span class='ocrx_word' id='word_1_461' title='bbox 1723 3306 1987 3378; x_wconf 75' lang='grc' dir='ltr'>ἐντυγχά-</span> 
     </span>
    </p>
   </div>
   <div class='ocr_carea' id='block_1_66' title="bbox 388 3399 1985 3473">
    <p class='ocr_par' dir='ltr' id='par_1_66' title="bbox 388 3399 1985 3473">
     <span class='ocr_line' id='line_1_66' title="bbox 388 3399 1985 3473; baseline 0.001 -22"><span class='ocrx_word' id='word_1_462' title='bbox 388 3415 508 3452; x_wconf 86' lang='grc' dir='ltr'>νειν</span> <span class='ocrx_word' id='word_1_463' title='bbox 561 3399 650 3454; x_wconf 78' lang='grc' dir='ltr'><strong>διὰ</strong></span> <span class='ocrx_word' id='word_1_464' title='bbox 699 3400 809 3454; x_wconf 86' lang='grc' dir='ltr'><strong>τῶν</strong></span> <span class='ocrx_word' id='word_1_465' title='bbox 871 3401 963 3454; x_wconf 89' lang='grc' dir='ltr'><strong>ὑπ’</strong></span> <span class='ocrx_word' id='word_1_466' title='bbox 1004 3402 1215 3455; x_wconf 78' lang='grc' dir='ltr'>ἐκείνου</span> <span class='ocrx_word' id='word_1_467' title='bbox 1266 3401 1440 3471; x_wconf 80' lang='grc' dir='ltr'>λόγων</span> <span class='ocrx_word' id='word_1_468' title='bbox 1499 3401 1623 3473; x_wconf 69' lang='grc' dir='ltr'>ἐμοὶ</span> <span class='ocrx_word' id='word_1_469' title='bbox 1678 3401 1985 3472; x_wconf 81' lang='grc' dir='ltr'>εἰρημένων</span> 
     </span>
    </p>
   </div>
   <div class='ocr_carea' id='block_1_67' title="bbox 389 3488 1984 3563">
    <p class='ocr_par' dir='ltr' id='par_1_67' title="bbox 389 3488 1984 3563">
     <span class='ocr_line' id='line_1_67' title="bbox 389 3488 1984 3563; baseline 0 -21"><span class='ocrx_word' id='word_1_470' title='bbox 389 3489 773 3559; x_wconf 81' lang='grc' dir='ltr'>ποιησόμενος.</span> <span class='ocrx_word' id='word_1_471' title='bbox 804 3492 916 3544; x_wconf 75' lang='grc' dir='ltr'><strong>Καὶ</strong></span> <span class='ocrx_word' id='word_1_472' title='bbox 949 3492 1049 3563; x_wconf 80' lang='grc' dir='ltr'>ήδη</span> <span class='ocrx_word' id='word_1_473' title='bbox 1086 3493 1183 3562; x_wconf 80' lang='grc' dir='ltr'>μὲν</span> <span class='ocrx_word' id='word_1_474' title='bbox 1217 3492 1292 3556; x_wconf 88' lang='grc' dir='ltr'>ὼς</span> <span class='ocrx_word' id='word_1_475' title='bbox 1334 3493 1541 3555; x_wconf 80' lang='grc' dir='ltr'>ἐκεῖνος</span> <span class='ocrx_word' id='word_1_476' title='bbox 1580 3491 1861 3563; x_wconf 81' lang='grc' dir='ltr'>ὑφηγεῖτο,</span> <span class='ocrx_word' id='word_1_477' title='bbox 1890 3488 1984 3543; x_wconf 89' lang='grc' dir='ltr'><strong>τοῦ</strong></span> 
     </span>
    </p>
   </div>
   <div class='ocr_carea' id='block_1_68' title="bbox 392 3582 1986 3656">
    <p class='ocr_par' dir='ltr' id='par_1_68' title="bbox 392 3582 1986 3656">
     <span class='ocr_line' id='line_1_68' title="bbox 392 3582 1986 3656; baseline 0.001 -22"><span class='ocrx_word' id='word_1_478' title='bbox 392 3582 737 3655; x_wconf 70' lang='grc' dir='ltr'>πατριάρχου</span> <span class='ocrx_word' id='word_1_479' title='bbox 776 3582 1001 3656; x_wconf 78' lang='grc' dir='ltr'>λουτροῦ</span> <span class='ocrx_word' id='word_1_480' title='bbox 1027 3584 1480 3656; x_wconf 83' lang='grc' dir='ltr'>καταξιουμένου,</span> <span class='ocrx_word' id='word_1_481' title='bbox 1516 3583 1604 3637; x_wconf 85' lang='grc' dir='ltr'><strong>διὰ</strong></span> <span class='ocrx_word' id='word_1_482' title='bbox 1644 3584 1750 3638; x_wconf 85' lang='grc' dir='ltr'><strong>τῶν</strong></span> <span class='ocrx_word' id='word_1_483' title='bbox 1783 3585 1840 3637; x_wconf 81' lang='grc' dir='ltr'>ὲν</span> <span class='ocrx_word' id='word_1_484' title='bbox 1865 3586 1986 3646; x_wconf 82' lang='grc' dir='ltr'>ταῖς</span> 
     </span>
    </p>
   </div>
   <div class='ocr_carea' id='block_1_69' title="bbox 395 3671 1987 3749">
    <p class='ocr_par' dir='ltr' id='par_1_69' title="bbox 395 3671 1987 3749">
     <span class='ocr_line' id='line_1_69' title="bbox 395 3671 1987 3749; baseline 0.001 -23"><span class='ocrx_word' id='word_1_485' title='bbox 395 3671 590 3744; x_wconf 81' lang='grc' dir='ltr'>θύραις</span> <span class='ocrx_word' id='word_1_486' title='bbox 617 3675 876 3746; x_wconf 87' lang='grc' dir='ltr'>άρμογῶν</span> <span class='ocrx_word' id='word_1_487' title='bbox 903 3678 1034 3731; x_wconf 82' lang='grc' dir='ltr'>εἴσω</span> <span class='ocrx_word' id='word_1_488' title='bbox 1063 3677 1463 3749; x_wconf 86' lang='grc' dir='ltr'>παρακύπτων,</span> <span class='ocrx_word' id='word_1_489' title='bbox 1497 3677 1651 3749; x_wconf 83' lang='grc' dir='ltr'>φησὶ,</span> <span class='ocrx_word' id='word_1_490' title='bbox 1695 3676 1987 3730; x_wconf 86' lang='grc' dir='ltr'>κατενόουν</span> 
     </span>
    </p>
   </div>
   <div class='ocr_carea' id='block_1_70' title="bbox 390 3764 1988 3842">
    <p class='ocr_par' dir='ltr' id='par_1_70' title="bbox 390 3764 1988 3842">
     <span class='ocr_line' id='line_1_70' title="bbox 390 3764 1988 3842; baseline 0.002 -24"><span class='ocrx_word' id='word_1_491' title='bbox 390 3764 467 3818; x_wconf 75' lang='grc' dir='ltr'><strong>τὰ</strong></span> <span class='ocrx_word' id='word_1_492' title='bbox 500 3766 604 3819; x_wconf 80' lang='grc' dir='ltr'>ὑπὸ</span> <span class='ocrx_word' id='word_1_493' title='bbox 644 3766 738 3820; x_wconf 86' lang='grc' dir='ltr'><strong>τοῦ</strong></span> <span class='ocrx_word' id='word_1_494' title='bbox 776 3768 1076 3822; x_wconf 76' lang='grc' dir='ltr'>ἐπισκόπου</span> <span class='ocrx_word' id='word_1_495' title='bbox 1110 3767 1189 3839; x_wconf 82' lang='grc' dir='ltr'>τῷ</span> <span class='ocrx_word' id='word_1_496' title='bbox 1226 3770 1543 3842; x_wconf 83' lang='grc' dir='ltr'>πατριάρχῃ</span> <span class='ocrx_word' id='word_1_497' title='bbox 1590 3769 1872 3840; x_wconf 89' lang='grc' dir='ltr'>γινόμενα,</span> <span class='ocrx_word' id='word_1_498' title='bbox 1906 3769 1988 3832; x_wconf 88' lang='grc' dir='ltr'><strong>είς</strong></span> 
     </span>
    </p>
   </div>
   <div class='ocr_carea' id='block_1_71' title="bbox 388 3855 1988 3934">
    <p class='ocr_par' dir='ltr' id='par_1_71' title="bbox 388 3855 1988 3934">
     <span class='ocr_line' id='line_1_71' title="bbox 388 3855 1988 3934; baseline 0.006 -26"><span class='ocrx_word' id='word_1_499' title='bbox 388 3855 524 3909; x_wconf 82' lang='grc' dir='ltr'>νοῦν</span> <span class='ocrx_word' id='word_1_500' title='bbox 550 3860 610 3910; x_wconf 79' lang='grc' dir='ltr'><strong>τε</strong></span> <span class='ocrx_word' id='word_1_501' title='bbox 637 3857 851 3923; x_wconf 75' lang='grc' dir='ltr'>ἔλαϐον,</span> <span class='ocrx_word' id='word_1_502' title='bbox 894 3860 986 3913; x_wconf 70' lang='grc' dir='ltr'>καὶ</span> <span class='ocrx_word' id='word_1_503' title='bbox 1030 3861 1161 3931; x_wconf 80' lang='grc' dir='ltr'>παρ’</span> <span class='ocrx_word' id='word_1_504' title='bbox 1187 3860 1411 3933; x_wconf 75' lang='grc' dir='ltr'>ἐμαυτῷ</span> <span class='ocrx_word' id='word_1_505' title='bbox 1458 3862 1846 3934; x_wconf 83' lang='grc' dir='ltr'>ὲταμιευόμην.</span> <span class='ocrx_word' id='word_1_506' title='bbox 1876 3863 1988 3917; x_wconf 79' lang='grc' dir='ltr'><strong>Καὶ</strong></span> 
     </span>
    </p>
   </div>
   <div class='ocr_carea' id='block_1_72' title="bbox 392 3947 1988 4028">
    <p class='ocr_par' dir='ltr' id='par_1_72' title="bbox 392 3947 1988 4028">
     <span class='ocr_line' id='line_1_72' title="bbox 392 3947 1988 4028; baseline 0.006 -30"><span class='ocrx_word' id='word_1_507' title='bbox 392 3947 622 4018; x_wconf 80' lang='grc' dir='ltr'>χρυσίου</span> <span class='ocrx_word' id='word_1_508' title='bbox 651 3948 815 4020; x_wconf 82' lang='grc' dir='ltr'>ὁλκήν</span> <span class='ocrx_word' id='word_1_509' title='bbox 857 3968 979 4004; x_wconf 89' lang='grc' dir='ltr'>τινα</span> <span class='ocrx_word' id='word_1_510' title='bbox 1027 3951 1365 4023; x_wconf 82' lang='grc' dir='ltr'>ἱκανωτάτην</span> <span class='ocrx_word' id='word_1_511' title='bbox 1410 3952 1548 4024; x_wconf 74' lang='grc' dir='ltr'>ἔχων</span> <span class='ocrx_word' id='word_1_512' title='bbox 1583 3953 1736 4028; x_wconf 86' lang='grc' dir='ltr'>παρὰ</span> <span class='ocrx_word' id='word_1_513' title='bbox 1775 3957 1932 4025; x_wconf 83' lang='grc' dir='ltr'>χεῖρα</span> <span class='ocrx_word' id='word_1_514' title='bbox 1959 3956 1988 4007; x_wconf 87' lang='grc' dir='ltr'>ὁ</span> 
     </span>
    </p>
   </div>
   <div class='ocr_carea' id='block_1_73' title="bbox 391 4035 1989 4120">
    <p class='ocr_par' dir='ltr' id='par_1_73' title="bbox 391 4035 1989 4120">
     <span class='ocr_line' id='line_1_73' title="bbox 391 4035 1989 4120; baseline 0.005 -29"><span class='ocrx_word' id='word_1_515' title='bbox 391 4035 560 4102; x_wconf 81' lang='grc' dir='ltr'>αὑτὸς</span> <span class='ocrx_word' id='word_1_516' title='bbox 587 4039 954 4110; x_wconf 86' lang='grc' dir='ltr'>πατριάρχης,</span> <span class='ocrx_word' id='word_1_517' title='bbox 1005 4040 1254 4105; x_wconf 74' lang='grc' dir='ltr'>ἐκτείνας</span> <span class='ocrx_word' id='word_1_518' title='bbox 1292 4041 1390 4114; x_wconf 79' lang='grc' dir='ltr'>τὴν</span> <span class='ocrx_word' id='word_1_519' title='bbox 1422 4046 1580 4120; x_wconf 78' lang='grc' dir='ltr'>χεῖρα</span> <span class='ocrx_word' id='word_1_520' title='bbox 1625 4044 1868 4098; x_wconf 71' lang='grc' dir='ltr'>ἐπέδωκε</span> <span class='ocrx_word' id='word_1_521' title='bbox 1908 4043 1989 4116; x_wconf 81' lang='grc' dir='ltr'><strong>τῷ</strong></span> 
     </span>
    </p>
   </div>
   <div class='ocr_carea' id='block_1_74' title="bbox 392 4120 1990 4209">
    <p class='ocr_par' dir='ltr' id='par_1_74' title="bbox 392 4120 1990 4209">
     <span class='ocr_line' id='line_1_74' title="bbox 392 4120 1990 4209; baseline 0.005 -27"><span class='ocrx_word' id='word_1_522' title='bbox 392 4128 701 4201; x_wconf 78' lang='grc' dir='ltr'>ὲπισκόπῳ,</span> <span class='ocrx_word' id='word_1_523' title='bbox 734 4120 980 4201; x_wconf 78' lang='grc' dir='ltr'>φάσκων,</span> <span class='ocrx_word' id='word_1_524' title='bbox 1006 4132 1088 4187; x_wconf 86' lang='grc' dir='ltr'>ὅτι</span> <span class='ocrx_word' id='word_1_525' title='bbox 1110 4128 1397 4207; x_wconf 87' lang='grc' dir='ltr'>Πρόσφερε</span> <span class='ocrx_word' id='word_1_526' title='bbox 1428 4135 1568 4206; x_wconf 84' lang='grc' dir='ltr'>ὑπὲρ</span> <span class='ocrx_word' id='word_1_527' title='bbox 1599 4135 1757 4206; x_wconf 81' lang='grc' dir='ltr'>ἐμοῦ.</span> <span class='ocrx_word' id='word_1_528' title='bbox 1780 4137 1990 4209; x_wconf 85' lang='grc' dir='ltr'>Γέγρα-</span> 
     </span>
    </p>
   </div>
   <div class='ocr_carea' id='block_1_75' title="bbox 393 4222 1989 4298">
    <p class='ocr_par' dir='ltr' id='par_1_75' title="bbox 393 4222 1989 4298">
     <span class='ocr_line' id='line_1_75' title="bbox 393 4222 1989 4298; baseline 0.005 -24"><span class='ocrx_word' id='word_1_529' title='bbox 393 4238 533 4275; x_wconf 79' lang='grc' dir='ltr'>πται</span> <span class='ocrx_word' id='word_1_530' title='bbox 566 4222 697 4292; x_wconf 84' lang='grc' dir='ltr'>γὰρ,</span> <span class='ocrx_word' id='word_1_531' title='bbox 728 4223 816 4276; x_wconf 74' lang='grc' dir='ltr'><strong>διὰ</strong></span> <span class='ocrx_word' id='word_1_532' title='bbox 854 4223 961 4278; x_wconf 83' lang='grc' dir='ltr'><strong>τῶν</strong></span> <span class='ocrx_word' id='word_1_533' title='bbox 997 4225 1186 4298; x_wconf 79' lang='grc' dir='ltr'>ἱερέων</span> <span class='ocrx_word' id='word_1_534' title='bbox 1206 4225 1301 4280; x_wconf 90' lang='grc' dir='ltr'><strong>τοῦ</strong></span> <span class='ocrx_word' id='word_1_535' title='bbox 1336 4225 1472 4280; x_wconf 76' lang='grc' dir='ltr'>Θεοῦ</span> <span class='ocrx_word' id='word_1_536' title='bbox 1509 4226 1868 4298; x_wconf 87' lang='grc' dir='ltr'>δεσμεύεσθαι</span> <span class='ocrx_word' id='word_1_537' title='bbox 1895 4229 1989 4281; x_wconf 72' lang='grc' dir='ltr'><strong>καὶ</strong></span> 
     </span>
    </p>
   </div>
   <div class='ocr_carea' id='block_1_76' title="bbox 391 4313 1990 4391">
    <p class='ocr_par' dir='ltr' id='par_1_76' title="bbox 391 4313 1990 4391">
     <span class='ocr_line' id='line_1_76' title="bbox 391 4313 1990 4391; baseline 0.005 -24"><span class='ocrx_word' id='word_1_538' title='bbox 391 4313 621 4369; x_wconf 88' lang='grc' dir='ltr'>λύεσθαι</span> <span class='ocrx_word' id='word_1_539' title='bbox 662 4316 757 4391; x_wconf 83' lang='grc' dir='ltr'>ὲπὶ</span> <span class='ocrx_word' id='word_1_540' title='bbox 782 4318 880 4387; x_wconf 77' lang='grc' dir='ltr'>τῆς</span> <span class='ocrx_word' id='word_1_541' title='bbox 916 4318 1039 4390; x_wconf 81' lang='grc' dir='ltr'>γῆς,</span> <span class='ocrx_word' id='word_1_542' title='bbox 1072 4319 1166 4372; x_wconf 73' lang='grc' dir='ltr'>καὶ</span> <span class='ocrx_word' id='word_1_543' title='bbox 1209 4318 1361 4373; x_wconf 79' lang='grc' dir='ltr'>ἔσται</span> <span class='ocrx_word' id='word_1_544' title='bbox 1385 4318 1559 4374; x_wconf 89' lang='grc' dir='ltr'>ταῦτα</span> <span class='ocrx_word' id='word_1_545' title='bbox 1598 4320 1866 4391; x_wconf 84' lang='grc' dir='ltr'>λελυμένα</span> <span class='ocrx_word' id='word_1_546' title='bbox 1895 4324 1990 4375; x_wconf 79' lang='grc' dir='ltr'>καὶ</span> 
     </span>
    </p>
   </div>
   <div class='ocr_carea' id='block_1_77' title="bbox 388 4407 1986 4485">
    <p class='ocr_par' dir='ltr' id='par_1_77' title="bbox 388 4407 1986 4485">
     <span class='ocr_line' id='line_1_77' title="bbox 388 4407 1986 4485; baseline 0.003 -23"><span class='ocrx_word' id='word_1_547' title='bbox 388 4408 659 4479; x_wconf 82' lang='grc' dir='ltr'>δεδεμένα</span> <span class='ocrx_word' id='word_1_548' title='bbox 706 4411 765 4463; x_wconf 82' lang='grc' dir='ltr'>ὲν</span> <span class='ocrx_word' id='word_1_549' title='bbox 815 4409 893 4481; x_wconf 80' lang='grc' dir='ltr'>τῷ</span> <span class='ocrx_word' id='word_1_550' title='bbox 940 4409 1172 4484; x_wconf 80' lang='grc' dir='ltr'>οὐρανῷ.</span> <span class='ocrx_word' id='word_1_551' title='bbox 1212 4411 1300 4476; x_wconf 76' lang='grc' dir='ltr'>Ὠς</span> <span class='ocrx_word' id='word_1_552' title='bbox 1343 4407 1436 4466; x_wconf 85' lang='grc' dir='ltr'><strong>οῦν</strong></span> <span class='ocrx_word' id='word_1_553' title='bbox 1491 4411 1664 4466; x_wconf 85' lang='grc' dir='ltr'>ταῦτα</span> <span class='ocrx_word' id='word_1_554' title='bbox 1716 4413 1986 4485; x_wconf 77' lang='grc' dir='ltr'>ἐπράχθη,</span> 
     </span>
    </p>
   </div>
   <div class='ocr_carea' id='block_1_78' title="bbox 2085 3206 3686 3286">
    <p class='ocr_par' dir='ltr' id='par_1_78' title="bbox 2085 3206 3686 3286">
     <span class='ocr_line' id='line_1_78' title="bbox 2085 3206 3686 3286; baseline -0.01 -13"><span class='ocrx_word' id='word_1_555' title='bbox 2085 3215 2308 3286; x_wconf 82' lang='lat' dir='ltr'><strong>Josephi</strong></span> <span class='ocrx_word' id='word_1_556' title='bbox 2348 3214 2637 3269; x_wconf 86' lang='lat' dir='ltr'><strong>redeamus</strong></span> <span class='ocrx_word' id='word_1_557' title='bbox 2667 3230 2680 3268; x_wconf 90' lang='lat'><strong>:</strong></span> <span class='ocrx_word' id='word_1_558' title='bbox 2713 3227 2880 3283; x_wconf 88' lang='lat' dir='ltr'><strong>quam</strong></span> <span class='ocrx_word' id='word_1_559' title='bbox 2912 3211 2968 3265; x_wconf 92' lang='lat' dir='ltr'><strong>in</strong></span> <span class='ocrx_word' id='word_1_560' title='bbox 3003 3210 3273 3265; x_wconf 89' lang='lat' dir='ltr'><strong>lectorum</strong></span> <span class='ocrx_word' id='word_1_561' title='bbox 3316 3208 3558 3278; x_wconf 64' lang='lat' dir='ltr'><strong>gratiam.</strong></span> <span class='ocrx_word' id='word_1_562' title='bbox 3595 3206 3686 3262; x_wconf 87' lang='lat' dir='ltr'><strong>iis-</strong></span> 
     </span>
    </p>
   </div>
   <div class='ocr_carea' id='block_1_79' title="bbox 2086 3297 3684 3380">
    <p class='ocr_par' dir='ltr' id='par_1_79' title="bbox 2086 3297 3684 3380">
     <span class='ocr_line' id='line_1_79' title="bbox 2086 3297 3684 3380; baseline -0.009 -13"><span class='ocrx_word' id='word_1_563' title='bbox 2086 3310 2231 3374; x_wconf 90' lang='lat' dir='ltr'><strong>dem,</strong></span> <span class='ocrx_word' id='word_1_564' title='bbox 2266 3309 2468 3380; x_wconf 89' lang='lat' dir='ltr'><strong>quibus</strong></span> <span class='ocrx_word' id='word_1_565' title='bbox 2488 3307 2579 3363; x_wconf 92' lang='lat' dir='ltr'><strong>ille</strong></span> <span class='ocrx_word' id='word_1_566' title='bbox 2620 3305 2892 3362; x_wconf 83' lang='lat' dir='ltr'><strong>referebat</strong></span> <span class='ocrx_word' id='word_1_567' title='bbox 2915 3302 3122 3367; x_wconf 85' lang='lat' dir='ltr'><strong>verbis,</strong></span> <span class='ocrx_word' id='word_1_568' title='bbox 3170 3308 3430 3355; x_wconf 88' lang='lat' dir='ltr'><strong>accurata</strong></span> <span class='ocrx_word' id='word_1_569' title='bbox 3464 3297 3569 3352; x_wconf 84' lang='lat' dir='ltr'><strong>ﬁde</strong></span> <span class='ocrx_word' id='word_1_570' title='bbox 3598 3312 3684 3353; x_wconf 85' lang='lat' dir='ltr'><strong>re-</strong></span> 
     </span>
    </p>
   </div>
   <div class='ocr_carea' id='block_1_80' title="bbox 2084 3390 3686 3478">
    <p class='ocr_par' dir='ltr' id='par_1_80' title="bbox 2084 3390 3686 3478">
     <span class='ocr_line' id='line_1_80' title="bbox 2084 3390 3686 3478; baseline -0.011 -17"><span class='ocrx_word' id='word_1_571' title='bbox 2084 3401 2564 3478; x_wconf 67' lang='lat' dir='ltr'><strong>praesentabimus.</strong></span> <span class='ocrx_word' id='word_1_572' title='bbox 2627 3397 2763 3454; x_wconf 89' lang='lat' dir='ltr'><strong>Cum</strong></span> <span class='ocrx_word' id='word_1_573' title='bbox 2807 3397 2995 3466; x_wconf 89' lang='lat' dir='ltr'><strong>itaque</strong></span> <span class='ocrx_word' id='word_1_574' title='bbox 3039 3390 3363 3465; x_wconf 87' lang='lat' dir='ltr'><strong>patriarcha</strong></span> <span class='ocrx_word' id='word_1_575' title='bbox 3409 3390 3686 3460; x_wconf 87' lang='lat' dir='ltr'><strong>baptismo</strong></span> 
     </span>
    </p>
   </div>
   <div class='ocr_carea' id='block_1_81' title="bbox 2087 3481 3688 3558">
    <p class='ocr_par' dir='ltr' id='par_1_81' title="bbox 2087 3481 3688 3558">
     <span class='ocr_line' id='line_1_81' title="bbox 2087 3481 3688 3558; baseline -0.011 -5"><span class='ocrx_word' id='word_1_576' title='bbox 2087 3497 2236 3554; x_wconf 90' lang='lat' dir='ltr'><strong>hunc</strong></span> <span class='ocrx_word' id='word_1_577' title='bbox 2274 3495 2333 3550; x_wconf 91' lang='lat' dir='ltr'><strong>in</strong></span> <span class='ocrx_word' id='word_1_578' title='bbox 2367 3491 2593 3549; x_wconf 90' lang='lat' dir='ltr'><strong>modum</strong></span> <span class='ocrx_word' id='word_1_579' title='bbox 2643 3490 2979 3553; x_wconf 90' lang='lat' dir='ltr'><strong>initiaretur,</strong></span> <span class='ocrx_word' id='word_1_580' title='bbox 3022 3500 3145 3558; x_wconf 82' lang='lat' dir='ltr'><strong>ego,</strong></span> <span class='ocrx_word' id='word_1_581' title='bbox 3182 3483 3492 3553; x_wconf 72' lang='lat' dir='ltr'><strong>inquiebat,</strong></span> <span class='ocrx_word' id='word_1_582' title='bbox 3525 3481 3688 3552; x_wconf 79' lang='lat'><strong>130</strong></span> 
     </span>
    </p>
   </div>
   <div class='ocr_carea' id='block_1_82' title="bbox 2086 3579 3679 3662">
    <p class='ocr_par' dir='ltr' id='par_1_82' title="bbox 2086 3579 3679 3662">
     <span class='ocr_line' id='line_1_82' title="bbox 2086 3579 3679 3662; baseline -0.011 -17"><span class='ocrx_word' id='word_1_583' title='bbox 2086 3605 2186 3662; x_wconf 90' lang='lat' dir='ltr'><strong>per</strong></span> <span class='ocrx_word' id='word_1_584' title='bbox 2206 3588 2392 3659; x_wconf 72' lang='lat' dir='ltr'><strong>januaa</strong></span> <span class='ocrx_word' id='word_1_585' title='bbox 2428 3585 2853 3642; x_wconf 86' lang='lat' dir='ltr'><strong>commissuram</strong></span> <span class='ocrx_word' id='word_1_586' title='bbox 2888 3579 3078 3635; x_wconf 89' lang='lat' dir='ltr'><strong>furtim</strong></span> <span class='ocrx_word' id='word_1_587' title='bbox 3109 3584 3517 3647; x_wconf 88' lang='lat' dir='ltr'><strong>introspectans</strong></span> <span class='ocrx_word' id='word_1_588' title='bbox 3560 3591 3679 3630; x_wconf 90' lang='lat' dir='ltr'><strong>om-</strong></span> 
     </span>
    </p>
   </div>
   <div class='ocr_carea' id='block_1_83' title="bbox 2088 3669 3688 3753">
    <p class='ocr_par' dir='ltr' id='par_1_83' title="bbox 2088 3669 3688 3753">
     <span class='ocr_line' id='line_1_83' title="bbox 2088 3669 3688 3753; baseline -0.012 -14"><span class='ocrx_word' id='word_1_589' title='bbox 2088 3683 2182 3740; x_wconf 88' lang='lat' dir='ltr'><strong>nia</strong></span> <span class='ocrx_word' id='word_1_590' title='bbox 2220 3696 2344 3753; x_wconf 75' lang='lat' dir='ltr'><strong>quze</strong></span> <span class='ocrx_word' id='word_1_591' title='bbox 2391 3679 2461 3735; x_wconf 90' lang='lat' dir='ltr'><strong>ab</strong></span> <span class='ocrx_word' id='word_1_592' title='bbox 2502 3678 2767 3749; x_wconf 88' lang='lat' dir='ltr'><strong>episcopo</strong></span> <span class='ocrx_word' id='word_1_593' title='bbox 2815 3672 3141 3746; x_wconf 69' lang='lat' dir='ltr'><strong>patriarcha:</strong></span> <span class='ocrx_word' id='word_1_594' title='bbox 3184 3671 3383 3727; x_wconf 80' lang='lat' dir='ltr'><strong>fierent</strong></span> <span class='ocrx_word' id='word_1_595' title='bbox 3430 3669 3688 3724; x_wconf 87' lang='lat' dir='ltr'><strong>observa-</strong></span> 
     </span>
    </p>
   </div>
   <div class='ocr_carea' id='block_1_84' title="bbox 2082 3760 3690 3842">
    <p class='ocr_par' dir='ltr' id='par_1_84' title="bbox 2082 3760 3690 3842">
     <span class='ocr_line' id='line_1_84' title="bbox 2082 3760 3690 3842; baseline -0.014 -10"><span class='ocrx_word' id='word_1_596' title='bbox 2082 3777 2238 3842; x_wconf 78' lang='lat' dir='ltr'><strong>bant,</strong></span> <span class='ocrx_word' id='word_1_597' title='bbox 2268 3789 2332 3829; x_wconf 92' lang='lat' dir='ltr'><strong>ac</strong></span> <span class='ocrx_word' id='word_1_598' title='bbox 2364 3772 2659 3842; x_wconf 82' lang='lat' dir='ltr'><strong>diligenter</strong></span> <span class='ocrx_word' id='word_1_599' title='bbox 2681 3768 2866 3823; x_wconf 89' lang='lat' dir='ltr'><strong>animo</strong></span> <span class='ocrx_word' id='word_1_600' title='bbox 2907 3764 3233 3821; x_wconf 81' lang='lat' dir='ltr'><strong>retinebam.</strong></span> <span class='ocrx_word' id='word_1_601' title='bbox 3273 3760 3375 3817; x_wconf 90' lang='lat' dir='ltr'><strong>Ubi</strong></span> <span class='ocrx_word' id='word_1_602' title='bbox 3412 3761 3556 3814; x_wconf 90' lang='lat' dir='ltr'><strong>inter</strong></span> <span class='ocrx_word' id='word_1_603' title='bbox 3583 3772 3690 3812; x_wconf 64' lang='lat' dir='ltr'><strong>cae-</strong></span> 
     </span>
    </p>
   </div>
   <div class='ocr_carea' id='block_1_85' title="bbox 2088 3850 3688 3939">
    <p class='ocr_par' dir='ltr' id='par_1_85' title="bbox 2088 3850 3688 3939">
     <span class='ocr_line' id='line_1_85' title="bbox 2088 3850 3688 3939; baseline -0.01 -17"><span class='ocrx_word' id='word_1_604' title='bbox 2088 3876 2209 3925; x_wconf 88' lang='lat' dir='ltr'><strong>tera</strong></span> <span class='ocrx_word' id='word_1_605' title='bbox 2252 3864 2568 3939; x_wconf 88' lang='lat' dir='ltr'><strong>patriarcha</strong></span> <span class='ocrx_word' id='word_1_606' title='bbox 2620 3862 2731 3917; x_wconf 88' lang='lat' dir='ltr'><strong>vim</strong></span> <span class='ocrx_word' id='word_1_607' title='bbox 2781 3859 3075 3931; x_wconf 89' lang='lat' dir='ltr'><strong>quamdam</strong></span> <span class='ocrx_word' id='word_1_608' title='bbox 3131 3855 3255 3910; x_wconf 90' lang='lat' dir='ltr'><strong>auri</strong></span> <span class='ocrx_word' id='word_1_609' title='bbox 3306 3870 3419 3909; x_wconf 91' lang='lat' dir='ltr'><strong>non</strong></span> <span class='ocrx_word' id='word_1_610' title='bbox 3482 3850 3688 3908; x_wconf 86' lang='lat' dir='ltr'><strong>medio-</strong></span> 
     </span>
    </p>
   </div>
   <div class='ocr_carea' id='block_1_86' title="bbox 2091 3945 3684 4023">
    <p class='ocr_par' dir='ltr' id='par_1_86' title="bbox 2091 3945 3684 4023">
     <span class='ocr_line' id='line_1_86' title="bbox 2091 3945 3684 4023; baseline -0.011 -7"><span class='ocrx_word' id='word_1_611' title='bbox 2091 3975 2240 4016; x_wconf 90' lang='lat' dir='ltr'><strong>crem</strong></span> <span class='ocrx_word' id='word_1_612' title='bbox 2274 3966 2471 4014; x_wconf 88' lang='lat' dir='ltr'><strong>tenens</strong></span> <span class='ocrx_word' id='word_1_613' title='bbox 2506 3957 2651 4010; x_wconf 84' lang='lat' dir='ltr'><strong>hanc</strong></span> <span class='ocrx_word' id='word_1_614' title='bbox 2689 3953 2958 4023; x_wconf 86' lang='lat' dir='ltr'><strong>episcopo</strong></span> <span class='ocrx_word' id='word_1_615' title='bbox 2999 3949 3282 4021; x_wconf 79' lang='lat' dir='ltr'><strong>porrexit:</strong></span> <span class='ocrx_word' id='word_1_616' title='bbox 3308 3958 3386 4011; x_wconf 85' lang='lat' dir='ltr'><strong>et,</strong></span> <span class='ocrx_word' id='word_1_617' title='bbox 3432 3945 3538 4000; x_wconf 88' lang='lat' dir='ltr'><strong>Pro</strong></span> <span class='ocrx_word' id='word_1_618' title='bbox 3579 3958 3684 4009; x_wconf 88' lang='lat' dir='ltr'><strong>me,</strong></span> 
     </span>
    </p>
   </div>
   <div class='ocr_carea' id='block_1_87' title="bbox 2090 4035 3695 4120">
    <p class='ocr_par' dir='ltr' id='par_1_87' title="bbox 2090 4035 3695 4120">
     <span class='ocr_line' id='line_1_87' title="bbox 2090 4035 3695 4120; baseline -0.01 -15"><span class='ocrx_word' id='word_1_619' title='bbox 2090 4050 2293 4120; x_wconf 87' lang='lat' dir='ltr'><strong>inquit,</strong></span> <span class='ocrx_word' id='word_1_620' title='bbox 2334 4046 2550 4103; x_wconf 78' lang='lat' dir='ltr'><strong>oﬂerto.</strong></span> <span class='ocrx_word' id='word_1_621' title='bbox 2585 4043 2867 4114; x_wconf 86' lang='lat' dir='ltr'><strong>Scriptum</strong></span> <span class='ocrx_word' id='word_1_622' title='bbox 2901 4048 2988 4097; x_wconf 88' lang='lat' dir='ltr'><strong>est</strong></span> <span class='ocrx_word' id='word_1_623' title='bbox 3017 4040 3188 4103; x_wconf 89' lang='lat' dir='ltr'><strong>enim,</strong></span> <span class='ocrx_word' id='word_1_624' title='bbox 3223 4055 3253 4091; x_wconf 90' lang='lat' dir='ltr'><strong>a</strong></span> <span class='ocrx_word' id='word_1_625' title='bbox 3297 4035 3695 4099; x_wconf 88' lang='lat' dir='ltr'><strong>sacerdotibus,</strong></span> 
     </span>
    </p>
   </div>
   <div class='ocr_carea' id='block_1_88' title="bbox 2092 4125 3689 4210">
    <p class='ocr_par' dir='ltr' id='par_1_88' title="bbox 2092 4125 3689 4210">
     <span class='ocr_line' id='line_1_88' title="bbox 2092 4125 3689 4210; baseline -0.011 -14"><span class='ocrx_word' id='word_1_626' title='bbox 2092 4142 2190 4198; x_wconf 92' lang='lat' dir='ltr'><strong>Dei</strong></span> <span class='ocrx_word' id='word_1_627' title='bbox 2231 4138 2444 4210; x_wconf 81' lang='lat' dir='ltr'><strong>alligari</strong></span> <span class='ocrx_word' id='word_1_628' title='bbox 2477 4137 2730 4207; x_wconf 88' lang='lat' dir='ltr'><strong>solvique</strong></span> <span class='ocrx_word' id='word_1_629' title='bbox 2770 4134 2826 4188; x_wconf 91' lang='lat' dir='ltr'><strong>in</strong></span> <span class='ocrx_word' id='word_1_630' title='bbox 2861 4131 3030 4188; x_wconf 88' lang='lat' dir='ltr'><strong>terris</strong></span> <span class='ocrx_word' id='word_1_631' title='bbox 3063 4130 3272 4196; x_wconf 87' lang='lat' dir='ltr'><strong>omnia,</strong></span> <span class='ocrx_word' id='word_1_632' title='bbox 3305 4139 3361 4183; x_wconf 93' lang='lat' dir='ltr'><strong>et</strong></span> <span class='ocrx_word' id='word_1_633' title='bbox 3396 4127 3587 4183; x_wconf 89' lang='lat' dir='ltr'><strong>eadem</strong></span> <span class='ocrx_word' id='word_1_634' title='bbox 3629 4125 3689 4182; x_wconf 89' lang='lat' dir='ltr'><strong>in</strong></span> 
     </span>
    </p>
   </div>
   <div class='ocr_carea' id='block_1_89' title="bbox 2092 4218 3695 4296">
    <p class='ocr_par' dir='ltr' id='par_1_89' title="bbox 2092 4218 3695 4296">
     <span class='ocr_line' id='line_1_89' title="bbox 2092 4218 3695 4296; baseline -0.012 -5"><span class='ocrx_word' id='word_1_635' title='bbox 2092 4234 2234 4292; x_wconf 89' lang='lat' dir='ltr'><strong>coelo</strong></span> <span class='ocrx_word' id='word_1_636' title='bbox 2279 4232 2460 4288; x_wconf 85' lang='lat' dir='ltr'><strong>soluta</strong></span> <span class='ocrx_word' id='word_1_637' title='bbox 2512 4228 2632 4284; x_wconf 90' lang='lat' dir='ltr'><strong>fore</strong></span> <span class='ocrx_word' id='word_1_638' title='bbox 2678 4226 2764 4280; x_wconf 78' lang='lat' dir='ltr'><strong>vel</strong></span> <span class='ocrx_word' id='word_1_639' title='bbox 2809 4223 3094 4296; x_wconf 69' lang='lat' dir='ltr'><strong>alligata‘.</strong></span> <span class='ocrx_word' id='word_1_640' title='bbox 3143 4219 3276 4275; x_wconf 88' lang='lat' dir='ltr'><strong>Post</strong></span> <span class='ocrx_word' id='word_1_641' title='bbox 3323 4219 3440 4274; x_wconf 69' lang='lat' dir='ltr'><strong>haec</strong></span> <span class='ocrx_word' id='word_1_642' title='bbox 3482 4218 3695 4289; x_wconf 80' lang='lat' dir='ltr'><strong>apertis.</strong></span> 
     </span>
    </p>
   </div>
   <div class='ocr_carea' id='block_1_90' title="bbox 2093 4309 3696 4387">
    <p class='ocr_par' dir='ltr' id='par_1_90' title="bbox 2093 4309 3696 4387">
     <span class='ocr_line' id='line_1_90' title="bbox 2093 4309 3696 4387; baseline -0.012 -5"><span class='ocrx_word' id='word_1_643' title='bbox 2093 4325 2307 4382; x_wconf 90' lang='lat' dir='ltr'><strong>foribus</strong></span> <span class='ocrx_word' id='word_1_644' title='bbox 2353 4317 2882 4387; x_wconf 87' lang='lat' dir='ltr'><strong>sciscitantibusque</strong></span> <span class='ocrx_word' id='word_1_645' title='bbox 2936 4313 3003 4370; x_wconf 92' lang='lat' dir='ltr'><strong>de</strong></span> <span class='ocrx_word' id='word_1_646' title='bbox 3074 4312 3390 4384; x_wconf 85' lang='lat' dir='ltr'><strong>patriarcha</strong></span> <span class='ocrx_word' id='word_1_647' title='bbox 3445 4310 3537 4381; x_wconf 90' lang='lat' dir='ltr'><strong>qui</strong></span> <span class='ocrx_word' id='word_1_648' title='bbox 3589 4309 3696 4364; x_wconf 76' lang='lat' dir='ltr'><strong>ad-</strong></span> 
     </span>
    </p>
   </div>
   <div class='ocr_carea' id='block_1_91' title="bbox 2093 4404 3692 4486">
    <p class='ocr_par' dir='ltr' id='par_1_91' title="bbox 2093 4404 3692 4486">
     <span class='ocr_line' id='line_1_91' title="bbox 2093 4404 3692 4486; baseline -0.012 -11"><span class='ocrx_word' id='word_1_649' title='bbox 2093 4426 2273 4485; x_wconf 89' lang='lat' dir='ltr'><strong>erant,</strong></span> <span class='ocrx_word' id='word_1_650' title='bbox 2295 4410 2761 4486; x_wconf 88' lang='lat' dir='ltr'><strong>quemadmodum</strong></span> <span class='ocrx_word' id='word_1_651' title='bbox 2806 4425 2874 4463; x_wconf 85' lang='lat' dir='ltr'><strong>ex</strong></span> <span class='ocrx_word' id='word_1_652' title='bbox 2907 4422 2972 4464; x_wconf 80' lang='lat' dir='ltr'><strong>eo</strong></span> <span class='ocrx_word' id='word_1_653' title='bbox 3004 4404 3247 4462; x_wconf 86' lang='lat' dir='ltr'><strong>remedio</strong></span> <span class='ocrx_word' id='word_1_654' title='bbox 3286 4404 3511 4468; x_wconf 81' lang='lat' dir='ltr'><strong>valeret,</strong></span> <span class='ocrx_word' id='word_1_655' title='bbox 3561 4417 3692 4474; x_wconf 88' lang='lat' dir='ltr'><strong>per-</strong></span> 
     </span>
    </p>
   </div>
   <div class='ocr_carea' id='block_1_92' title="bbox 394 4492 1985 4578">
    <p class='ocr_par' dir='ltr' id='par_1_92' title="bbox 394 4501 1985 4578">
     <span class='ocr_line' id='line_1_92' title="bbox 394 4501 1985 4578; baseline 0.004 -25"><span class='ocrx_word' id='word_1_656' title='bbox 394 4501 554 4573; x_wconf 73' lang='grc' dir='ltr'>φησὶ,</span> <span class='ocrx_word' id='word_1_657' title='bbox 585 4502 676 4555; x_wconf 77' lang='grc' dir='ltr'><strong>καὶ</strong></span> <span class='ocrx_word' id='word_1_658' title='bbox 701 4502 998 4575; x_wconf 77' lang='grc' dir='ltr'>ἠνοίγησαν</span> <span class='ocrx_word' id='word_1_659' title='bbox 1026 4505 1080 4557; x_wconf 89' lang='grc' dir='ltr'><strong>αἱ</strong></span> <span class='ocrx_word' id='word_1_660' title='bbox 1110 4503 1291 4576; x_wconf 86' lang='grc' dir='ltr'>θύραι,</span> <span class='ocrx_word' id='word_1_661' title='bbox 1316 4506 1566 4578; x_wconf 81' lang='grc' dir='ltr'>ήρωτᾶτο</span> <span class='ocrx_word' id='word_1_662' title='bbox 1596 4505 1701 4559; x_wconf 83' lang='grc' dir='ltr'>ὑπὸ</span> <span class='ocrx_word' id='word_1_663' title='bbox 1728 4504 1835 4559; x_wconf 83' lang='grc' dir='ltr'><strong>τῶν</strong></span> <span class='ocrx_word' id='word_1_664' title='bbox 1873 4507 1985 4558; x_wconf 87' lang='grc' dir='ltr'>ὲπι-</span> 
     </span>
    </p>
   </div>
   <div class='ocr_carea' id='block_1_93' title="bbox 2086 4492 3689 4578">
    <p class='ocr_par' dir='ltr' id='par_1_93' title="bbox 2097 4494 3689 4572">
     <span class='ocr_line' id='line_1_93' title="bbox 2097 4494 3689 4572; baseline -0.014 -4"><span class='ocrx_word' id='word_1_665' title='bbox 2097 4509 2388 4568; x_wconf 89' lang='lat' dir='ltr'><strong>commode</strong></span> <span class='ocrx_word' id='word_1_666' title='bbox 2434 4522 2494 4563; x_wconf 89' lang='lat' dir='ltr'><strong>se</strong></span> <span class='ocrx_word' id='word_1_667' title='bbox 2542 4504 2748 4560; x_wconf 86' lang='lat' dir='ltr'><strong>habere</strong></span> <span class='ocrx_word' id='word_1_668' title='bbox 2778 4498 3100 4572; x_wconf 88' lang='lat' dir='ltr'><strong>respondit:</strong></span> <span class='ocrx_word' id='word_1_669' title='bbox 3130 4497 3261 4568; x_wconf 92' lang='lat' dir='ltr'><strong>quid</strong></span> <span class='ocrx_word' id='word_1_670' title='bbox 3297 4496 3441 4551; x_wconf 87' lang='lat' dir='ltr'><strong>enim</strong></span> <span class='ocrx_word' id='word_1_671' title='bbox 3481 4494 3689 4548; x_wconf 67' lang='lat' dir='ltr'><strong>diceret</strong></span> 
     </span>
    </p>
   </div>
   <div class='ocr_carea' id='block_1_94' title="bbox 394 4594 1993 4669">
    <p class='ocr_par' dir='ltr' id='par_1_94' title="bbox 394 4594 1993 4669">
     <span class='ocr_line' id='line_1_94' title="bbox 394 4594 1993 4669; baseline 0.004 -24"><span class='ocrx_word' id='word_1_672' title='bbox 394 4594 790 4665; x_wconf 86' lang='grc' dir='ltr'>σκεπτομένων</span> <span class='ocrx_word' id='word_1_673' title='bbox 819 4596 849 4647; x_wconf 89' lang='grc' dir='ltr'><strong>ό</strong></span> <span class='ocrx_word' id='word_1_674' title='bbox 894 4597 1261 4669; x_wconf 83' lang='grc' dir='ltr'>πατριάρχης,</span> <span class='ocrx_word' id='word_1_675' title='bbox 1292 4597 1412 4661; x_wconf 84' lang='grc' dir='ltr'>πῶς</span> <span class='ocrx_word' id='word_1_676' title='bbox 1454 4596 1568 4669; x_wconf 82' lang='grc' dir='ltr'>ἔχοι</span> <span class='ocrx_word' id='word_1_677' title='bbox 1603 4598 1692 4653; x_wconf 78' lang='grc' dir='ltr'><strong>διὰ</strong></span> <span class='ocrx_word' id='word_1_678' title='bbox 1736 4598 1831 4652; x_wconf 88' lang='grc' dir='ltr'><strong>τοῦ</strong></span> <span class='ocrx_word' id='word_1_679' title='bbox 1868 4597 1993 4669; x_wconf 85' lang='grc' dir='ltr'>βοη-</span> 
     </span>
    </p>
   </div>
   <div class='ocr_carea' id='block_1_95' title="bbox 396 4683 1992 4764">
    <p class='ocr_par' dir='ltr' id='par_1_95' title="bbox 396 4683 1992 4764">
     <span class='ocr_line' id='line_1_95' title="bbox 396 4683 1992 4764; baseline 0.006 -27"><span class='ocrx_word' id='word_1_680' title='bbox 396 4683 645 4756; x_wconf 79' lang='grc' dir='ltr'>θήματος</span> <span class='ocrx_word' id='word_1_681' title='bbox 671 4703 684 4716; x_wconf 88' lang='grc'>·</span> <span class='ocrx_word' id='word_1_682' title='bbox 723 4688 820 4741; x_wconf 78' lang='grc' dir='ltr'>καὶ</span> <span class='ocrx_word' id='word_1_683' title='bbox 853 4687 1125 4759; x_wconf 83' lang='grc' dir='ltr'>ὡμολόγει</span> <span class='ocrx_word' id='word_1_684' title='bbox 1174 4689 1478 4754; x_wconf 85' lang='grc' dir='ltr'>καλλίστως</span> <span class='ocrx_word' id='word_1_685' title='bbox 1527 4690 1690 4761; x_wconf 81' lang='grc' dir='ltr'>ἔχειν.</span> <span class='ocrx_word' id='word_1_686' title='bbox 1742 4692 1853 4746; x_wconf 76' lang='grc' dir='ltr'><strong>Καὶ</strong></span> <span class='ocrx_word' id='word_1_687' title='bbox 1883 4692 1992 4764; x_wconf 86' lang='grc' dir='ltr'><strong>γὰρ</strong></span> 
     </span>
    </p>
   </div>
   <div class='ocr_carea' id='block_1_96' title="bbox 396 4776 1991 4855">
    <p class='ocr_par' dir='ltr' id='par_1_96' title="bbox 396 4776 1991 4855">
     <span class='ocr_line' id='line_1_96' title="bbox 396 4776 1991 4855; baseline 0.006 -26"><span class='ocrx_word' id='word_1_688' title='bbox 396 4776 517 4847; x_wconf 71' lang='grc' dir='ltr'>ᾔδει</span> <span class='ocrx_word' id='word_1_689' title='bbox 558 4776 586 4830; x_wconf 84' lang='grc' dir='ltr'><strong>ό</strong></span> <span class='ocrx_word' id='word_1_690' title='bbox 619 4776 825 4847; x_wconf 78' lang='grc' dir='ltr'>ἔλεγεν.</span> <span class='ocrx_word' id='word_1_691' title='bbox 864 4779 1096 4833; x_wconf 87' lang='grc' dir='ltr'>Ἔπειτα</span> <span class='ocrx_word' id='word_1_692' title='bbox 1140 4779 1197 4833; x_wconf 84' lang='grc' dir='ltr'><strong>δὲ</strong></span> <span class='ocrx_word' id='word_1_693' title='bbox 1232 4781 1446 4854; x_wconf 81' lang='grc' dir='ltr'>ἡμέρας</span> <span class='ocrx_word' id='word_1_694' title='bbox 1490 4782 1583 4836; x_wconf 83' lang='grc' dir='ltr'><strong>δύο</strong></span> <span class='ocrx_word' id='word_1_695' title='bbox 1629 4783 1661 4855; x_wconf 83' lang='grc' dir='ltr'>ἢ</span> <span class='ocrx_word' id='word_1_696' title='bbox 1707 4787 1857 4855; x_wconf 85' lang='grc' dir='ltr'>τρεῖς</span> <span class='ocrx_word' id='word_1_697' title='bbox 1901 4786 1991 4839; x_wconf 76' lang='grc' dir='ltr'>τὸν</span> 
     </span>
    </p>
   </div>
   <div class='ocr_carea' id='block_1_97' title="bbox 396 4869 1989 4947">
    <p class='ocr_par' dir='ltr' id='par_1_97' title="bbox 396 4869 1989 4947">
     <span class='ocr_line' id='line_1_97' title="bbox 396 4869 1989 4947; baseline 0.004 -24"><span class='ocrx_word' id='word_1_698' title='bbox 396 4869 667 4942; x_wconf 83' lang='grc' dir='ltr'>ἀριθμὸν,</span> <span class='ocrx_word' id='word_1_699' title='bbox 716 4870 977 4937; x_wconf 86' lang='grc' dir='ltr'>πολλάκις</span> <span class='ocrx_word' id='word_1_700' title='bbox 1026 4872 1119 4927; x_wconf 87' lang='grc' dir='ltr'><strong>τοῦ</strong></span> <span class='ocrx_word' id='word_1_701' title='bbox 1171 4874 1472 4928; x_wconf 80' lang='grc' dir='ltr'>ἐπισκόπου</span> <span class='ocrx_word' id='word_1_702' title='bbox 1522 4876 1989 4947; x_wconf 80' lang='grc' dir='ltr'>ἐπισκεπτομένου</span> 
     </span>
    </p>
   </div>
   <div class='ocr_carea' id='block_1_98' title="bbox 398 4961 1992 5041">
    <p class='ocr_par' dir='ltr' id='par_1_98' title="bbox 398 4961 1992 5041">
     <span class='ocr_line' id='line_1_98' title="bbox 398 4961 1992 5041; baseline 0.005 -25"><span class='ocrx_word' id='word_1_703' title='bbox 398 4961 564 5017; x_wconf 80' lang='grc' dir='ltr'>αὑτὸν</span> <span class='ocrx_word' id='word_1_704' title='bbox 592 4965 652 5016; x_wconf 81' lang='grc' dir='ltr'><strong>έν</strong></span> <span class='ocrx_word' id='word_1_705' title='bbox 685 4964 872 5034; x_wconf 88' lang='grc' dir='ltr'>ἱατροῦ</span> <span class='ocrx_word' id='word_1_706' title='bbox 918 4964 1212 5036; x_wconf 81' lang='grc' dir='ltr'>προφάσει,</span> <span class='ocrx_word' id='word_1_707' title='bbox 1263 4966 1529 5040; x_wconf 79' lang='grc' dir='ltr'>ἐκοιμήθη</span> <span class='ocrx_word' id='word_1_708' title='bbox 1571 4968 1600 5020; x_wconf 88' lang='grc' dir='ltr'><strong>ό</strong></span> <span class='ocrx_word' id='word_1_709' title='bbox 1646 4969 1992 5041; x_wconf 86' lang='grc' dir='ltr'>πατριάρχης</span> 
     </span>
    </p>
   </div>
   <div class='ocr_carea' id='block_1_99' title="bbox 402 5055 2000 5131">
    <p class='ocr_par' dir='ltr' id='par_1_99' title="bbox 402 5055 2000 5131">
     <span class='ocr_line' id='line_1_99' title="bbox 402 5055 2000 5131; baseline 0.006 -23"><span class='ocrx_word' id='word_1_710' title='bbox 402 5055 546 5127; x_wconf 81' lang='grc' dir='ltr'>μετὰ</span> <span class='ocrx_word' id='word_1_711' title='bbox 578 5056 751 5128; x_wconf 85' lang='grc' dir='ltr'>καλῆς</span> <span class='ocrx_word' id='word_1_712' title='bbox 786 5056 1118 5123; x_wconf 84' lang='grc' dir='ltr'>ἀποθέσεως,</span> <span class='ocrx_word' id='word_1_713' title='bbox 1152 5060 1426 5131; x_wconf 84' lang='grc' dir='ltr'>παραδοὺς</span> <span class='ocrx_word' id='word_1_714' title='bbox 1471 5062 1561 5117; x_wconf 82' lang='grc' dir='ltr'>τὸν</span> <span class='ocrx_word' id='word_1_715' title='bbox 1597 5063 1726 5116; x_wconf 80' lang='grc' dir='ltr'>ἴδιον</span> <span class='ocrx_word' id='word_1_716' title='bbox 1768 5065 1880 5118; x_wconf 84' lang='grc' dir='ltr'>υἱὸν</span> <span class='ocrx_word' id='word_1_717' title='bbox 1908 5081 2000 5118; x_wconf 88' lang='grc' dir='ltr'>κο-</span> 
     </span>
    </p>
   </div>
   <div class='ocr_carea' id='block_1_100' title="bbox 405 5148 2000 5225">
    <p class='ocr_par' dir='ltr' id='par_1_100' title="bbox 405 5148 2000 5225">
     <span class='ocr_line' id='line_1_100' title="bbox 405 5148 2000 5225; baseline 0.005 -23"><span class='ocrx_word' id='word_1_718' title='bbox 405 5149 538 5221; x_wconf 81' lang='grc' dir='ltr'>μιδῆ</span> <span class='ocrx_word' id='word_1_719' title='bbox 570 5148 691 5204; x_wconf 83' lang='grc' dir='ltr'>νέον</span> <span class='ocrx_word' id='word_1_720' title='bbox 734 5149 865 5203; x_wconf 75' lang='grc' dir='ltr'>ὄντα</span> <span class='ocrx_word' id='word_1_721' title='bbox 907 5151 1155 5223; x_wconf 80' lang='grc' dir='ltr'>Ἰωσήπῳ</span> <span class='ocrx_word' id='word_1_722' title='bbox 1187 5171 1246 5206; x_wconf 90' lang='grc' dir='ltr'><strong>τε</strong></span> <span class='ocrx_word' id='word_1_723' title='bbox 1296 5154 1393 5207; x_wconf 80' lang='grc' dir='ltr'>καὶ</span> <span class='ocrx_word' id='word_1_724' title='bbox 1434 5154 1580 5225; x_wconf 80' lang='grc' dir='ltr'>ἄλλῳ</span> <span class='ocrx_word' id='word_1_725' title='bbox 1623 5157 1731 5212; x_wconf 80' lang='grc' dir='ltr'><strong>τινὶ</strong></span> <span class='ocrx_word' id='word_1_726' title='bbox 1761 5157 2000 5211; x_wconf 77' lang='grc' dir='ltr'>ἐπιεικε-</span> 
     </span>
    </p>
   </div>
   <div class='ocr_carea' id='block_1_101' title="bbox 403 5243 1999 5317">
    <p class='ocr_par' dir='ltr' id='par_1_101' title="bbox 403 5243 1999 5317">
     <span class='ocr_line' id='line_1_101' title="bbox 403 5243 1999 5317; baseline 0.006 -22"><span class='ocrx_word' id='word_1_727' title='bbox 403 5244 607 5313; x_wconf 87' lang='grc' dir='ltr'>στάτῳ.</span> <span class='ocrx_word' id='word_1_728' title='bbox 642 5243 725 5296; x_wconf 86' lang='grc' dir='ltr'><strong>τὰ</strong></span> <span class='ocrx_word' id='word_1_729' title='bbox 754 5243 934 5298; x_wconf 87' lang='grc' dir='ltr'>πάντα</span> <span class='ocrx_word' id='word_1_730' title='bbox 961 5245 1143 5299; x_wconf 85' lang='grc' dir='ltr'>τοίνυν</span> <span class='ocrx_word' id='word_1_731' title='bbox 1173 5246 1474 5317; x_wconf 78' lang='grc' dir='ltr'>ἐπράττετο</span> <span class='ocrx_word' id='word_1_732' title='bbox 1503 5247 1590 5301; x_wconf 77' lang='grc' dir='ltr'><strong>διὰ</strong></span> <span class='ocrx_word' id='word_1_733' title='bbox 1622 5249 1731 5303; x_wconf 86' lang='grc' dir='ltr'>τῶν</span> <span class='ocrx_word' id='word_1_734' title='bbox 1754 5248 1847 5303; x_wconf 89' lang='grc' dir='ltr'>δύο</span> <span class='ocrx_word' id='word_1_735' title='bbox 1874 5250 1999 5303; x_wconf 82' lang='grc' dir='ltr'>τού-</span> 
     </span>
    </p>
   </div>
   <div class='ocr_carea' id='block_1_102' title="bbox 401 5334 1993 5414">
    <p class='ocr_par' dir='ltr' id='par_1_102' title="bbox 401 5334 1993 5414">
     <span class='ocr_line' id='line_1_102' title="bbox 401 5334 1993 5414; baseline 0.005 -26"><span class='ocrx_word' id='word_1_736' title='bbox 401 5351 535 5397; x_wconf 87' lang='grc' dir='ltr'>των,</span> <span class='ocrx_word' id='word_1_737' title='bbox 553 5334 641 5388; x_wconf 84' lang='grc' dir='ltr'><strong>διὰ</strong></span> <span class='ocrx_word' id='word_1_738' title='bbox 659 5335 721 5389; x_wconf 81' lang='grc' dir='ltr'>τὸ</span> <span class='ocrx_word' id='word_1_739' title='bbox 741 5335 821 5389; x_wconf 75' lang='grc' dir='ltr'>ἔτι</span> <span class='ocrx_word' id='word_1_740' title='bbox 849 5336 940 5389; x_wconf 83' lang='grc' dir='ltr'>τὸν</span> <span class='ocrx_word' id='word_1_741' title='bbox 966 5340 1314 5411; x_wconf 87' lang='grc' dir='ltr'>πατριάρχην</span> <span class='ocrx_word' id='word_1_742' title='bbox 1342 5339 1507 5394; x_wconf 83' lang='grc' dir='ltr'>παῖδα</span> <span class='ocrx_word' id='word_1_743' title='bbox 1532 5340 1661 5394; x_wconf 76' lang='grc' dir='ltr'>ὄντα</span> <span class='ocrx_word' id='word_1_744' title='bbox 1688 5342 1993 5414; x_wconf 75' lang='grc' dir='ltr'>νηπιάζειν,</span> 
     </span>
    </p>
   </div>
   <div class='ocr_carea' id='block_1_103' title="bbox 403 5428 1996 5507">
    <p class='ocr_par' dir='ltr' id='par_1_103' title="bbox 403 5428 1996 5507">
     <span class='ocr_line' id='line_1_103' title="bbox 403 5428 1996 5507; baseline 0.004 -26"><span class='ocrx_word' id='word_1_745' title='bbox 403 5428 503 5481; x_wconf 78' lang='grc' dir='ltr'>καὶ</span> <span class='ocrx_word' id='word_1_746' title='bbox 529 5429 586 5481; x_wconf 80' lang='grc' dir='ltr'>ἐν</span> <span class='ocrx_word' id='word_1_747' title='bbox 636 5429 822 5499; x_wconf 77' lang='grc' dir='ltr'>χερσὶν</span> <span class='ocrx_word' id='word_1_748' title='bbox 870 5428 1050 5483; x_wconf 80' lang='grc' dir='ltr'>αὐτῶν</span> <span class='ocrx_word' id='word_1_749' title='bbox 1099 5431 1524 5503; x_wconf 81' lang='grc' dir='ltr'>άνατρέφεσθαι.</span> <span class='ocrx_word' id='word_1_750' title='bbox 1584 5433 1672 5487; x_wconf 88' lang='grc' dir='ltr'>Ἐν</span> <span class='ocrx_word' id='word_1_751' title='bbox 1709 5434 1888 5507; x_wconf 82' lang='grc' dir='ltr'>τούτῳ</span> <span class='ocrx_word' id='word_1_752' title='bbox 1916 5435 1996 5507; x_wconf 79' lang='grc' dir='ltr'>τῷ</span> 
     </span>
    </p>
   </div>
   <div class='ocr_carea' id='block_1_104' title="bbox 404 5510 1997 5600">
    <p class='ocr_par' dir='ltr' id='par_1_104' title="bbox 404 5510 1997 5600">
     <span class='ocr_line' id='line_1_104' title="bbox 404 5510 1997 5600; baseline 0.007 -30"><span class='ocrx_word' id='word_1_753' title='bbox 404 5517 585 5590; x_wconf 87' lang='grc' dir='ltr'>καιρῷ</span> <span class='ocrx_word' id='word_1_754' title='bbox 614 5520 715 5590; x_wconf 83' lang='grc' dir='ltr'>τῆς</span> <span class='ocrx_word' id='word_1_755' title='bbox 742 5516 1116 5584; x_wconf 71' lang='grc' dir='ltr'>διανοίας“τοῦ</span> <span class='ocrx_word' id='word_1_756' title='bbox 1158 5510 1422 5595; x_wconf 83' lang='grc' dir='ltr'>Ἰωσήποὺ</span> <span class='ocrx_word' id='word_1_757' title='bbox 1450 5525 1844 5600; x_wconf 84' lang='grc' dir='ltr'>ὲνοχλουμένης</span> <span class='ocrx_word' id='word_1_758' title='bbox 1866 5527 1997 5581; x_wconf 86' lang='grc' dir='ltr'>πολ-</span> 
     </span>
    </p>
   </div>
   <div class='ocr_carea' id='block_1_105' title="bbox 327 5609 1996 5690">
    <p class='ocr_par' dir='ltr' id='par_1_105' title="bbox 327 5609 1996 5690">
     <span class='ocr_line' id='line_1_105' title="bbox 327 5609 1996 5690; baseline 0.006 -27"><span class='ocrx_word' id='word_1_759' title='bbox 327 5626 332 5628; x_wconf 78' lang='lat'>&#39;</span> <span class='ocrx_word' id='word_1_760' title='bbox 403 5609 564 5674; x_wconf 78' lang='grc' dir='ltr'>λάκις</span> <span class='ocrx_word' id='word_1_761' title='bbox 591 5610 677 5665; x_wconf 83' lang='grc' dir='ltr'>διὰ</span> <span class='ocrx_word' id='word_1_762' title='bbox 704 5611 814 5664; x_wconf 85' lang='grc' dir='ltr'>τῶν</span> <span class='ocrx_word' id='word_1_763' title='bbox 855 5614 1160 5685; x_wconf 81' lang='grc' dir='ltr'>γενομένων</span> <span class='ocrx_word' id='word_1_764' title='bbox 1217 5617 1516 5687; x_wconf 85' lang='grc' dir='ltr'>μυστικῶν,</span> <span class='ocrx_word' id='word_1_765' title='bbox 1554 5620 1613 5672; x_wconf 81' lang='grc' dir='ltr'>ἐν</span> <span class='ocrx_word' id='word_1_766' title='bbox 1653 5621 1720 5690; x_wconf 78' lang='grc' dir='ltr'>τῇ</span> <span class='ocrx_word' id='word_1_767' title='bbox 1770 5620 1912 5676; x_wconf 84' lang='grc' dir='ltr'>κατὰ</span> <span class='ocrx_word' id='word_1_768' title='bbox 1936 5620 1996 5673; x_wconf 74' lang='grc' dir='ltr'>τὸ</span> 
     </span>
    </p>
   </div>
   <div class='ocr_carea' id='block_1_106' title="bbox 487 5793 1031 5859">
    <p class='ocr_par' dir='ltr' id='par_1_106' title="bbox 487 5793 1031 5859">
     <span class='ocr_line' id='line_1_106' title="bbox 487 5793 1031 5859; baseline 0 -10"><span class='ocrx_word' id='word_1_769' title='bbox 487 5795 504 5826; x_wconf 76' lang='grc'><strong>⁸</strong></span> <span class='ocrx_word' id='word_1_770' title='bbox 528 5793 718 5850; x_wconf 72' lang='lat' dir='ltr'><strong>Matth.</strong></span> <span class='ocrx_word' id='word_1_771' title='bbox 755 5810 911 5859; x_wconf 60' lang='lat' dir='ltr'><strong>svnt,</strong></span> <span class='ocrx_word' id='word_1_772' title='bbox 946 5795 1031 5852; x_wconf 86' lang='grc'><strong>18.</strong></span> 
     </span>
    </p>
   </div>
   <div class='ocr_carea' id='block_1_107' title="bbox 2100 4585 3691 4671">
    <p class='ocr_par' dir='ltr' id='par_1_107' title="bbox 2100 4585 3691 4671">
     <span class='ocr_line' id='line_1_107' title="bbox 2100 4585 3691 4671; baseline -0.008 -19"><span class='ocrx_word' id='word_1_773' title='bbox 2100 4600 2363 4671; x_wconf 63' lang='lat' dir='ltr'><strong>praeclare</strong></span> <span class='ocrx_word' id='word_1_774' title='bbox 2393 4602 2638 4650; x_wconf 89' lang='lat' dir='ltr'><strong>noverat.</strong></span> <span class='ocrx_word' id='word_1_775' title='bbox 2664 4590 2838 4645; x_wconf 91' lang='lat' dir='ltr'><strong>Biduo</strong></span> <span class='ocrx_word' id='word_1_776' title='bbox 2861 4588 3064 4645; x_wconf 88' lang='lat' dir='ltr'><strong>dehinc</strong></span> <span class='ocrx_word' id='word_1_777' title='bbox 3094 4588 3181 4644; x_wconf 86' lang='lat' dir='ltr'><strong>vel</strong></span> <span class='ocrx_word' id='word_1_778' title='bbox 3214 4586 3421 4652; x_wconf 90' lang='lat' dir='ltr'><strong>triduo,</strong></span> <span class='ocrx_word' id='word_1_779' title='bbox 3451 4585 3691 4640; x_wconf 87' lang='lat' dir='ltr'><strong>adeunte</strong></span> 
     </span>
    </p>
   </div>
   <div class='ocr_carea' id='block_1_108' title="bbox 2101 4677 3691 4763">
    <p class='ocr_par' dir='ltr' id='par_1_108' title="bbox 2101 4677 3691 4763">
     <span class='ocr_line' id='line_1_108' title="bbox 2101 4677 3691 4763; baseline -0.011 -14"><span class='ocrx_word' id='word_1_780' title='bbox 2101 4693 2302 4763; x_wconf 67' lang='lat' dir='ltr'><strong>saepius</strong></span> <span class='ocrx_word' id='word_1_781' title='bbox 2341 4706 2436 4760; x_wconf 80' lang='lat' dir='ltr'><strong>per</strong></span> <span class='ocrx_word' id='word_1_782' title='bbox 2466 4686 2660 4743; x_wconf 86' lang='lat' dir='ltr'><strong>medici</strong></span> <span class='ocrx_word' id='word_1_783' title='bbox 2701 4683 2940 4755; x_wconf 87' lang='lat' dir='ltr'><strong>speciem</strong></span> <span class='ocrx_word' id='word_1_784' title='bbox 2982 4680 3269 4752; x_wconf 88' lang='lat' dir='ltr'><strong>episcopo,</strong></span> <span class='ocrx_word' id='word_1_785' title='bbox 3306 4678 3456 4734; x_wconf 83' lang='lat' dir='ltr'><strong>felici</strong></span> <span class='ocrx_word' id='word_1_786' title='bbox 3487 4693 3554 4741; x_wconf 71' lang='lat' dir='ltr'><strong>ex</strong></span> <span class='ocrx_word' id='word_1_787' title='bbox 3584 4677 3691 4732; x_wconf 87' lang='lat' dir='ltr'><strong>hac</strong></span> 
     </span>
    </p>
   </div>
   <div class='ocr_carea' id='block_1_109' title="bbox 2099 4770 3690 4852">
    <p class='ocr_par' dir='ltr' id='par_1_109' title="bbox 2099 4770 3690 4852">
     <span class='ocr_line' id='line_1_109' title="bbox 2099 4770 3690 4852; baseline -0.011 -13"><span class='ocrx_word' id='word_1_788' title='bbox 2099 4785 2209 4839; x_wconf 90' lang='lat' dir='ltr'><strong>vita</strong></span> <span class='ocrx_word' id='word_1_789' title='bbox 2240 4783 2390 4839; x_wconf 80' lang='lat' dir='ltr'><strong>exitu</strong></span> <span class='ocrx_word' id='word_1_790' title='bbox 2431 4778 2744 4852; x_wconf 86' lang='lat' dir='ltr'><strong>patriarcha</strong></span> <span class='ocrx_word' id='word_1_791' title='bbox 2775 4774 3035 4840; x_wconf 86' lang='lat' dir='ltr'><strong>decessit,</strong></span> <span class='ocrx_word' id='word_1_792' title='bbox 3066 4790 3192 4828; x_wconf 90' lang='lat' dir='ltr'><strong>cum</strong></span> <span class='ocrx_word' id='word_1_793' title='bbox 3233 4772 3388 4843; x_wconf 89' lang='lat' dir='ltr'><strong>prius</strong></span> <span class='ocrx_word' id='word_1_794' title='bbox 3424 4770 3690 4841; x_wconf 80' lang='lat' dir='ltr'><strong>Josepbo,</strong></span> 
     </span>
    </p>
   </div>
   <div class='ocr_carea' id='block_1_110' title="bbox 2099 4864 3695 4933">
    <p class='ocr_par' dir='ltr' id='par_1_110' title="bbox 2099 4864 3695 4933">
     <span class='ocr_line' id='line_1_110' title="bbox 2099 4864 3695 4933; baseline -0.008 -2"><span class='ocrx_word' id='word_1_795' title='bbox 2099 4884 2155 4933; x_wconf 92' lang='lat' dir='ltr'><strong>et</strong></span> <span class='ocrx_word' id='word_1_796' title='bbox 2178 4876 2335 4929; x_wconf 86' lang='lat' dir='ltr'><strong>alteri</strong></span> <span class='ocrx_word' id='word_1_797' title='bbox 2367 4873 2585 4929; x_wconf 90' lang='lat' dir='ltr'><strong>cuidam</strong></span> <span class='ocrx_word' id='word_1_798' title='bbox 2616 4871 3010 4927; x_wconf 78' lang='lat' dir='ltr'><strong>honeStissimo</strong></span> <span class='ocrx_word' id='word_1_799' title='bbox 3031 4867 3150 4921; x_wconf 85' lang='lat' dir='ltr'><strong>viro</strong></span> <span class='ocrx_word' id='word_1_800' title='bbox 3181 4866 3491 4920; x_wconf 68' lang='lat' dir='ltr'><strong>tenerrima:</strong></span> <span class='ocrx_word' id='word_1_801' title='bbox 3510 4864 3695 4918; x_wconf 88' lang='lat' dir='ltr'><strong>adhuc</strong></span> 
     </span>
    </p>
   </div>
   <div class='ocr_carea' id='block_1_111' title="bbox 2098 4955 3694 5026">
    <p class='ocr_par' dir='ltr' id='par_1_111' title="bbox 2098 4955 3694 5026">
     <span class='ocr_line' id='line_1_111' title="bbox 2098 4955 3694 5026; baseline -0.009 -2"><span class='ocrx_word' id='word_1_802' title='bbox 2098 4968 2278 5024; x_wconf 60' lang='lat' dir='ltr'><strong>aetatis</strong></span> <span class='ocrx_word' id='word_1_803' title='bbox 2311 4967 2482 5022; x_wconf 87' lang='lat' dir='ltr'><strong>filium</strong></span> <span class='ocrx_word' id='word_1_804' title='bbox 2512 4964 2906 5019; x_wconf 86' lang='lat' dir='ltr'><strong>commisisset.</strong></span> <span class='ocrx_word' id='word_1_805' title='bbox 2954 4959 3228 5026; x_wconf 86' lang='lat' dir='ltr'><strong>Quocirca</strong></span> <span class='ocrx_word' id='word_1_806' title='bbox 3265 4959 3446 5012; x_wconf 90' lang='lat' dir='ltr'><strong>omnia</strong></span> <span class='ocrx_word' id='word_1_807' title='bbox 3480 4956 3547 5010; x_wconf 90' lang='lat' dir='ltr'><strong>ab</strong></span> <span class='ocrx_word' id='word_1_808' title='bbox 3580 4955 3694 5010; x_wconf 77' lang='lat' dir='ltr'><strong>illis</strong></span> 
     </span>
    </p>
   </div>
   <div class='ocr_carea' id='block_1_112' title="bbox 2097 5048 3689 5125">
    <p class='ocr_par' dir='ltr' id='par_1_112' title="bbox 2097 5048 3689 5125">
     <span class='ocr_line' id='line_1_112' title="bbox 2097 5048 3689 5125; baseline -0.01 -8"><span class='ocrx_word' id='word_1_809' title='bbox 2097 5063 2370 5118; x_wconf 84' lang='lat' dir='ltr'><strong>ambobus</strong></span> <span class='ocrx_word' id='word_1_810' title='bbox 2406 5057 2958 5120; x_wconf 84' lang='lat' dir='ltr'><strong>administrabantur,</strong></span> <span class='ocrx_word' id='word_1_811' title='bbox 2999 5052 3148 5125; x_wconf 90' lang='lat' dir='ltr'><strong>quod</strong></span> <span class='ocrx_word' id='word_1_812' title='bbox 3188 5058 3337 5108; x_wconf 84' lang='lat' dir='ltr'><strong>esset</strong></span> <span class='ocrx_word' id='word_1_813' title='bbox 3376 5048 3689 5121; x_wconf 86' lang='lat' dir='ltr'><strong>patriarcha</strong></span> 
     </span>
    </p>
   </div>
   <div class='ocr_carea' id='block_1_113' title="bbox 2096 5141 3725 5224">
    <p class='ocr_par' dir='ltr' id='par_1_113' title="bbox 2096 5141 3725 5224">
     <span class='ocr_line' id='line_1_113' title="bbox 2096 5141 3725 5224; baseline -0.01 -14"><span class='ocrx_word' id='word_1_814' title='bbox 2096 5156 2277 5211; x_wconf 86' lang='lat' dir='ltr'><strong>adhuc</strong></span> <span class='ocrx_word' id='word_1_815' title='bbox 2306 5163 2468 5211; x_wconf 64' lang='lat' dir='ltr'><strong>astate</strong></span> <span class='ocrx_word' id='word_1_816' title='bbox 2509 5168 2646 5224; x_wconf 89' lang='lat' dir='ltr'><strong>puer</strong></span> <span class='ocrx_word' id='word_1_817' title='bbox 2671 5167 2737 5207; x_wconf 90' lang='lat' dir='ltr'><strong>ac</strong></span> <span class='ocrx_word' id='word_1_818' title='bbox 2767 5147 3165 5223; x_wconf 88' lang='lat' dir='ltr'><strong>propemodum</strong></span> <span class='ocrx_word' id='word_1_819' title='bbox 3210 5143 3415 5209; x_wconf 85' lang='lat' dir='ltr'><strong>infans,</strong></span> <span class='ocrx_word' id='word_1_820' title='bbox 3458 5149 3514 5196; x_wconf 92' lang='lat' dir='ltr'><strong>et</strong></span> <span class='ocrx_word' id='word_1_821' title='bbox 3544 5141 3691 5197; x_wconf 88' lang='lat' dir='ltr'><strong>inter</strong></span> <span class='ocrx_word' id='word_1_822' title='bbox 3718 5148 3725 5153; x_wconf 89' lang='lat'>&#39;</span> 
     </span>
    </p>
   </div>
   <div class='ocr_carea' id='block_1_114' title="bbox 2099 5232 3686 5306">
    <p class='ocr_par' dir='ltr' id='par_1_114' title="bbox 2099 5232 3686 5306">
     <span class='ocr_line' id='line_1_114' title="bbox 2099 5232 3686 5306; baseline -0.01 -2"><span class='ocrx_word' id='word_1_823' title='bbox 2099 5251 2318 5306; x_wconf 87' lang='lat' dir='ltr'><strong>illorum</strong></span> <span class='ocrx_word' id='word_1_824' title='bbox 2350 5261 2548 5303; x_wconf 90' lang='lat' dir='ltr'><strong>manus</strong></span> <span class='ocrx_word' id='word_1_825' title='bbox 2577 5245 2928 5301; x_wconf 89' lang='lat' dir='ltr'><strong>educaretur.</strong></span> <span class='ocrx_word' id='word_1_826' title='bbox 2961 5240 3067 5297; x_wconf 91' lang='lat' dir='ltr'><strong>Per</strong></span> <span class='ocrx_word' id='word_1_827' title='bbox 3106 5237 3249 5293; x_wconf 87' lang='lat' dir='ltr'><strong>idem</strong></span> <span class='ocrx_word' id='word_1_828' title='bbox 3285 5244 3505 5306; x_wconf 90' lang='lat' dir='ltr'><strong>tempus</strong></span> <span class='ocrx_word' id='word_1_829' title='bbox 3527 5232 3686 5289; x_wconf 74' lang='lat' dir='ltr'><strong>Jose-</strong></span> 
     </span>
    </p>
   </div>
   <div class='ocr_carea' id='block_1_115' title="bbox 2100 5326 3684 5416">
    <p class='ocr_par' dir='ltr' id='par_1_115' title="bbox 2100 5326 3684 5416">
     <span class='ocr_line' id='line_1_115' title="bbox 2100 5326 3684 5416; baseline -0.013 -17"><span class='ocrx_word' id='word_1_830' title='bbox 2100 5345 2194 5416; x_wconf 90' lang='lat' dir='ltr'><strong>pbi</strong></span> <span class='ocrx_word' id='word_1_831' title='bbox 2231 5344 2476 5397; x_wconf 88' lang='lat' dir='ltr'><strong>animum</strong></span> <span class='ocrx_word' id='word_1_832' title='bbox 2527 5338 2826 5395; x_wconf 88' lang='lat' dir='ltr'><strong>sollicitum</strong></span> <span class='ocrx_word' id='word_1_833' title='bbox 2860 5334 3094 5389; x_wconf 87' lang='lat' dir='ltr'><strong>habebat</strong></span> <span class='ocrx_word' id='word_1_834' title='bbox 3125 5345 3318 5387; x_wconf 91' lang='lat' dir='ltr'><strong>eorum</strong></span> <span class='ocrx_word' id='word_1_835' title='bbox 3353 5326 3684 5389; x_wconf 85' lang='lat' dir='ltr'><strong>recordatio,</strong></span> 
     </span>
    </p>
   </div>
   <div class='ocr_carea' id='block_1_116' title="bbox 2099 5420 3686 5507">
    <p class='ocr_par' dir='ltr' id='par_1_116' title="bbox 2099 5420 3686 5507">
     <span class='ocr_line' id='line_1_116' title="bbox 2099 5420 3686 5507; baseline -0.013 -15"><span class='ocrx_word' id='word_1_836' title='bbox 2099 5451 2221 5507; x_wconf 66' lang='lat' dir='ltr'><strong>quae</strong></span> <span class='ocrx_word' id='word_1_837' title='bbox 2244 5435 2299 5490; x_wconf 91' lang='lat' dir='ltr'><strong>in</strong></span> <span class='ocrx_word' id='word_1_838' title='bbox 2340 5433 2616 5503; x_wconf 89' lang='lat' dir='ltr'><strong>baptismo</strong></span> <span class='ocrx_word' id='word_1_839' title='bbox 2650 5429 2763 5484; x_wconf 80' lang='lat' dir='ltr'><strong>fieri</strong></span> <span class='ocrx_word' id='word_1_840' title='bbox 2816 5425 3049 5498; x_wconf 87' lang='lat' dir='ltr'><strong>mystica</strong></span> <span class='ocrx_word' id='word_1_841' title='bbox 3084 5436 3399 5493; x_wconf 88' lang='lat' dir='ltr'><strong>arcanaque</strong></span> <span class='ocrx_word' id='word_1_842' title='bbox 3435 5420 3686 5475; x_wconf 82' lang='lat' dir='ltr'><strong>viderat:</strong></span> 
     </span>
    </p>
   </div>
   <div class='ocr_carea' id='block_1_117' title="bbox 2099 5507 3688 5596">
    <p class='ocr_par' dir='ltr' id='par_1_117' title="bbox 2099 5507 3688 5596">
     <span class='ocr_line' id='line_1_117' title="bbox 2099 5507 3688 5596; baseline -0.014 -15"><span class='ocrx_word' id='word_1_843' title='bbox 2099 5538 2153 5581; x_wconf 85' lang='lat' dir='ltr'><strong>et</strong></span> <span class='ocrx_word' id='word_1_844' title='bbox 2189 5525 2453 5596; x_wconf 88' lang='lat' dir='ltr'><strong>quidnam</strong></span> <span class='ocrx_word' id='word_1_845' title='bbox 2483 5529 2668 5591; x_wconf 82' lang='lat' dir='ltr'><strong>ageret</strong></span> <span class='ocrx_word' id='word_1_846' title='bbox 2692 5518 2852 5573; x_wconf 81' lang='lat' dir='ltr'><strong>anxie</strong></span> <span class='ocrx_word' id='word_1_847' title='bbox 2889 5513 3186 5586; x_wconf 80' lang='lat' dir='ltr'><strong>cogitabat.</strong></span> <span class='ocrx_word' id='word_1_848' title='bbox 3222 5509 3582 5568; x_wconf 87' lang='lat' dir='ltr'><strong>Commodum</strong></span> <span class='ocrx_word' id='word_1_849' title='bbox 3623 5507 3688 5560; x_wconf 77' lang='lat' dir='ltr'><strong>il-</strong></span> 
     </span>
    </p>
   </div>
   <div class='ocr_carea' id='block_1_118' title="bbox 2098 5597 3685 5690">
    <p class='ocr_par' dir='ltr' id='par_1_118' title="bbox 2098 5597 3685 5690">
     <span class='ocr_line' id='line_1_118' title="bbox 2098 5597 3685 5690; baseline -0.014 -16"><span class='ocrx_word' id='word_1_850' title='bbox 2098 5620 2171 5674; x_wconf 92' lang='lat' dir='ltr'><strong>lic</strong></span> <span class='ocrx_word' id='word_1_851' title='bbox 2211 5610 2587 5690; x_wconf 79' lang='lat' dir='ltr'><strong>gazophylacii</strong></span> <span class='ocrx_word' id='word_1_852' title='bbox 2618 5609 2755 5667; x_wconf 88' lang='lat' dir='ltr'><strong>cella</strong></span> <span class='ocrx_word' id='word_1_853' title='bbox 2783 5607 3031 5680; x_wconf 78' lang='lat' dir='ltr'><strong>quaedam</strong></span> <span class='ocrx_word' id='word_1_854' title='bbox 3056 5612 3176 5662; x_wconf 90' lang='lat' dir='ltr'><strong>erat</strong></span> <span class='ocrx_word' id='word_1_855' title='bbox 3213 5602 3502 5674; x_wconf 87' lang='lat' dir='ltr'><strong>obsignata</strong></span> <span class='ocrx_word' id='word_1_856' title='bbox 3529 5597 3685 5672; x_wconf 82' lang='lat' dir='ltr'><strong>(gaza</strong></span> 
     </span>
    </p>
   </div>
  </div>
