3982 6434
435 323 545 380 4ίό

1830 321 1882 376 s.
1923 317 2264 376 EPIPllANll
3305 287 3322 301 “
3594 321 3683 376 ne

438 451 604 508 porro
644 428 905 492 Hebraice
949 430 1252 490 thesaurum
1295 431 1610 507 signiﬁcat).
1641 435 1813 505 Cujus
1855 435 2018 505 sigilli

2124 436 2345 503 Αουτρδν
2399 429 2649 484 ὑποθέσει
2683 430 2980 485 ἐσκέπτετο
3009 431 3062 484 τί
3102 433 3165 486 ἂν
3214 434 3464 504 πράξειε·
3501 436 3587 488 καὶ
3626 431 3686 507 ἦν

437 531 613 599 gratia
645 530 922 600 plerisque
951 529 1102 584 varia
1132 529 1200 584 de
1228 544 1294 584 eo
1319 528 1708 599 gazophylacio
1730 527 2017 596 suspicari.

439 619 608 681 tibus,
642 616 917 688 Iosephus
952 619 1091 673 clam
1133 633 1301 673 ausus
1350 618 1563 688 aperire
1592 617 1728 671 nihil
1752 617 2016 687 pecunia-

438 727 560 764 rum
602 711 823 780 reperit,
858 709 953 764 sed
982 710 1153 763 libros
1183 709 1448 763 duntaxat
1471 711 1718 780 pecuniis
1761 709 2018 764 omnibus

439 805 874 875 prmstantiores.
908 802 1058 868 Quos
1081 803 1210 856 dum
1247 802 1472 865 evolvit,
1506 802 1645 856 forte
1669 803 1723 856 in
1761 801 1892 855 illud
1929 801 2018 854 in-

437 895 596 957 cidit,
646 893 716 948 de
755 908 864 962 quo
923 894 1130 946 dictum
1187 903 1292 956 est,
1325 893 1555 948 Joannis
1597 893 1947 964 Evangelium
1987 907 2018 947 e

437 982 628 1038 Graeco
665 985 718 1038 in
749 983 1075 1038 llebraicum
1109 985 1456 1048 translatum,
1488 999 1595 1037 una
1641 999 1764 1037 cum
1795 992 2018 1053 aposto-

436 1073 617 1129 lorum
668 1075 916 1129 Actibus.
953 1075 1035 1130 Ad
1085 1076 1202 1130 haec
1253 1075 1494 1130 Matthmi
1523 1091 1743 1146 quoque
1789 1075 2019 1131 Hebrai-

433 1179 555 1219 cam
587 1165 962 1236 genealogiam
1005 1167 1233 1220 invenit.
1271 1166 1482 1232 Quibus
1509 1167 1785 1237 perlectis,
1824 1183 2018 1222 rursus

432 1253 554 1323 ejus
581 1254 800 1311 animus
827 1257 1064 1309 cruciari
1105 1258 1306 1326 coepit;
1333 1264 1386 1311 et
1406 1255 1775 1311 Christianam
1797 1256 2016 1326 quidem

437 1344 597 1400 ﬁdem
638 1362 933 1416 capessere
984 1348 1274 1427 molestum
1311 1347 1361 1403 ei
1405 1348 1711 1403 videbatur.
1751 1347 1856 1403 Sed
1902 1348 2018 1403 haec

434 1437 547 1492 duo
577 1438 958 1504 nihilominus,
1005 1446 1055 1493 ct
1089 1439 1354 1493 librorum
1399 1439 1582 1505 lectio,
1614 1448 1668 1492 et
1694 1439 2018 1509 patriarcha:

437 1525 678 1582 initiatio
705 1527 1054 1583 vehementer
1086 1527 1362 1583 hominem
1393 1529 1686 1598 angebant.
1721 1528 1825 1594 Qui
1846 1528 2019 1584 obdu-

439 1625 560 1673 rato
594 1625 796 1685 tamen,
829 1625 889 1672 ut
919 1618 1145 1686 assolet,
1179 1618 1368 1674 animo
1390 1619 1712 1689 permansit.

509 1870 624 1934 τυ.
666 1879 813 1936 inter
854 1876 972 1934 haec
1011 1875 1365 1937 adolescente
1402 1873 1514 1944 jam
1546 1871 1732 1931 Ellclis
1769 1871 1880 1929 tllio
1911 1888 2016 1945 pu-

439 1971 594 2042 pillo,
620 1970 714 2042 qui
745 1971 810 2025 ad
841 1986 992 2042 spem
1020 1969 1429 2041 patriarchatus
1455 1967 1794 2022 educabatur
1821 1965 2022 2036 (neque

437 2064 584 2118 enim
618 2063 972 2134 magistratus
1014 2062 1156 2132 apud
1188 2059 1407 2116 Judzeos
1447 2059 1593 2114 ullus
1627 2057 1891 2128 praeripit,
1923 2056 2020 2111 sed

438 2156 758 2225 parentibus
808 2150 903 2209 ﬁlii
952 2153 1320 2222 succedunt),
1370 2165 1496 2206 mox
1544 2157 1604 2205 ut
1652 2149 1829 2204 aetatis
1863 2148 2016 2220 131

435 2243 624 2304 ﬂorem
675 2262 741 2303 ac
786 2247 1028 2318 vigorem
1076 2246 1288 2316 attigit,
1331 2241 1401 2298 ad
1436 2241 1556 2313 ejus
1594 2241 2019 2296 familiaritatem

436 2340 676 2410 aequales
717 2340 940 2411 quidam
986 2337 1298 2410 perniciose
1341 2332 1614 2409 obrepunt
1649 2335 1811 2392 otiosi
1844 2334 2023 2390 adole-

437 2443 678 2498 scentes,
726 2448 790 2487 ac
836 2432 1085 2488 moribus
1134 2430 1379 2501 corrupti
1411 2424 1626 2500 (ludas,
1670 2428 1889 2498 Opinor,
1932 2441 2021 2498 pa-

437 2527 697 2581 triarcha:
725 2540 924 2580 nomen
960 2531 1098 2588 erat,
1123 2538 1300 2592 neque
1336 2531 1518 2575 tamen
1547 2527 1698 2574 tanto
1733 2519 2021 2573 intervallo

438 2619 610 2689 probe
650 2613 1048 2687 commemini).
1084 2611 1148 2668 Hi
1197 2614 1349 2669 varia
1385 2613 1536 2666 illum
1579 2606 1648 2664 ad
1699 2609 2021 2679 corruptela:

438 2708 884 2780 ﬂagitiorumque
912 2720 1112 2778 genera
1144 2702 1553 2776 pertrabebant,
1584 2700 1874 2755 mulierum
1903 2711 2020 2756 stu-

439 2815 560 2870 pra,
585 2797 853 2854 nefandas
872 2797 1149 2860 libidines,
1185 2795 1428 2866 magicas
1459 2792 1789 2865 praestigias,
1819 2792 2019 2862 quibus

439 2890 506 2945 ad
552 2889 891 2959 cupiditates
957 2886 1256 2957 explendas
1315 2885 1468 2939 illum
1536 2883 1900 2952 adjuvabant;
1965 2893 2019 2941 et

438 2981 722 3036 amatoriis
783 2979 1056 3034 illecebris
1123 2989 1287 3048 atque
1354 2974 1697 3030 carminibus
1775 2974 1841 3028 ad
1896 2976 2018 3045 ejus

438 3075 784 3145 complexum
848 3084 1130 3128 matronas
1174 3073 1439 3141 ingenuas
1475 3068 1524 3122 vi
1557 3067 1793 3138 quadam
1836 3065 2018 3136 adige-

438 3165 590 3219 bant.
639 3165 707 3217 At
745 3162 1037 3234 Josephns.
1072 3173 1125 3218 et
1166 3162 1302 3216 alter
1351 3159 1537 3230 pupilli
1585 3168 1809 3214 curator
1850 3174 2016 3213 senex

437 3272 666 3326 puerum
714 3256 867 3326 sequi
908 3255 1090 3309 coacti
1139 3269 1272 3308 sane
1313 3251 1366 3306 id
1400 3251 1726 3322 permoleste
1767 3249 1929 3313 ferre,
1966 3254 2020 3303 et

437 3349 730 3421 objurgare
787 3363 1179 3418 nonnunquam
1239 3346 1462 3408 verbis,
1518 3352 1574 3399 et
1630 3344 1861 3397 hortari.
1928 3340 2021 3396 llle

435 3439 736 3509 atquaIibus
781 3438 898 3494 suis
940 3438 1113 3492 multo
1147 3437 1320 3506 magis
1361 3435 1611 3504 obsequi,
1651 3432 1853 3504 ﬂagitia
1897 3447 2017 3503 par-

439 3535 546 3592 tim_
572 3521 998 3594 dissimulando,
1023 3527 1221 3597 partim
1263 3525 1560 3580 inliciando
1593 3533 1796 3594 tegere.
1825 3522 2021 3593 Neque

436 3619 583 3675 enim
607 3626 818 3674 tutores
841 3617 1124 3672 criminari
1157 3632 1218 3671 ac
1241 3616 1465 3686 vulgare
1491 3613 1697 3669 scelera
1724 3613 1899 3682 palam
1923 3627 2022 3666 au-

438 3711 663 3775 debant,
697 3711 792 3766 sed
821 3709 981 3780 quasi
1022 3707 1311 3764 erudiendi
1350 3707 1525 3776 gratia
1563 3713 1870 3776 opportuna
1903 3718 2018 3758 mo-

440 3805 558 3858 nita
585 3802 969 3874 suggerebant.
999 3799 1163 3854 Forte
1193 3797 1406 3853 Gadara
1448 3797 1516 3852 ad
1558 3796 1824 3864 Thermas
1853 3797 2019 3867 proli-

439 3896 750 3951 ciscuntur.
797 3892 1080 3964 Frequens
1109 3893 1221 3947 illic
1241 3899 1514 3946 mercatus
1551 3889 1847 3960 quotannis
1879 3889 2018 3944 cele-

441 3987 660 4053 bratur;
686 3985 752 4041 ad
791 4001 953 4055 quem
1007 3985 1248 4054 undique
1287 3981 1508 4036 lavandi
1548 3996 1715 4036 causa
1755 3981 1874 4036 dies
1916 3981 2020 4034 ali-

439 4085 573 4148 quot
602 4076 907 4142 conﬂuunt,
939 4077 1220 4132 variorum
1249 4075 1315 4131 ad
1347 4076 1664 4130 morborum
1693 4074 2016 4137 remedium,

437 4172 602 4243 idque
642 4170 1002 4227 callidissimo
1032 4168 1298 4226 daemonis
1338 4168 1576 4223 consilio
1624 4167 1852 4238 geritur.
1883 4165 2019 4219 Nam

437 4279 780 4335 quaecunque
803 4263 922 4318 loca
951 4263 1157 4318 divinis
1199 4273 1328 4318 sunt
1351 4261 1625 4316 celebrata
1647 4257 1930 4328 prodigiis,
1963 4256 2019 4310 in

441 4354 512 4409 iis
541 4369 606 4410 ex
634 4354 865 4409 adverso
902 4354 1167 4409 exitiosas
1199 4369 1328 4408 suas
1369 4354 1554 4423 plagas
1587 4351 1813 4406 tendere
1853 4363 2020 4403 cona-

441 4449 532 4496 tus
565 4449 669 4496 est.
697 4440 875 4510 Atque
908 4441 1020 4495 illic
1041 4441 1144 4496 viri
1178 4457 1302 4495 cum
1350 4440 1676 4495 mulieribus
1707 4439 2018 4510 promiscue

517 4576 626 4644 (l7)
667 4574 822 4636 Γάζα
864 4576 932 4629 δὲ
963 4576 1369 4645 ἑρμηνεύεται.
1412 4576 1543 4641 Quae
1593 4575 1755 4643 vulgo
1798 4573 2018 4645 Bersica

441 4641 543 4703 vox
580 4641 800 4719 dicitur,
837 4641 1108 4701 eademet
1139 4645 1484 4719 ab_llebrmis
1504 4641 1786 4715 usurpata.
1816 4641 2014 4698 Ezech.

442 4732 615 4780 xxvtl,
644 4716 716 4769 24
742 4725 892 4776 D’TJ:
935 4725 1064 4770 sunt
1090 4716 1317 4775 maxim.

510 4787 622 4868 (l8)
648 4785 738 4868 "Td
766 4787 934 4868 beate}
972 4786 1270 4868 Ματθαῖομν⁸
1300 4785 1610 4868 ’Ἐϐραϊκὸν
1649 4785 1862 4868 φυτόν)
1903 4789 2017 4845 Nisi

438 4856 558 4912 vitii
613 4856 815 4927 aliQItid
874 4856 922 4909 ei
983 4857 1103 4909 loco
1161 4857 1358 4920 subsit.
1392 4857 1557 4926 φυτόν
1589 4856 1849 4925 appellari
1889 4870 2019 4927 puto

439 4927 644 4982 Christi
707 4926 917 4980 Domini
971 4927 1365 4996 genealogiam,
1409 4943 1530 4997 qua:
1577 4926 1792 4981 arboris
1844 4926 2020 4985 instar

438 4997 776 5053 conformari
814 4998 972 5065 vulgo
1007 4998 1164 5051 solet.

510 5070 621 5140 (l9)
664 5069 1095 5140 Παραγίιξω-ται
1147 5067 1305 5140 γοῦζ
1335 5069 1422 5134 εἰς
1465 5067 1740 5140 Γάδαρα.
1777 5067 2020 5124 Meminit

377 5145 382 5150 '
439 5137 849 5193 Gadarenarum
885 5139 1222 5192 thermarum
1268 5137 1548 5206 Eunapius
1594 5141 1647 5192 in
1677 5137 2018 5194 Jamblicho:

439 5208 599 5281 Matri
740 5208 931 5281 χρόνον
980 5208 1100 5281 τινὰ
1138 5207 1296 5281 δόξαν
1328 5209 1630 5281 αὐτοῖςᾲέπὶ
1665 5209 1733 5262 τὰ
1779 5210 2017 5281 Γάδαρα,

441 5277 616 5351 θερμά
643 5275 842 5351 astes:
873 5275 1074 5351 λουτρὰ
1103 5278 1202 5351 τῆς
1232 5279 1450 5349 Συρίας,
1478 5279 1584 5351 τῷν
1627 5296 1710 5351 γε
1740 5281 1896 5351 μετὰ,
1920 5275 2020 5351 τὴν

449 5347 764 5418 Ῥωμαϊκήν
799 5347 1072 5418 ἐνγΒαίαις
1117 5347 1345 5418 δεύτερα
1364 5367 1377 5379 ·
1414 5349 1644 5412 ἐκείνοις
1669 5347 1849 5403 δέὀύκ
1875 5347 2020 5403 ἔστιν

439 5417 604 5491 ἔτερα
635 5416 1104 5491 παραϐάλλεσθαιο
1143 5416 1466 5491 πορεύονται,
1492 5419 1549 5471 δέ
1575 5419 1716 5491 κατά
1742 5420 1840 5490 τὴν
1871 5420 2021 5491 ὥραν

440 5483 620 5548 είςτά
648 5483 866 5554 Γάδαρα
898 5489 987 5540 τοῦ
1023 5488 1196 5551 ἔτους,
1219 5483 1333 5542 ἀλια
1371 5487 1472 5542 Ubi
1505 5498 1558 5542 et
1589 5488 1766 5544 fontes
1798 5483 1936 5544 duos
1964 5493 2020 5544 in

441 5569 509 5629 eo
534 5555 651 5629 loco
681 5554 850 5606 fuisse
874 5558 1139 5629 meminit,
1168 5575 1398 5627 quorum
1446 5559 1599 5610 alteri
1632 5559 1831 5629 Ἔρως,
1864 5561 2019 5615 alteri

458 5621 725 5696 Ἀντέρως
757 5637 951 5696 nomen
983 5628 1100 5688 fuit,
1136 5621 1200 5679 ei
1235 5629 1434 5696 quibus
1470 5621 1728 5696 puerulos
1754 5630 1893 5684 duos
1927 5647 2024 5683 ru-

441 5689 684 5758 jttsmOdi
745 5689 991 5768 videlicet
1045 5689 1266 5768 amores
1319 5689 1636 5764 ﬁnguntur,
1685 5698 2022 5753 Jatnblichus

447 5773 640 5824 magus
690 5760 911 5813 excivit.
949 5760 1013 5814 Ut
1061 5760 1334 5834 intelligas
1381 5760 1719 5834 quantopere
1752 5769 1840 5824 illc
1871 5771 2021 5825 locus

2121 526 2301 578 ἐκεῖσε
2335 521 2734 592 γαζοφυλακίου
2765 540 2850 586 τις
2874 519 3021 588 οἶκος
3052 525 3502 597 ἐσφραγισμένος.
3537 529 3686 597 (Γάζα

2122 614 2179 668 δὲ
2219 613 2582 686 ἑρμηνεύεται
2612 613 2724 683 (l7)
2760 612 2903 666 κατά
2937 613 3036 684 τὴν
3080 614 3334 685 Ἐᾶραῖδα
3358 618 3688 689 θησαιφός.)

2124 703 2340 756 Πολλῶν
2381 703 2438 754 δὲ
2479 701 2648 754 πολλά
2682 701 3075 770 διανοουμένων
3107 705 3234 772 περὶ
3269 702 3360 757 τοῦ
3398 704 3689 774 γαζοφυλα-

2125 791 2241 846 κίου
2270 791 2457 845 τούτου
2479 791 2567 845 διὰ
2594 792 2692 861 τὴν
2725 791 3018 861 σφραγῖδα,
3048 792 3077 844 ὁ
3121 791 3383 864 Ἰώσηπος
3407 793 3694 864 λεληθότως

2122 882 2398 952 τολμήσας
2446 881 2660 952 ἤνοιξεν
2689 882 2784 935 καὶ
2823 874 2981 953 εὗρεν
3019 883 3173 936 οὐδὲν
3217 885 3530 955 χρημάτων,
3567 879 3692 956 πλήν

2124 973 2340 1044 βίϐλους
2369 972 2466 1036 τὰς
2494 972 2636 1044 ὑπὲρ
2658 974 2760 1044 χρή
2771 989 2932 1043 ματα.
2978 973 3389 1042 ’Λναγινὼσκων
3415 975 3472 1028 δέ
3498 976 3552 1027 ἐν
3577 976 3692 1028 ταύ-

2122 1080 2262 1127 ταις,
2288 1064 2363 1125 ὡς
2392 1062 2492 1132 ήδη
2515 1062 2671 1132 ἔφην,
2701 1063 2762 1115 τὸ
2784 1062 2927 1116 κατὰ
2971 1063 3226 1133 Ἰωάννην
3241 1057 3566 1133 Εύαγγέλιον
3597 1058 3695 1118 ἁπδ

2134 1152 2380 1214 Ἑλλάδος
2431 1153 2512 1214 εἰς
2546 1151 2803 1223 Ἐϐραῖδα
2851 1154 3036 1224 φωνήν
3096 1155 3440 1226 μεταληφθέν
3483 1156 3688 1227 ηὖρετο,

2124 1241 2218 1296 καὶ
2250 1243 2346 1306 τὰς
2379 1241 2487 1295 τῶν
2535 1243 2848 1297 ἀποστόλων
2881 1243 3134 1314 Πράξεις.
3177 1244 3251 1296 Ού
3304 1245 3409 1315 μὴν
3439 1244 3572 1298 ἀλλά
3607 1242 3689 1298 καὶ

2123 1333 2182 1386 τὸ
2217 1333 2357 1386 κατὰ
2404 1331 2684 1388 Ματθαῖον
2723 1329 3008 1404 Ἑϐραῖκὸν
3049 1334 3161 1403 (18)
3198 1334 3362 1404 φυτὸν
3403 1337 3466 1387 ἐκ
3502 1333 3689 1392 τούτων

2123 1423 2410 1492 ἀναγνοὺς,
2442 1422 2602 1477 πάλιν
2621 1423 2718 1495 τὴν
2741 1423 2973 1477 διάνοιαν
2997 1425 3274 1496 ἐτρύχετο,
3302 1423 3577 1495 ἀσχάλλων
3603 1423 3690 1493 μέν

2125 1534 2239 1580 πως
2269 1516 2526 1588 περὶτῆς
2567 1517 2804 1580 πίστεως
2837 1511 2931 1570 τού
2968 1515 3236 1588 Χριστοῦ·
3273 1516 3375 1588 ήδη
3421 1516 3480 1570 δέ
3522 1517 3582 1569 ἐκ
3610 1515 3693 1568 δύο

2124 1606 2435 1662 ὑποθέσεων
2466 1608 2916 1678 ὑπονυττόμενος,
2941 1607 3040 1678 τῆς
3071 1602 3180 1660 τῶν
3222 1603 3444 1676 βιϐλίων
3463 1604 3692 1674 ἀναγνώ-

2127 1716 2263 1763 σεως
2296 1700 2388 1754 καὶ
2436 1700 2535 1771 τῆς
2566 1697 2661 1752 τοῦ
2714 1699 3052 1770 πατριάρχου
3107 1697 3515 1770 μυσταγωγίας,
3559 1684 3692 1768 ὅμως

2046 1801 2090 1856 Β
2118 1793 2184 1862 τῇ
2216 1789 2411 1863 καρδίᾳ
2443 1784 2806 1862 ἐσκληρύνετο
2841 1784 2927 1844 οἷα
2953 1790 3184 1860 γίνεται.

2192 1883 2266 1936 Ζ’.
2313 1883 2402 1947 Ὧς
2433 1883 2490 1936 δέ
2537 1883 2595 1936 ἐν
2651 1881 2862 1946 τούτοις
2915 1882 3294 1954 κατετρίὸετο,
3347 1880 3623 1953 ἁδρύνεται
3666 1879 3692 1934 ὁ

2123 1970 2252 2039 παῖς
2275 1971 2304 2028 ὁ
2332 1975 2714 2044 καταλειφθεὶς
2741 1974 2845 2028 ὑπὸ
2881 1975 3071 2046 Ἐλλὴλ
3095 1977 3174 2038 εἰς
3203 1974 3564 2045 πατριαρχίαν
3583 1989 3693 2044 τρε-

2121 2066 2386 2137 φόμενοςο
2415 2066 2590 2131 οὐδεὶς
2622 2067 2730 2138 γὰρ
2764 2065 2923 2130 ἀλλος
2957 2067 3194 2139 ἁρπάζει
3228 2065 3330 2130 τὰς
3361 2064 3536 2136 ἀρχὰς
3557 2060 3692 2133 παρά

2120 2159 2233 2220 τοῖς
2272 2157 2567 2225 Ἰουδαίοις,
2593 2158 2730 2210 ἀλλά
2757 2157 2872 2221 υίὸς
2898 2157 3110 2230 πατέρα
3132 2156 3458 2228 διαδέχεται.
3497 2156 3580 2218 Ὠς
3609 2149 3692 2209 οὖν

2120 2247 2212 2300 ἐπὶ
2242 2246 2304 2300 τὸ
2352 2249 2585 2318 ἀκμαῖον
2617 2247 2717 2318 τῆς
2750 2247 2965 2320 ήλικίας
3025 2249 3054 2302 ὁ
3107 2247 3226 2311 νέος
3272 2249 3493 2319 ἧρχετο,
3543 2263 3689 2316 προσ-

2119 2339 2431 2412 εφθείροντο
2455 2339 2606 2410 αὐτῷ
2638 2356 2781 2402 τινες
2812 2340 3000 2409 ἥλικες
3046 2339 3207 2411 ἀργοὶ
3233 2339 3331 2392 καὶ
3375 2337 3558 2402 ἐθάδες
3607 2355 3690 2391 κα·

2120 2431 2233 2485 κῶν
2297 2432 2457 2502 (τάχα
2503 2432 2582 2496 δὲ,
2631 2426 2804 2502 οἴμαι,
2849 2430 3048 2494 Ἰούδας
3103 2422 3259 2493 οὗτος
3313 2430 3584 2484 ἐκαλεῖτο·
3637 2427 3690 2480 οὐ

2121 2522 2262 2578 πάνυ
2297 2523 2353 2576 δέ
2382 2522 2569 2592 σαφῶς
2598 2522 2898 2594 ἐπίσταμαι
2945 2521 3034 2576 διὰ
3064 2521 3154 2574 τὸν
3188 2521 3423 2592 χρόνον).
3469 2520 3689 2590 Μετὲφε-

2122 2633 2214 2687 ρον
2257 2612 2352 2669 οὖν
2390 2615 2552 2668 αὐτὸν
2582 2616 2631 2668 οἱ
2663 2614 3049 2685 συνηλικιῶται
3091 2614 3352 2686 νεώτεροι
3386 2615 3465 2680 είς
3511 2612 3688 2676 πολλὰς

2120 2707 2307 2760 κακῶν
2365 2707 2759 2780 ἐπιτηδεύσεις,
2797 2708 3000 2778 φθοράς
3041 2724 3102 2760 τε
3143 2708 3444 2776 γυναικῶν,
3491 2705 3580 2758 καὶ
3610 2705 3686 2757 λα-

2119 2799 2307 2869 γνείας
2335 2799 2606 2863 ἀνοσίους,
2650 2799 3008 2871 μαγγανείαις
3043 2801 3154 2853 τισὶ
3201 2801 3469 2870 μαγικαῖς
3504 2799 3689 2867 ἐπιχειο

2124 2892 2348 2964 ροῦντες
2379 2891 2527 2963 αύτῷ
2556 2895 2837 2964 συνεργεῖν
2876 2894 2955 2955 είς
2990 2891 3060 2944 τὰ
3092 2892 3188 2963 τῆς
3221 2892 3533 2956 ἀκολασίας,
3565 2888 3689 2958 ἀγώ-

2120 2984 2263 3056 γιμά
2298 3002 2419 3038 τινα
2447 2983 2838 3049 ἐπιτελοῦντες,
2871 2984 2964 3036 καὶ
2984 2982 3070 3036 διὰ
3101 2982 3372 3037 ἐταιοιδῶν
3403 2981 3688 3052 βιαζόμενα

2121 3081 2384 3146 γυναῖκας
2442 3075 2734 3147 ἐλευθέρας
2791 3077 2928 3146 πρὸς
2984 3077 3081 3147 τὴν
3138 3075 3332 3129 τούτου
3392 3073 3590 3145 φθορὰν
3639 3070 3688 3137 ἐξ

2123 3170 2369 3240 ἀνάγκης
2417 3167 2662 3237 ἄγεσθαι.
2705 3168 2763 3220 Ὀ
2811 3167 2868 3220 δέ
2906 3167 3168 3236 Ἰώσηπος
3210 3167 3303 3219 καὶ
3352 3167 3380 3218 ὁ
3415 3166 3509 3219 σὺν
3559 3161 3687 3232 αὐτῷ

2123 3262 2453 3334 πρεσϐύτης,
2497 3261 2740 3330 ἀνάγκην
2787 3259 3000 3329 ἔχοντες
3044 3259 3122 3330 τῷ
3153 3259 3302 3314 παιδὶ
3355 3257 3686 3318 συνέπεσθαι,

2123 3353 2330 3424 βαρέως
2356 3353 2453 3422 μὲν
2482 3352 2574 3421 ἐφε
2585 3370 2696 3423 ρον,
2718 3351 2976 3414 πολλάκις
3001 3351 3057 3404 δέ
3079 3351 3174 3404 καὶ
3197 3350 3521 3421 ἐγκλήματα
3538 3363 3686 3420 προσ-

2121 3446 2315 3516 έφερον
2357 3444 2445 3498 διά
2489 3444 2682 3513 λόγων,
2716 3445 2811 3498 καὶ
2840 3444 3138 3515 παρῄνουν.
3191 3443 3248 3496 Ὀ
3273 3443 3330 3496 δὲ
3375 3441 3567 3513 μᾶλλον
3589 3440 3686 3502 τοῖς

2120 3537 2260 3600 νέοις
2284 3535 2554 3598 ἐπείθετο,
2583 3535 2841 3607 κρύπτων
2875 3535 2944 3588 τὰ
2973 3533 3194 3606 αἰσχρὰ,
3229 3534 3325 3587 καὶ
3355 3533 3683 3606 ἀρνούμενος.

2121 3625 2258 3680 Ούτε
2291 3627 2400 3697 γὰρ
2421 3624 2662 3695 ἐτόλμων
2687 3627 2732 3677 oi
2762 3624 2889 3697 περὶ
2928 3623 3190 3695 Ἰώσηπον
3225 3621 3464 3688 ἐξειπεῖν
3493 3623 3557 3676 τὰ
3581 3618 3685 3673 κατ’

2121 3717 2332 3771 ἐκείνου
2373 3714 2590 3787 φανερῷ
2623 3713 2701 3785 τῷ
2739 3715 2902 3785 λόγῳ,
2934 3713 3071 3767 ἀλλά
3100 3712 3168 3766 δι’
3197 3715 3508 3784 ἐπιστήμην
3556 3725 3686 3778 παρ-

2121 3809 2305 3880 ῄνουν.
2342 3806 2742 3880 Παραγίνονται
2787 3805 2918 3876 γοῦν
2969 3806 3050 3870 εἰς
3083 3805 3302 3876 Γάδαρα
3343 3804 3478 3874 (l9),
3512 3803 3587 3865 είς
3627 3798 3686 3852 τὰ

2123 3897 2299 3968 θερμὰ
2345 3897 2532 3950 ὕδατα.
2568 3898 2881 3967 Πανήγυρις
2926 3895 2983 3949 δέ
3029 3897 3144 3948 ἐκεῖ
3179 3896 3296 3948 κατ’
3331 3895 3451 3958 ἔτος
3491 3895 3683 3962 ἀγεται.

2134 3989 2488 4062 Ἀπέρχονται
2530 3988 2640 4060 γὰρ
2688 3987 3024 4058 πανταχόθεν
3062 3989 3110 4041 oi
3150 3987 3462 4058 βουλόμενοι
3508 3985 3682 4037 λούσα-

2123 4079 2247 4132 σθαι
2274 4081 2487 4152 ἡμέρας
2510 4081 2686 4144 τινὰς,
2727 4080 3050 4150 νοσημάτων
3079 4077 3238 4149 δῆθεν
3286 4077 3556 4146 ἀποϐολῆς
3585 4074 3684 4126 Evs-

2122 4190 2238 4236 κεν,
2260 4172 2395 4243 ὅπερ
2424 4173 2538 4225 ἐστὶ
2559 4171 2862 4224 διαϐολικὸν
2897 4171 3282 4240 στρατήγημα.
3317 4167 3484 4222 Ἔνθα
3504 4164 3604 4236 γὰρ
3625 4161 3683 4216 τὰ

2123 4264 2274 4333 παρά
2299 4263 2394 4316 τοῦ
2416 4262 2572 4333 ,Θεοῦ
2601 4263 2712 4333 (⁸20)
2747 4262 3002 4332 θαύματα
3040 4262 3352 4332 γεγένηται,
3402 4258 3682 4330 προύλαϐεν

2120 4358 2148 4408 ὁ
2170 4357 2235 4410 δι’
2271 4355 2521 4418 ἐναντίας
2553 4353 2724 4406 θεῖναι
2753 4353 2918 4406 αὐτοῦ
2950 4353 3016 4406 τὰ
3041 4353 3295 4425 ὸλετήρια
3325 4353 3534 4406 δίκτυα.
3576 4351 3682 4403 Ἀν-

2051 4473 2096 4526 D
2123 4447 2356 4517 δρὸγυνα
2389 4445 2498 4517 γὰρ
2543 4446 2722 4499 ἐκεῖσε
2755 4444 2866 4518 (‘21)
2898 4443 3166 4498 λούονται.
3202 4444 3361 4498 Κατά
3400 4441 3681 4513 συγκυρίαν

2120 4583 2403 4639 amatoriis
2451 4581 2724 4638 illecebris
2755 4597 2820 4637 ac
2857 4582 3179 4638 libidinibus
3206 4589 3548 4652 opportunus
3575 4577 3679 4631 fue-

2123 4664 2212 4708 l‘ll.

2193 4722 2304 4792 (20)
2348 4723 2531 4775 Ἔνθα
2574 4722 2682 4793 γὰρ
2712 4722 2783 4776 τὰ
2817 4721 2975 4790 παρὰ
3006 4721 3111 4774 τοῦ
3148 4721 3316 4775 Θεοῦ.
3360 4718 3554 4793 Eodem
3584 4715 3679 4769 daa-

2120 4787 2299 4846 monis
2355 4787 2592 4846 artiﬁcio
2638 4787 2840 4846 factum
2888 4787 2993 4856 est,
3027 4794 3172 4860 quod
3226 4799 3413 4844 narrat
3469 4787 3676 4860 Hieron.

2119 4878 2206 4929 ep.
2233 4863 2297 4915 l5
2333 4879 2346 4914 :
2386 4862 2464 4915 Ab
2499 4863 2732 4915 Adriani
2763 4857 3076 4928 temporibus
3122 4878 3282 4927 usque
3313 4861 3380 4912 ad
3421 4857 3678 4929 imperium

2122 4926 2475 4994 Constantini,
2504 4950 2594 5001 per
2627 4950 2790 4985 annos
2815 4926 3022 4984 circiter
3049 4926 3247 4994 auxit,
3278 4933 3330 4983 in
3361 4930 3470 4983 loco
3501 4926 3677 4979 Resur-

2122 5003 2368 5056 rcclionis
2397 5003 2741 5072 simulacrum
2766 5001 2934 5072 lovis,
2967 5003 3020 5054 in
3059 5001 3244 5054 Cruci:
3276 5017 3400 5068 rupe
3429 5006 3595 5072 statua
3620 5005 3676 5072 ea:

2121 5088 2385 5142 marmore
2425 5071 2639 5125 Veneris
2667 5090 2698 5124 (ι
2722 5071 2958 5142 gentibus
2990 5073 3163 5139 posita
3190 5065 3484 5142 colebatur;
3509 5065 3675 5119 existi-

2121 5141 2390 5196 mantibus
2422 5139 2798 5209 persecutionis
2827 5142 3308 5209 auctoribus,qnod
3339 5139 3564 5194 tollerent
3590 5147 3674 5184 no-

2123 5211 2200 5265 bis
2227 5211 2382 5280 ﬁdem
2417 5210 2831 5282 Resurrectionis
2865 5223 2912 5264 et
2943 5210 3149 5282 Gracia,
3180 5213 3227 5264 si
3257 5213 3371 5264 loca
3403 5214 3576 5282 saneta
3593 5217 3674 5282 ρετ

2122 5276 2266 5334 idola
2298 5282 2629 5349 polluissent.
2669 5281 2800 5335 Nam
2853 5290 2908 5335 et
2959 5281 3280 5336 Gadarenus
3333 5294 3457 5348 ager
3487 5276 3670 5349 Christi

2124 5341 2337 5405 Domini
2377 5353 2662 5420 praesentia
2692 5367 2755 5405 ac
2790 5353 3068 5405 miraculis
3095 5341 3398 5404 celebratus
3420 5354 3507 5420 est
3535 5341 3668 5420 (ραι.

2123 5423 2338 5492 νειιηὸἲ
2364 5412 2402 5490 )’,
2451 5438 2571 5492 qua:
2615 5431 2743 5492 sunt
2786 5422 2877 5474 illa
2906 5421 2977 5473 τὰ
3008 5420 3157 5492 παρά
3190 5421 3283 5474 τοῦ
3313 5412 3668 5492 8501101693;-

2122 5509 2210 5544 τα.
2243 5489 2564 5561 Quanquam
2594 5501 2646 5545 et
2681 5491 2748 5544 ad
2781 5492 3044 5545 medicam
3087 5489 3348 5562 aquarum
3407 5489 3508 5542 vim
3542 5493 3666 5536 mor-

2123 5563 2430 5630 bonutnque
2460 5562 2698 5616 remedia
2730 5563 2901 5630 possit
2933 5562 3120 5614 referri

2195 5633 2307 5700 (Ἡ)
2342 5627 2860 5700 ’Ἀνδρόγυνωγὰρ
2897 5630 3113 5683 ἐκεῖσε.
3156 5630 3287 5683 Mira
3337 5627 3481 5700 vocis
3527 5630 3670 5700 usur-

2124 5692 2300 5771 patio,
2357 5692 2862 5769 qua'promisc'ua's
2913 5701 3199 5768 utriusque
3254 5692 3663 5771 sex‘us_bal‘l1.03§

2128 5759 2296 5826 luisse
2319 5759 2607 5841 significat.
2645 5771 2731 5825 Est
2757 5771 2901 5825 cnim
2928 5759 3251 5842 ἀνδρόγυνον
3265 5766 3524 5829 λούεσθαι,
3543 5759 3666 5813 idem
