3982 6428
452 344 558 402 “9

1854 331 1912 387 S.
1957 330 2296 387 EPIPIIANH

3595 333 3689 391 ιτα

453 461 657 515 factum
700 463 809 523 est,
853 461 914 509 ut
941 452 1061 508 haec.
1101 450 1218 508 seni
1268 448 1446 513 alteri,
1484 448 1578 519 qui
1618 462 1742 502 cum
1774 446 2024 518 Joscpho

2135 447 2226 518 τῆς
2257 445 2663 518 προειρημένης
2690 442 2967 514 γυναικός.
3013 443 3107 498 Ἐκ
3135 443 3271 499 Θεοῦ
3311 444 3371 501 at
3403 442 3693 515 βουλήσεως

451 562 592 615 erat,
624 550 681 604 in
732 551 974 602 animum
1017 542 1281 599 venerint.
1328 540 1430 608 Qui
1468 555 1528 595 re
1577 540 1798 610 cognita
1840 538 2026 593 omnia

452 658 577 698 cum
614 640 851 709 Josepho
906 634 1293 691 communicat.
1353 632 1432 701 Ac
1473 631 1706 701 primum
1743 629 2027 685 calamita-

451 742 561 789 tem
607 747 760 788 suam
805 718 1097 798 deplorans
1130 723 1214 779 :0
1259 738 1382 788 nos,
1423 721 1611 787 frater,
1644 722 1899 784 miseros,
1945 721 2030 775 in-

451 825 594 893 quit.
648 836 714 879 ac
749 833 878 874 vasa
930 817 1170 887 perdita!
1224 814 1445 869 cuinam
1488 811 1722 886 appositi
1770 812 2029 868 custodes

457 915 684 968 sumus"
716 909 854 976 Quid
899 908 974 962 rei
1022 912 1169 961 esset
1214 904 1533 959 sciscitatus
1563 902 1854 975 Iosephus,
1890 902 2030 957 nihil

454 1017 581 1062 ante
612 1004 798 1059 verbis
831 1001 901 1055 ab
947 1014 1013 1054 eo
1052 997 1262 1059 didicit,
1295 1011 1461 1066 quam
1499 1009 1663 1047 manu
1693 994 2027 1064 prehensum

452 1113 615 1154 senex
656 1096 708 1149 in
748 1109 873 1149 eum
915 1093 1099 1145 locum
1131 1088 1337 1151 eduxit,
1384 1087 1478 1141 ubi
1518 1100 1641 1139 cum
1681 1085 2030 1141 adolescente

448 1190 659 1246 nefaria
694 1188 783 1241 illa
816 1200 1011 1240 manus
1042 1184 1188 1236 inter
1227 1189 1571 1235 mortuorum
1596 1178 1784 1242 busta,
1822 1177 2031 1230 maleli-

448 1283 516 1339 cii
551 1296 742 1345 causa,
777 1281 1133 1333 convenerat.
1174 1271 1314 1343 Ergo
1343 1271 1421 1324 illi
1451 1270 1585 1325 foris
1614 1269 1680 1323 ad
1719 1268 2028 1341 ingressum

447 1384 660 1429 stantes
695 1370 902 1434 omnia,
937 1383 1059 1438 qua:
1109 1365 1180 1418 ab
1219 1364 1286 1417 iis
1316 1363 1526 1428 tierent,
1577 1361 1900 1424 exaudiunt,
1936 1360 2032 1415 iis-

449 1466 684 1534 demque
718 1459 1053 1515 abeuntibus
1078 1472 1137 1511 se
1167 1454 1501 1510 subducunt.
1539 1451 1725 1523 Neque
1753 1453 1899 1507 enim
1934 1451 2030 1506 ad-

449 1554 672 1611 modum
708 1550 1202 1621 advesperascehat
1231 1565 1243 1601 :
1280 1546 1378 1601 sed
1420 1552 1609 1615 utpote
1642 1544 1745 1600 sub
1771 1558 2028 1599 occasum

447 1648 582 1703 suus
621 1644 785 1699 dubia
822 1644 943 1697 luce
986 1638 1223 1695 discerni
1255 1637 1437 1693 adhuc
1462 1638 1638 1692 oculis
1679 1637 1888 1707 aliquid
1932 1650 2031 1708 po-

2129 542 2209 604 εἰς
2243 537 2366 592 νοῦν
2396 536 2569 592 ταῦτα
2600 533 2732 608 ἦλθε
2763 536 2855 590 τοῦ
2885 534 3046 590 ἄλλου
3072 536 3465 609 πρεσϐυτέρου,
3492 537 3585 593 τοῦ
3609 538 3696 594 σὺν

2143 630 2388 700 Ἰωσήπῳ
2430 627 2910 700 τυγχάνοντος.”0
2955 626 3035 689 δὲ,
3068 624 3389 697 αἰσθόμενος
3429 627 3537 682 τῶν
3560 645 3696 698 γινο-

2132 722 2328 793 μένων,
2370 720 2449 792 τῷ
2491 722 2739 791 Ἰωσήπῳ
2768 716 3165 773 ἀνακοινοῦται.
3207 718 3317 772 Καὶ
3359 718 3574 790 πρῶτον
3606 720 3698 791 μὲν

2128 814 2420 879 ταλανίσας
2438 813 2649 875 ἑαυτὸν,
2666 804 2791 883 ἔφη·
2808 811 3069 875 Τὰλανες,
3088 810 3272 880 φησὶν,
3284 811 3470 881 ἡμεῖς,
3491 811 3698 880 ἀδελφῄ

2129 907 2223 961 καὶ
2243 905 2521 968 ἀπωλείας
2543 904 2734 977 σκεύη,
2759 905 2864 958 τίνι
2888 901 3319 975 προσεδρεΰομεν
3343 919 3358 967 ;
3388 904 3418 956 ὁ
3436 903 3495 956 δὲ
3534 902 3699 976 Ἰώσηο

2132 1014 2250 1060 πος,
2282 995 2381 1066 τήν
2415 995 2594 1049 αἰτίαν
2622 995 2927 1067 ἐρωτήσας,
2958 994 3020 1049 ού
3056 994 3317 1067 πρότερον
3350 994 3551 1065 ήκουσε
3578 997 3699 1065 παρ’

2130 1086 2293 1140 αὐτοῦ
2326 1086 2414 1139 διά
2445 1086 2640 1156 λὸγων,
2667 1087 2817 1158 πρὶν.
2855 1084 3020 1140 αὐτοῦ
3040 1086 3333 1158 λαϐόμενος
3361 1085 3465 1156 τῆς
3486 1086 3702 1158 χειρὸςὸ

2132 1177 2463 1250 πρεσϐύτης,
2490 1179 2746 1250 ἀπήγαγε
2767 1177 2861 1231 τὸν
2901 1177 3184 1249 Ἰώσηπον,
3206 1178 3335 1232 ἔνθα
3350 1178 3414 1232 τὸ
3439 1178 3703 1249 ἄθροισμα

2128 1271 2178 1323 οί
2196 1270 2508 1342 φθοριμαῖοι
2528 1270 2666 1341 μετὰ
2688 1269 2782 1324 τοῦ
2807 1270 3071 1343 νεωτέρου
3094 1273 3153 1326 ἐν
3174 1274 3286 1335 τοῖς
3305 1272 3552 1343 μνήμασι
3573 1289 3704 1341 μαγ-

2130 1361 2357 1430 γανείας
2409 1361 2572 1414 ἕνεκα
2604 1360 2902 1416 ἐποιοῦντο.
2946 1350 3058 1416 Καὶ
3104 1360 3208 1425 ἔξω
3265 1361 3363 1432 μὲν
3400 1361 3502 1432 τῆς
3546 1360 3704 1432 θύρας

2133 1452 2379 1516 στάντες,
2409 1451 2481 1506 τὰ
2509 1453 2641 1525 παρ’
2675 1452 2902 1506 ἐκείνων
2927 1451 3188 1522 γινόμενα
3228 1450 3703 1523 κατηκροάσαντο·

2131 1544 2355 1597 ἐκείνων
2377 1543 2433 1598 δὲ
2461 1542 2737 1608 ἐξιόντων,
2781 1542 3162 1615 ὑπεχώρησαν.
3194 1542 3361 1598 Οὔπω
3392 1543 3504 1614 γὰρ
3545 1542 3704 1611 πολλὴ

2133 1637 2343 1709 ἑσπέρα
2369 1632 2461 1705 ἦν,
2488 1636 2624 1689 ἀλλά
2652 1635 2727 1701 ὡς
2758 1635 2895 1707 πρὸς
2922 1636 3093 1706 αὐτὴν
3121 1636 3218 1708 τὴν
3248 1636 3399 1707 ἡλίου
3429 1635 3602 1699 δύσιν,
3630 1635 3705 1688 ἔτι

450 1744 611 1792 terat.
637 1736 756 1789 Mox
783 1732 1067 1789 sceleratis
1091 1732 1198 1786 illis
1237 1746 1267 1784 a
1303 1731 1559 1802 sepulcro
1586 1729 1874 1802 digressis,
1902 1744 2028 1784 cum

2135 1728 2432 1799 δυναμένου
2484 1727 2760 1798 ὀφθαλμοῦ
2796 1726 3055 1797 ἀμαυρῶς
3102 1728 3251 1781 ἰδεῖν.
3279 1727 3440 1782 Μετὰ
3488 1723 3578 1781 οῦν
3612 1728 3704 1799 τὴν

450 1828 661 1893 collega
699 1824 973 1895 Iosephus
1010 1822 1331 1894 ingreditur.
1368 1800 1451 1876 lbi
1504 1800 1895 1876 maleﬁciorum
1940 1820 2029 1875 in?

2135 1818 2239 1872 τῶν
2287 1818 2666 1873 ἀσεϐεστάτων
2700 1817 2878 1885 ἔξοδον
2917 1818 3025 1872 ἀπὸ
3055 1818 3149 1872 τοῦ
3191 1819 3461 1889 μνημείου
3494 1819 3545 1872 ot
3586 1820 3704 1892 περὶ

446 1924 750 1973 strumenta
803 1914 1083 1984 reperiunt
1138 1912 1195 1967 in
1239 1911 1467 1965 humum
1512 1911 1917 1982 abjecta,quze,
1968 1916 2029 1963 ut

448 2009 651 2074 aiebat,
684 2007 927 2060 humano
950 2012 1081 2074 potu
1105 2018 1169 2057 ac
1197 2003 1464 2072 sanguine
1500 2016 1746 2072 aspersa,
1778 2001 2028 2056 immisto

446 2099 670 2169 pulvere
714 2095 1063 2150 discedentes
1107 2094 1471 2163 reliquerant.
1516 2090 1659 2146 Tum
1707 2108 1838 2147 vero
1877 2107 2029 2146 com-

449 2196 612 2258 perta:
637 2189 852 2243 illorum
884 2183 1120 2251 insidite,
1161 2183 1552 2253 cognitumque
1576 2181 1737 2252 cujus
1771 2182 1886 2238 haec
1909 2198 2029 2237 mu-

447 2279 594 2333 lieris
623 2291 790 2332 causa
831 2274 1198 2340 molirentur;
1234 2273 1419 2342 itaque
1448 2280 1712 2341 quantum
1744 2280 1893 2325 artes
1924 2270 2030 2324 illa:

446 2378 667 2441 possent
685 2364 1097 2437 exspectabant.
1119 2363 1254 2418 Cum
1278 2361 1413 2415 nihil
1438 2359 1663 2416 veneﬁci
1691 2359 1779 2414 iisti
1808 2374 2028 2430 promo-

447 2461 679 2525 vissent,
711 2472 775 2511 ac
798 2473 856 2512 se
893 2455 1091 2508 mulier
1113 2462 1166 2507 et
1194 2450 1400 2506 Christi
1433 2451 1612 2520 signo,
1644 2460 1700 2504 et
1734 2450 1856 2506 ﬁdei
1887 2466 2029 2521 prae-

445 2550 588 2607 sidio
615 2548 950 2608 defenderet,
984 2546 1265 2617 cognitum
1311 2553 1420 2606 est,
1467 2543 1877 2598 adolescentem
1915 2551 2029 2597 tres

449 2643 693 2710 integras
726 2647 920 2694 noctes
952 2637 1101 2690 illius
1146 2634 1450 2689 allicienda:
1481 2634 1658 2704 gratia
1689 2632 2027 2699 substitisse,

447 2752 513 2793 ac
559 2738 778 2792 demum
823 2749 919 2802 spe
976 2747 1076 2787 sua
1118 2729 1441 2784 frustratum
1490 2725 2031 2797 cumimpostoribus

446 2827 630 2899 iurgio
675 2825 1048 2883 contendisse.
1093 2822 1340 2878 Tertium
1388 2819 1492 2873 hoc
1546 2816 1818 2889 Josephus
1857 2817 2028 2872 docn-

448 2927 691 2976 mentum
746 2918 1073 2974 Christiana:
1126 2913 1412 2985 religionis
1450 2911 1663 2974 habuit,
1725 2926 1835 2981 quo
1892 2909 2031 2966 nihil

447 3012 716 3067 adversus
745 3009 953 3065 Christi
1003 3021 1202 3062 nomen
1258 3004 1554 3073 crucisque
1597 3005 1814 3073 signum
1848 3004 2032 3058 valere

449 3103 716 3161 maleﬁcia
743 3101 1032 3172 comperit,
1074 3114 1250 3169 neque
1285 3104 1572 3167 propterea
1594 3095 1943 3153 Christianus
1971 3099 2032 3148 ut

446 3206 594 3255 esset
622 3197 678 3251 in
709 3196 953 3251 animum
982 3192 1219 3248 induxit.

518 3288 610 3343 IX.
654 3287 969 3344 Secundum
1000 3286 1115 3340 hac
1141 3283 1401 3339 Christus
1440 3283 1488 3339 ei
1520 3299 1581 3339 se
1611 3283 1667 3337 in
1698 3279 1908 3337 somnis
1932 3278 2035 3333 ob-

448 3380 607 3452 iicit:
651 3378 749 3445 Et,
790 3377 921 3449 Ego,
963 3376 1165 3448 inquit,
1214 3391 1333 3430 sum
1378 3373 1574 3441 Iesus,
1616 3389 1770 3445 quem
1806 3371 2038 3441 majora

451 3473 531 3526 tui
562 3473 618 3526 in
675 3486 883 3525 crucem
930 3476 1186 3540 egerunt:
1215 3466 1438 3536 proinde
1490 3467 1567 3520 in.
1594 3482 1676 3519 me
1713 3464 1931 3519 credito.
1967 3465 2040 3519 At

448 3562 722 3631 Josephus
750 3575 819 3615 ne
842 3561 915 3614 ita
938 3559 1093 3629 133
1109 3558 1327 3629 quidem
1350 3558 1642 3627 perpnlsus
1663 3556 2037 3611 vehementem

453 3654 509 3708 in
556 3652 806 3707 morbum
850 3666 914 3706 ac
951 3653 1297 3721 desperatum
1339 3650 1552 3704 incidit.
1600 3647 1737 3704 Tum
1775 3645 2039 3702 Dominus

452 3744 503 3800 ei
540 3758 733 3798 rursus
775 3758 1043 3813 apparens
1075 3750 1136 3797 ut
1161 3743 1218 3797 in
1251 3756 1312 3798 se
1345 3739 1595 3797 crederet
1638 3741 1913 3805 hortatur,
1963 3738 2040 3794 ita

455 3834 786 3891 valetudinis
828 3843 1135 3903 compotem
1168 3834 1434 3888 futurum.
1479 3833 1595 3889 Hoc
1639 3834 1731 3889 ubi
1764 3834 2039 3890 facturum

455 3927 665 3997 recepit
686 3940 751 3982 ac
779 3934 999 3997 repente
1032 3927 1327 3989 convaluit,
1363 3925 1419 3980 in
1449 3925 1637 3981 eadem
1673 3927 1841 3981 animi
1873 3925 2041 3981 obsti-

456 4019 680 4075 natione
729 4017 987 4089 perstitit.
1024 4016 1206 4084 Quare
1240 4017 1482 4075 secundo
1506 4016 1563 4072 in
1599 4017 1851 4072 morbum
1891 4018 2041 4072 dela-

454 4129 611 4185 psus,
648 4127 713 4168 ac
733 4110 961 4183 perinde
989 4112 1336 4182 desperatus,
1369 4126 1496 4167 cum
1519 4111 1633 4182 jam
1664 4111 1872 4168 instare
1903 4120 2039 4169 tem-

455 4219 559 4275 pus
596 4213 899 4260 extremum
927 4202 1100 4261 Judaei
1132 4204 1281 4260 illius
1307 4204 1523 4277 cognati
1552 4203 1859 4269 crederent,
1890 4204 2037 4275 quod

450 4296 523 4352 ab
551 4297 620 4351 iis
648 4303 863 4354 secreto
889 4294 1003 4352 ﬁeri
1031 4298 1171 4352 solet
1199 4296 1517 4368 mysterium
1538 4311 1682 4370 ager
1711 4297 1904 4353 audiit.
1939 4297 2038 4352 Et-

453 4389 600 4443 enim
637 4404 702 4444 ex
736 4388 1066 4459 legisperitis
1101 4389 1322 4458 quidam
1353 4396 1485 4444 natu
1516 4389 1738 4460 grandis
1768 4389 2037 4445 accedens

2143 1909 2407 1982 Ἰώσηπον
2456 1910 2738 1983 εἰσῆλθοψ
2771 1911 2866 1963 καὶ
2918 1910 3400 1982 καταλαμϐάνουσι
3444 1911 3536 1965 καὶ
3578 1910 3704 1964 ἄλλα

2129 2002 2252 2058 τινὰ
2284 2001 2697 2074 ἐπιτηδεύματα
2731 2002 3050 2072 περιεργίας
3070 2003 3246 2073 χαμαὶ
3278 1997 3704 2074 ὲρῤιμμένα,οἶς

2132 2094 2610 2167 προσκενὼσαντες
2643 2090 2780 2166 οῦρα
2824 2095 2919 2148 καὶ
2954 2087 3112 2165 αἷμα,
3149 2091 3405 2166 μίξαντες
3440 2093 3606 2158 κόνιν,
3633 2092 3704 2157 ὡς

2131 2189 2338 2251 ἐκεῖνος
2380 2186 2507 2258 ἔφη,
2557 2186 2801 2258 ἐξῆλθον.
2837 2188 3121 2255 Ἔγνωσαν
3148 2185 3205 2239 δὲ
3247 2184 3348 2257 τὴν
3399 2184 3699 2254 ἐπιϐουλὴν,

2130 2280 2219 2334 διὰ
2248 2280 2425 2333 ποίαν
2464 2281 2699 2347 γυναῖκα
2745 2279 2928 2346 αὐτοῖς
2964 2278 3353 2350 ὲκακουργήθη
3400 2277 3589 2341 ταῦτα,
3617 2276 3703 2330 καὶ

2132 2367 2541 2441 παρετηροῦντο
2568 2369 2617 2423 εί
2646 2368 3087 2440 κατισχύσουσιν.
3127 2369 3216 2431 Ὠς
3240 2362 3334 2421 οὖν
3371 2368 3434 2421 οὐ
3461 2367 3702 2437 κατίσχυ-

2134 2477 2233 2515 σαν
2261 2462 2309 2513 οι
2351 2460 2548 2532 γόητες
2575 2460 2698 2532 (διὰ
2726 2460 2836 2532 γὰρ
2877 2459 2977 2531 τῆς
3021 2459 3315 2531 σφραγῖδος
3350 2459 3447 2514 τοῦ
3479 2456 3700 2531 Χριστοῦ

2134 2554 2229 2608 καὶ
2262 2554 2498 2617 πίστεως
2523 2552 2792 2625 ὲϐοηθήθη
2830 2553 2863 2624 ή
2889 2552 3028 2626 γυνὴ
3046 2552 3065 2623 )
3082 2592 3097 2615 ,
3129 2552 3378 2622 ἔγνωσαν
3405 2552 3496 2607 τὸν
3523 2549 3703 2606 νεώτε-

2135 2662 2229 2717 ρον
2249 2647 2305 2699 ὲν
2328 2644 2476 2718 τρισὶ
2498 2643 2615 2709 νυξὶ
2638 2644 2726 2698 διὰ
2747 2643 2845 2715 τήν
2867 2643 2961 2698 τοῦ
2988 2644 3208 2714 γυναίου
3232 2644 3419 2713 ἄφιξιν
3448 2659 3705 2718 προσκαρ-

2132 2736 2462 2807 τερήσαντα,
2490 2737 2570 2799 εἰς
2607 2735 2833 2808 ὕστερον
2862 2735 2919 2788 δὲ
2951 2735 3329 2807 μαχεσάμενον
3361 2740 3475 2801 τοῖς
3494 2736 3587 2805 τήν
3616 2751 3704 2789 πε-

2136 2826 2384 2899 ριεργίαν
2445 2828 2874 2898 ποιησαμένοις,
2935 2828 3016 2881 ὅτι
3076 2829 3178 2882 οὐκ
3232 2828 3489 2905 ἐπέτυχε.
3548 2827 3703 2881 Τοῦτο

2133 2918 2317 2990 τρίτον
2357 2916 2439 2989 τῷ
2483 2918 2731 2989 Ἰωσήπῳ
2786 2921 3142 2991 κατηχήσεως
3178 2919 3341 2992 ἔργον
3380 2922 3605 2991 ἐγίνετο,
3630 2921 3703 2974 ὅτι

2134 3009 2234 3064 οὐκ
2263 3010 2502 3080 ἴσχυσεν,
2537 3009 2667 3064 ἔνθα
2691 3010 2863 3082 ὄνομα
2886 3012 3124 3084 Χριστοῦ
3151 3014 3245 3066 καὶ
3284 3013 3526 3086 σφραγὶς
3549 3028 3699 3066 σταυ-

2061 3149 2104 3206 C
2141 3098 2256 3170 ροῦ,
2292 3100 2645 3171 φαρμακείας
2676 3100 2926 3173 δύναμις.
2960 3102 3035 3157 Οὐ
3075 3103 3182 3175 μὴν
3220 3103 3277 3157 δὲ
3310 3105 3540 3176 ἐπείσθη
3582 3102 3704 3173 Χρι-

2087 3182 2104 3203 ⁴
2138 3193 2352 3256 στιανὸς
2381 3192 2655 3261 γενέσθαι.

2205 3283 2282 3339 ϐ’.
2311 3285 2543 3338 Ἔπειτα
2595 3285 2843 3355 φαίνεται.
2896 3286 3046 3358 αὐτῷ
3092 3289 3151 3340 ὲν
3193 3287 3385 3352 ὕπνοις
3425 3290 3453 3341 ὁ
3495 3288 3698 3360 Κύριος.

2136 3376 2383 3446 φάσκων,
2426 3378 2507 3431 ὃτι
2545 3375 2686 3448 Ἐγώ
2719 3379 2837 3447 ειμι
2882 3378 3143 3447 Ἰησοῦς,
3184 3379 3257 3434 ὃν
3296 3382 3354 3434 οι
3396 3380 3497 3434 σοί
3525 3377 3703 3450 γονεῖς

2134 3467 2529 3535 ἐσταύρωσαν
2549 3484 2565 3500 -
2616 3468 2781 3533 me
2831 3470 3081 3525 πίστευε
3118 3472 3206 3536 εὶς
3252 3469 3382 3539 ἐμέ.
3424 3471 3482 3525 '0
3502 3471 3578 3534 δὲ,
3605 3468 3701 3523 οὐδ’

2136 3558 2281 3613 οὕτω
2331 3559 2594 3624 πεισθεὶς,
2621 3561 2868 3616 ὑπέπεσε
2918 3563 3060 3635 νόσῳ
3101 3562 3335 3634 μεγάλῃ,
3381 3563 3475 3617 καὶ
3507 3563 3701 3631 ἀπηγοο

2139 3649 2329 3722 ρεύθη.
2366 3650 2424 3705 ’0
2456 3650 2515 3705 δὲ
2561 3651 2767 3724 Κύριος
2796 3653 2957 3731 πάλιν
2995 3654 3291 3709 ὀπτάνεται
3339 3655 3512 3727 αὐτῷ,
3542 3655 3702 3725 φήσας

2138 3743 2287 3815 αὐτῷ
2333 3744 2629 3811 πιστεύειν,
2670 3745 2766 3800 καὶ
2814 3744 3152 3817 ίαθήσεσθαι.
3203 3745 3261 3801 '0
3298 3744 3358 3800 δὲ
3396 3742 3723 3815 ἐπαγγειλάά

2142 3851 2301 3905 μενος
2331 3834 2625 3906 ἀνέσφηλε,
2660 3835 2756 3889 καὶ
2789 3835 2951 3889 πάλιν
2975 3836 3197 3905 ὶνέμενε
3221 3838 3288 3908 τῇ
3323 3834 3697 3908 σκληραυχείᾳ.
3786 3878 3790 3882 .

2138 3926 2234 3990 Et;
2253 3925 2509 3998 δευτέραν
2527 3928 2585 3982 δὲ
2611 3926 2773 3981 πάλιν
2803 3927 3101 3982 ὑποπίπτει
3133 3928 3309 3994 νόσον,
3342 3930 3437 3983 καὶ
3462 3927 3702 3988 ὡσαύτως

2137 4017 2511 4091 ἀπηγορεύθη.
2562 4018 2930 4089 ’Υποληφθεὶς
2958 4018 3015 4072 δὲ
3042 4018 3300 4091 τελευτᾷν
3334 4019 3454 4087 (‘34)
3483 4017 3583 4073 ὑπὸ
3607 4015 3701 4072 τῶν

2140 4110 2421 4181 συγγενῶν
2477 4110 2644 4165 αὐτοῦ
2690 4109 2979 4177 Ἰουδαίων,
3011 4109 3074 4164 τὸ
3106 4110 3238 4182 παρ’
3278 4111 3465 4167 αὐτῶν
3487 4109 3572 4165 ἀεὶ
3611 4124 3700 4179 μυ-

2140 4201 2454 4276 στηριωδῶς
2483 4202 2764 4274 γινόμενον
2793 4202 2946 4273 παρά
2988 4201 3193 4255 τούτων
3211 4201 3436 4273 ήκουσε.
3467 4201 3583 4269 τῶν
3605 4198 3700 4267 γὰρ

2138 4294 2462 4366 νομομαθῶν
2500 4296 2641 4367 ἀνήρ
2668 4312 2754 4358 τις
2794 4293 3164 4367 πρεσϐύτερος
3200 4292 3371 4348 ἐλθὼν
3416 4295 3497 4358 είς
3522 4292 3579 4346 τὸ
3618 4285 3701 4351 οὖς

2137 4385 2301 4439 αὐτοῦ
2344 4386 2650 4457 ἀπήγγειλε
2690 4387 2867 4455 λέγων
2895 4387 2999 4452 ὅτι,
3039 4387 3295 4441 Πίστευε
3342 4384 3580 4454 Ἰησοῦν
3606 4380 3700 4435 τὸν

457 4476 603 4531 illius
627 4476 743 4531 haec
781 4477 1008 4532 auribus
1038 4477 1419 4532 insusurrahat
1444 4496 1459 4533 :
1485 4476 1672 4544 Crede,
1708 4478 1909 4549 inquit,
1940 4476 2033 4531 le-

2136 4476 2592 4546 ἐσταιιρωμένον
2644 4477 2742 4530 ἐπὶ
2795 4478 3051 4532 Ποντίου
3112 4475 3375 4530 Πιλάτου
3407 4475 3697 4546 ἡγεμόνος.

454 4582 575 4621 sum
607 4568 703 4622 sub
729 4567 921 4622 Pontio
943 4568 1122 4624 Pilato
1169 4571 1317 4623 cruci
1350 4570 1563 4640 aﬂixum
1596 4570 1694 4624 Dei
1724 4569 1949 4634 Filium,
1982 4579 2034 4625 et

2146 4566 2283 4620 Υίὸν
2306 4566 2454 4620 Θεοῦ
2484 4566 2649 4631 ὄντα,
2681 4566 2778 4620 καί
2812 4566 2882 4620 ἐκ
2904 4566 3133 4634 Μαρίας
3156 4564 3418 4633 ὕστερον
3447 4576 3699 4636 γεγεννη-

453 4669 520 4710 ea:
545 4655 727 4711 Maria
769 4668 949 4725 poma
988 4660 1244 4729 genitum.
1289 4657 1561 4713 Christum
1604 4675 1718 4714 esse
1746 4657 1866 4723 Dei,
1909 4669 1959 4714 et
2003 4677 2033 4714 a

2135 4653 2338 4724 μένον,
2366 4655 2627 4723 Χριστὸν
2644 4652 2712 4707 δὲ
2736 4654 2883 4708 ὄντα
2912 4654 3081 4719 Θεοῦ,
3109 4654 3208 4707 καί
3231 4655 3301 4708 ἐκ
3330 4653 3554 4724 νεκρῶν
3573 4652 3699 4707 ἀνα·

456 4743 681 4796 mortuis
714 4745 1003 4799 excitatum
1034 4762 1053 4800 :
1080 4755 1131 4801 et
1154 4746 1222 4800 ad
1263 4757 1498 4801 mortuos
1527 4748 2036 4819 uiuosquejudican-

452 4829 551 4886 do:
598 4847 711 4886 esse
753 4845 1046 4889 uenturum.
1091 4835 1252 4891 Omni
1298 4852 1400 4907 ego
1452 4840 1857 4893 asseveratione
1899 4854 2037 4893 con-

452 4918 615 4980 ﬁrmo
663 4922 776 4978 haec
802 4925 933 4981 mihi
956 4925 1254 4998 Josephum
1283 4929 1461 4997 ipsum
1492 4928 1547 4983 in
1578 4930 1656 4985 rei
1687 4939 1851 5001 gestat
1871 4930 2038 5001 expo-

529 5121 641 5198 (ει)
688 5122 1076 5198 Ὑπολῃφθεὶς
1106 5123 1176 5198 δὲ
1198 5123 1505 5198 τελευτᾷν.
1548 5127 1720 5182 Antea
1754 5128 2040 5198 legebatur

458 5191 1241 5268 uzoie'tcpﬂsi;_._Vertit_eni_m
1296 5191 1462 5268 Corn.
1525 5191 1843 5268 relictusque
1899 5202 2037 5253 velut

459 5265 769 5338 moriturus.
802 5262 911 5338 Nos
959 5280 1025 5319 ex
1062 5263 1231 5338 Regio
1275 5265 1467 5338 codice
1512 5262 2039 5338 ὑποληφθείςίιιεειί-

460 5332 686 5409 titinius.
716 5330 870 5409 Quod
902 5342 957 5409 et
985 5330 1318 5409 narrationis
1345 5338 1514 5392 series
1546 5330 1803 5409 postulat.
1853 5337 2039 5409 Neque

461 5403 606 5450 enim
635 5403 1022 5477 moribundum
1046 5403 1380 5477 tudzeorum.
1403 5403 1617 5477 cognati
1641 5403 1999 5477 deseruerant
2024 5427 2038 5473 ;

460 5479 602 5546 quos
631 5471 917 5548 mysticum
948 5474 1081 5548 illud
1109 5471 1496 5530 insusurrasse
1509 5477 1661 5548 dicit.
1683 5475 1779 5531 Hic
1802 5471 2034 5547 Epipha4

464 5543 612 5587 nium
662 5543 883 5616 otiosus
912 5543 1135 5616 quidam
1190 5555 1424 5616 nugatur
1467 5547 1648 5600 nimim
1695 5543 2039 5602 credulitatis

464 5612 719 5688 accusat,
740 5608 885 5688 quod
916 5608 1451 5688 falsa_Judtei_'unius
1475 5618 1826 5688 Aautpalterins
1850 5633 2042 5670 narra-

463 5676 611 5759 tione
631 5676 889 5759 inductus
907 5677 1324 5759 existimaverit,
1351 5686 1631 5759 morituris
1652 5688 1906 5759 omnibus
1932 5704 2043 5759 my-

463 5744 689 5798 sterium
704 5744 835 5798 illud
859 5745 914 5799 in
934 5759 1119 5802 aurem
1140 5744 1580 5825 immurmurari;
1604 5757 1794 5813 scribit
1809 5759 1955 5811 enim
1976 5744 2039 5811 τὸ

2136 4745 2395 4800 στάντα·
2458 4746 2559 4800 καὶ
2604 4744 2696 4801 ὅτι
2748 4746 2932 4811 αὐτὸς
2975 4746 3211 4814 ἔρχεται
3262 4743 3459 4814 κρῖναι
3502 4741 3700 4804 ζῶντας

2138 4842 2237 4896 καί
2273 4841 2548 4909 νεκρούς.
2592 4838 2780 4893 Ταῦτα
2814 4841 2842 4893 ὁ
2889 4839 3055 4903 αὐτὸς
3089 4838 3352 4911 Ἰώσηπος
3383 4840 3441 4893 ἐν
3476 4840 3540 4908 τῇ
3576 4836 3698 4902 ὑφη-

2138 4935 2297 5005 γήσει
2342 4932 2527 5003 σαφῶς
2582 4950 2673 5003 μοι
2703 4931 3044 5003 ἀνήγγειλεν,
3091 4931 3167 4995 ὡς
3219 4930 3522 5002 φιλαλήθως
3568 4928 3697 4987 ἐστιν

2139 5129 2271 5201 παρ’
2305 5127 2485 5201 αὐτῶν
2500 5129 2590 5183 ἀεὶ
2617 5130 3007 5201 μυστηριωδῶς
3038 5131 3324 5201 μινόμενον
3343 5115 3692 5201 [μυζᾷμενον]·

2140 5197 2342 5254 Verum
2378 5208 2438 5251 ut
2475 5200 2589 5254 haec
2613 5197 2761 5255 mera
2781 5197 2964 5253 tabula
2997 5197 3088 5264 sit,
3115 5197 3322 5254 nullam
3345 5197 3566 5251 onmino
3584 5204 3694 5264 san:

2140 5270 2423 5324 ctissimns
2452 5267 2614 5323 Pater
2639 5272 2854 5338 culpam
2882 5273 2982 5323 hac
3005 5271 3060 5323 in
3075 5255 3145 5324 ’τε
3167 5270 3433 5331 sustinet;
3460 5264 3547 5334 qui
3566 5255 3692 5338 quot!

2141 5355 2170 5391 a
2205 5338 2308 5393 [ide
2342 5340 2520 5413 dignis
2557 5335 2872 5413 hominibus
2907 5351 3210 5413 acceperat,
3258 5338 3584 5413 simpliciter,
3624 5335 3691 5413 ull

2140 5404 2426 5462 narratnni
2450 5412 2553 5463 sibi
2578 5418 2718 5473 erat,
2745 5412 2895 5463 nullo
2932 5404 3597 5479 suo'interpositojudicio
3617 5411 3691 5479 re;

2142 5461 2800 5546 tulit.Quidwestiautcin
2851 5461 3312 5533 cnrﬂde'Chrirsto
3350 5461 3617 5547 plcrosqne
3644 5461 3688 5519 id

2143 5550 2246 5603 sibi
2294 5545 2604 5603 Jndmornm
2652 5552 2995 5620 persuasisse
3044 5565 3150 5603 non
3201 5545 3484 5620 putemus?
3527 5545 3687 5620 aquae

2143 5620 2287 5673 enim
2322 5623 2608 5674 mentitum
2655 5606 2832 5675 'fit'isse
2865 5618 3165 5690 Josephum
3200 5606 3451 5673 comitem
3479 5612 3553 5667 vel
3581 5606 3686 5685 Cal:

2143 5691 2397 5745 vinianus
2430 5692 2533 5746 iste
2561 5691 2667 5746 nisi
2701 5689 3047 5759 impudenter
3073 5689 3308 5744 ﬁnxerit.
