3982 6436
325 343 431 400 421

946 342 1070 397 AD\
1091 342 1315 401 ERSUS
1348 342 1693 398 “IERESES
1731 342 1860 395 ΜΒ.
1904 342 1912 394 l

2013 340 2143 399 ὈΜ.
2185 344 2251 399 11.
2295 375 2365 385 —-
2405 345 2677 399 HERES.
2722 347 2890 402 XXX.

3492 352 3601 408 422

324 460 522 513 εἰπεῖν.
554 457 712 513 Ἀλλά
733 458 828 514 καὶ
850 461 978 530 παρ’
1001 459 1165 514 ἄλλου
1195 459 1339 523 τινὸς
1356 459 1418 511 τὸ
1442 459 1683 512 τοιοῦτον
1712 458 1912 528 ῆκουσα

2021 458 2200 513 nenda
2244 459 2385 515 serie
2416 472 2692 514 narrasse.
2738 457 2895 524 Quod
2928 456 3155 531 insuper
3200 460 3271 516 ab
3314 460 3421 517 alio
3457 478 3599 533 quo-

312 548 410 603 ’ἔτι
437 549 593 614 ὄντος
631 549 883 604 Ἰουδαίου
906 540 994 604 διά
1018 550 1109 603 τὸν
1135 551 1241 603 τῶν
1280 549 1547 603 Ἰουδαίων
1571 549 1757 618 φόϐον,
1784 548 1916 602 ἀνα-

280 628 284 631 ’
325 642 495 712 μέσον
544 641 603 694 δὲ
663 640 1004 712 Χριστιανῶν
1061 641 1321 705 πολλάκις
1374 639 1763 712 διατρίϐοντος,
1818 639 1914 692 καὶ

320 735 685 806 Χριστιανοὺς
732 735 1003 805 τιμῶντός
1036 751 1096 788 τε
1140 736 1237 789 καὶ
1270 732 1615 803 ἀγαπῶντος.
1660 731 1912 786 συνοδεύ-

322 826 520 891 σαντὸς
546 844 633 898 μοι
662 829 719 880 ὲν
740 829 808 897 τῇ
838 827 1033 898 ἐρήμῳ
1057 827 1156 896 τῆς
1178 825 1385 896 Βαιθὴλ
1413 826 1510 878 καὶ
1556 823 1799 895 Ἐφραῒμ
1818 824 1913 877 ἐπὶ

319 918 421 990 τὴν
448 919 665 990 ὀρεινὴν
699 918 1049 990 ἀνερχομένῳ
1087 917 1196 970 ἀπὸ
1217 917 1317 987 τῆς
1356 914 1638 988 Ἱεριχοῦς,
1681 917 1776 969 καὶ
1813 917 1908 969 ἀν-

318 1010 625 1064 τιδάλλοντι
662 1010 801 1081 πρὸς
827 1009 990 1061 αὑτὸν
1015 1008 1144 1079 περὶ
1185 1008 1284 1079 τῆς
1312 1006 1406 1061 τοῦ
1433 1005 1670 1078 Χριστοῦ
1698 1022 1908 1076 παρου-

320 1102 466 1166 σίας,
492 1101 587 1154 καὶ
617 1099 783 1152 αὐτοῦ
812 1100 886 1171 μὴ
913 1099 1307 1167 ἀντιλέγοντος.
1339 1096 1684 1168 Θαυμάζοντι
1713 1096 1770 1149 δέ
1796 1113 1906 1167 μοι,

317 1192 417 1244 καὶ
440 1189 715 1261 ἐρωτῶντι
743 1190 908 1243 αὐτὸν
939 1190 1039 1261 τὴν
1068 1189 1248 1243 αἰτίαν
1280 1184 1367 1259 (ἦν
1397 1188 1505 1259 γὰρ
1537 1188 1633 1241 καὶ
1665 1203 1911 1257 νομομα-

316 1282 419 1353 Θὴς
442 1284 536 1337 καὶ
559 1282 857 1353 δυνάμενος
884 1281 1229 1351 ἀντιλέγειν),
1261 1280 1404 1344 τίνος
1437 1282 1596 1352 χάριν
1637 1280 1736 1333 οὐκ
1761 1280 1911 1333 ἀντι-

315 1374 487 1442 λέγει,
513 1373 648 1427 ἀλλά
672 1372 920 1426 πείθεται
950 1374 1077 1444 περὶ
1098 1370 1335 1442 Χριστοῦ
1379 1370 1555 1442 Ἰησοῦ
1573 1368 1669 1422 τοῦ
1697 1369 1907 1440 Κυρίου

319 1466 498 1539 ἡμῶν,
525 1467 739 1522 ἀκούων
769 1465 837 1519 τά
856 1464 1114 1519 τοσαῦτα·
1138 1462 1455 1533 ἀπεκάλυψέ
1485 1479 1575 1534 μοι
1604 1461 1699 1515 κα)⁵
1727 1454 1904 1527 οὗτος,

314 1560 393 1623 ὡς
426 1559 639 1629 μέλλων
680 1558 940 1629 τελευτᾷν
980 1556 1182 1627 ἢκουσε
1212 1557 1340 1626 παρ’
1389 1553 1570 1607 αὐτῶν
1611 1554 1692 1617 εἰς
1738 1552 1907 1623 ἀκοὴν

314 1651 481 1705 ὠτίου
515 1654 573 1704 ὲν
596 1648 935 1722 ψιθυρισμῷ,
973 1650 1057 1702 ὅτι
1092 1646 1300 1719 Ἰησοῦς
1331 1645 1566 1718 Χριστὸς
1593 1648 1623 1699 ὁ
1659 1661 1907 1717 σταυρω-

311 1743 435 1806 θεὶς
464 1743 592 1807 Υἱὸς
621 1739 716 1796 τοῦ
758 1741 895 1794 Θεοῦ
935 1739 1119 1812 μέλλει
1160 1754 1219 1791 σε
1255 1737 1483 1809 κρίνειν.
1530 1735 1691 1790 Ἀλλὰ
1730 1734 1905 1790 ταῦτά

2016 549 2162 618 piam
2191 549 2398 621 accepi,
2433 551 2527 620 qui
2569 549 2787 606 Iudaeus
2823 550 3004 606 adhuc
3033 551 3105 607 ob
3136 551 3352 607 illorum
3389 562 3599 610 metum

2015 647 2156 706 erat,
2188 648 2354 711 atque
2387 640 2532 695 inter
2556 640 2900 696 Christianos
2929 657 3169 714 μετεωρο
3194 644 3447 715 degebat,
3474 660 3601 703 cos-

2013 745 2119 799 que
2171 738 2226 785 et
2271 730 2601 785 observabat
2630 731 2927 800 plurimum
2976 739 3030 787 et
3080 733 3459 805 amabat:qui
3502 750 3607 805 per

2010 819 2249 877 Bethelis
2300 821 2693 892 Ephraimique
2743 822 3093 877 solitudinem
3134 824 3204 879 ab
3246 826 3381 881 urbe
3418 825 3605 881 Hieri-

2009 912 2232 968 chuntis
2257 914 2326 967 ad
2348 915 2611 969 montium
2638 914 2773 985 juga
2810 914 3054 969 tendenti
3089 916 3221 970 mihi
3255 917 3510 972 comitem
3537 933 3604 974 se

2008 1003 2224 1060 itineris
2251 1004 2520 1074 adjunxit.
2557 1004 2696 1059 Huic
2727 1021 2827 1076 ego
2873 1021 2995 1060 cum
3032 1006 3099 1061 de
3137 1008 3345 1062 Christi
3382 1000 3600 1064 Do‘mini

2008 1094 2245 1151 adventu
2274 1098 2537 1151 nonnulla
2568 1112 2947 1167 proponerem,
2990 1100 3139 1153 nulla
3180 1099 3234 1153 in
3283 1115 3342 1154 re
3373 1107 3594 1154 contra-

1994 1186 2244 1265 -dicebat.
2287 1186 2405 1254 Qua
2438 1203 2498 1242 re
2535 1188 2830 1258 plurimum
2876 1188 3202 1255 admiratus,
3237 1191 3366 1260 quid
3415 1205 3603 1245 causa!

2011 1277 2230 1332 tandem
2269 1286 2415 1335 esset
2443 1280 2721 1334 hominem
2766 1280 3099 1351 interrogavi
3135 1282 3210 1352 (et
3236 1290 3356 1336 erat
3390 1284 3595 1353 alioqui

2007 1367 2143 1439 legis
2174 1385 2288 1424 sum
2320 1371 2547 1440 peritus,
2572 1385 2639 1425 ac
2678 1370 2995 1440 disputandi
3019 1387 3153 1428 sane
3198 1388 3308 1427 non
3345 1375 3595 1446 expers),

2011 1475 2133 1523 cur,
2164 1462 2410 1531 inquam,
2447 1464 2579 1517 mihi
2610 1463 2744 1517 nihil
2776 1465 3153 1532 responderet,
3183 1479 3246 1519 ae
3275 1465 3344 1521 de
3378 1467 3603 1522 Christo

2005 1550 2135 1609 Iesu
2176 1552 2408 1609 Domino
2439 1562 2630 1611 nostro
2667 1555 2804 1609 mihi
2833 1558 3188 1613 consentiret.
3235 1558 3315 1613 Ad
3351 1575 3472 1628 qua:
3505 1560 3601 1615 ille

2007 1646 2261 1715 subjecit,
2310 1647 2700 1702 moribundum
2734 1662 2795 1703 se
2834 1648 3167 1718 quandoque
3216 1665 3246 1703 a
3275 1648 3482 1706 Iudaeis
3512 1651 3599 1705 in-

2008 1738 2285 1794 susurrari
2325 1739 2427 1793 sibi
2460 1740 2736 1797 in_aurem
2766 1741 2961 1796 leviter
2989 1740 3231 1802 audisse.
3255 1740 3416 1797 Iesus
3436 1742 3600 1797 Chri-

314 1853 413 1907 μοι
437 1835 566 1905 περὶ
589 1833 815 1899 τούτων,
848 1834 941 1888 καὶ
970 1833 1115 1887 κατά
1135 1831 1325 1885 τοῦτον
1357 1831 1450 1885 τὸν
1483 1829 1641 1899 λόγον
1668 1826 1906 1883 ἐνταῦθά

2013 1836 2126 1887 stus
2154 1828 2454 1884 crurifixus
2494 1828 2589 1884 Dei
2621 1828 2794 1886 Filius
2835 1830 2902 1886 de
2936 1840 2990 1886 te
3017 1832 3309 1901 judicabit.
3343 1832 3449 1889 Sed
3480 1834 3598 1889 haec

312 1943 412 1998 μοι
450 1924 510 1991 ἐξ
538 1922 801 1996 ἀληθινῆς
824 1923 995 1995 ἀκοῆς
1024 1920 1404 1994 παρακείσθω.

390 2100 611 2165 Ι’.’Ἔτι
640 2106 700 2160 δὲ
743 2108 772 2160 ὁ
819 2104 1082 2175 Ἰώσηπος
1127 2106 1190 2159 ἐν
1228 2101 1372 2172 νόσῳ
1405 2094 1499 2172 ἦν,
1530 2103 1624 2157 καὶ
1667 2098 1906 2161 ἀκούσας

313 2200 469 2272 παρά
500 2199 597 2253 τοῦ
628 2194 1023 2272 πρεσϐυτέρου,
1059 2197 1135 2261 ὡς
1170 2197 1452 2266 προεῖπον,
1494 2193 1635 2264 μετά
1659 2189 1770 2244 τῶν
1807 2190 1906 2263 άλ-

311 2290 447 2351 λων,
465 2291 549 2343 ὅτι
586 2288 795 2361 Ἰησοῦς
828 2287 1060 2359 Χριστός
1094 2303 1155 2340 σε
1182 2286 1379 2356 κρινεῖ,
1406 2282 1486 2337 ἔτι
1519 2280 1902 2353 ὲσκληρύνετο.

323 2383 389 2436 ’0
417 2382 477 2437 δὲ
506 2382 711 2455 Κύριος
736 2380 897 2435 πάλιν
927 2380 1063 2451 πρὸς
1088 2379 1251 2432 αὑτὸν
1285 2376 1425 2431 κατά
1448 2375 1546 2449 τὴν
1574 2373 1741 2429 αὐτοῦ
1781 2373 1906 2442 φιλ-

314 2473 634 2544 ανθρωπίαν
688 2472 755 2525 δι’
802 2470 1081 2543 ὁράματος
1144 2467 1428 2533 ἐνυπνίου,
1489 2466 1652 2533 Ἰδοὺ,
1704 2463 1933 2535 φησὶν,⁸

317 2565 589 2637 ίῶμαίισε
607 2581 622 2596 ·
646 2562 781 2617 ἀλλά
806 2562 1047 2625 ἀναστὰς
1074 2562 1319 2614 πίστευε.
1362 2559 1627 2622 Ἀναστὰς
1654 2556 1711 2610 δὲ
1746 2557 1909 2611 πάλιν

315 2660 428 2716 ἀπὸ
458 2661 560 2731 τῆς
587 2658 766 2719 νόσου,
795 2656 897 2710 οὐκ
931 2654 1273 2709 ἐπίστευσεν.
1304 2649 1631 2721 ’Υγιαίνοντι
1655 2649 1713 2703 δὲ
1736 2647 1905 2719 αὐτῷ,

316 2753 571 2824 φαίνεται
611 2753 640 2805 ὁ
672 2749 877 2822 Κύριος
924 2747 1087 2802 πάλιν
1120 2745 1242 2799 κατ’
1272 2744 1406 2815 ὄναρ
1425 2782 1440 2807 ,
1481 2740 1728 2810 ἐγκαλῶν
1761 2739 1910 2812 αὐτῷ

314 2846 385 2900 δι’
415 2847 481 2917 ἢν
505 2843 686 2897 αἰτίαν
715 2842 816 2895 οὐκ
842 2840 1185 2893 ἐπίστευσεν.
1223 2834 1651 2903 Ἐπαγγέλλεται
1679 2832 1737 2897 δὲ
1759 2829 1911 2901 αύτῷ

316 2937 495 3007 λέγων
523 2938 552 2989 ὁ
579 2932 783 3006 Κύριος
812 2933 917 2993 ὅτι,
945 2931 1040 2995 Εἰς
1075 2925 1450 2999 πληροφορίαν
1486 2923 1742 2989 πίστεως,
1776 2919 1830 2974 εί
1854 2935 1910 2972 τι

319 3027 505 3100 βούλει
548 3026 610 3080 ὲν
638 3022 861 3095 ὀνόματί
897 3039 996 3093 μου
1027 3019 1348 3089 θεοσήμειον
1375 3013 1746 3100 ἐργάσασθαι,
1785 3013 1905 3064 ἐπι-

318 3097 571 3177 καλεσαι,
613 3110 769 3181 κάγὼ
808 3111 1039 3180 ποιήσω.
1076 3105 1418 3176 Μαινόμενος
1443 3102 1502 3156 δὲ
1528 3119 1612 3166 τις
1639 3097 1708 3175 ἦν
1745 3103 1804 3154 ὲν
1838 3103 1907 3173 τῆ

320 3166 495 3273 πόλει,
539 3166 599 3270 δς
634 3166 968 3277 γυιμνὸςπῆν
1003 3201 1156 3255 πόλιν
1191 3166 1439 3271 περιῄει,
1472 3197 1617 3268 φημὶ
1643 3166 1700 3249 δὲ
1727 3199 1784 3251 ὲν
1818 3166 1911 3249 Tt;
1936 3166 1987 3227 η

320 3301 565 3373 ϐεριάδι,
615 3298 710 3353 καὶ
760 3295 1020 3359 πολλάκις
1068 3291 1511 3362 ὲνδιδυσκόμενος
1560 3289 1661 3361 τὴν
1707 3289 1912 3359 ἐσθῆτα

318 3393 694 3465 διερρήγνυεν,
722 3387 798 3452 ὡς
824 3386 944 3450 ἔθος
968 3387 1082 3449 τοῖς
1110 3381 1392 3445 τοιούτοις.
1425 3381 1483 3435 '0
1504 3375 1597 3434 οὖν
1626 3379 1911 3450 Ἰώσηπος,

323 3481 648 3552 βουλόμενος
680 3481 737 3533 ὲν
764 3477 931 3549 πείρᾳ¹
958 3474 1213 3546 γενέσθαι
1255 3471 1351 3527 τοῦ
1392 3471 1692 3543 ὁράματος,
1737 3470 1915 3524 διστά-

320 3571 435 3634 ζων
479 3568 538 3622 δὲ
587 3566 669 3621 ἔτι
693 3606 709 3633 ,
760 3565 899 3619 αίδοί
947 3564 1252 3634 κατείχετο.
1302 3560 1733 3633 Παραλαμϐάνει
1780 3560 1913 3629 γοῦν

318 3660 512 3716 τοῦτον
539 3659 708 3724 ἔνδον,
735 3640 833 3712 καί.
860 3655 1192 3719 ἀποκλείσας
1218 3653 1316 3726 τὴν
1342 3652 1532 3722 θύραν,
1567 3651 1712 3724 ὓδωρ
1737 3668 1797 3704 τε
1822 3651 1914 3706 λα-

321 3752 438 3806 ϐὼν
467 3753 548 3815 εἰς
581 3750 679 3822 τὴν
716 3752 896 3821 χεῖρα,
929 3748 1025 3802 καὶ
1055 3744 1366 3818 σφραγίσας
1397 3743 1551 3809 αὐτὸ,
1593 3743 1914 3815 ὲρῤάντισεν

320 3840 421 3897 ἐπὶ
454 3840 545 3893 τὸν
575 3837 798 3911 ἐμμανῆ
826 3837 1136 3910 ἄνθρωπον,
1169 3836 1349 3906 φήσας
1371 3849 1385 3862 ·
1437 3833 1527 3887 Ἐν
1556 3831 1780 3903 ὀνόματι
1816 3833 1921 3886 τοῦ

334 3930 514 4003 Ἰησοῦ
550 3928 874 4002 Ναζωραίου
901 3925 996 3981 τοῦ
1029 3923 1435 3998 σταυρωθέντος
1462 3921 1644 3987 ἔξελθε
1663 3963 1681 3988 ,
1709 3922 1772 3976 τὸ
1799 3922 1914 3975 δαι-

326 4024 533 4097 μόνιον,
574 4021 670 4077 ἀπ’
708 4018 896 4085 αὐτοῦ,
927 4020 1023 4073 καὶ
1055 4018 1215 4090 ὑγιὴς
1241 4017 1491 4088 γένηται.
1531 4015 1589 4070 '0
1625 4014 1682 4069 δὲ
1710 4014 1918 4088 ἀνθρω-

321 4132 461 4179 πος,
510 4111 822 4183 ἀνακράξας
857 4111 1032 4183 μέγα,
1083 4109 1177 4164 καὶ
1209 4109 1384 4181 χαμαὶ
1420 4106 1633 4173 πεσὼν,
1675 4106 1916 4178 άφρίσας

326 4205 501 4261 πολλά
527 4205 621 4258 καὶ
640 4201 996 4273 σπαραχθεὶς,
1021 4200 1204 4273 ἔμεινε
1235 4199 1438 4268 πολλὴν
1455 4196 1605 4269 ὥραν
1635 4197 1912 4269 ἀκίνητος.

336 4297 604 4369 Ἰώσηπος
640 4295 698 4349 δὲ
726 4294 995 4365 ὑπενόησε
1020 4292 1114 4346 τὸν
1146 4289 1432 4363 ἄνθρωπον
1455 4289 1728 4345 τεθνάναι.
1762 4292 1828 4346 ’0
1858 4294 1915 4348 δὲ

328 4388 474 4462 μετὰ
513 4387 698 4459 ὥραν,
729 4383 1149 4456 διατριψάμενος
1190 4381 1252 4435 τὸ
1301 4380 1626 4453 πρόσωπον,
1675 4381 1911 4454 ἀνέστη·

2004 1919 2290 2001 hactenus,
2322 1920 2468 1991 quod
2510 1920 2578 1975 ad
2614 1937 2727 1977 rem
2765 1932 3087 1992 praesentem
3134 1924 3350 1992 attinet,
3405 1941 3598 1982 revera

2005 2019 2066 2065 ut
2092 2011 2404 2081 accepimus
2430 2012 2574 2067 dicta
2599 2021 2784 2067 sunto.

2076 2101 2142 2155 Χ.
2186 2101 2371 2158 Redeo
2405 2103 2519 2174 jam
2561 2106 2627 2160 ad
2679 2103 3002 2175 Iosephum.
3042 2104 3094 2161 Is
3137 2121 3263 2161 cum
3312 2106 3365 2161 in
3402 2108 3601 2162 morbo

2006 2193 2187 2249 adhuc
2217 2201 2384 2259 esset,
2414 2203 2469 2249 et
2495 2209 2525 2249 a
2552 2197 2782 2253 seniore
2821 2197 2965 2251 inter
3002 2198 3108 2252 alia
3143 2198 3256 2253 hac
3290 2213 3412 2268 qua:
3449 2199 3596 2252 dixi-

2008 2298 2130 2337 mus
2166 2284 2491 2349 inaudisset,
2517 2284 2678 2340 Iesus
2701 2286 2957 2343 Christus
2986 2287 3054 2342 de
3081 2295 3133 2342 te
3151 2287 3440 2356 judicabit,
3476 2289 3599 2342 ani-

2010 2390 2155 2428 mum
2204 2374 2567 2450 nihilominus
2602 2376 2948 2433 obﬁrmabat.
2995 2379 3161 2449 Igitur
3197 2378 3463 2434 Dominus
3494 2394 3603 2449 pro

2007 2466 2215 2536 ingenti
2265 2481 2363 2521 sua
2404 2483 2532 2537 erga
2585 2468 2839 2524 homines
2887 2471 3261 2524 misericordia
3305 2471 3503 2525 iterum
3542 2470 3598 2525 ei

2010 2574 2069 2613 se
2100 2558 2153 2611 in
2186 2558 2396 2614 somnis
2429 2559 2642 2628 objicit,
2676 2559 2881 2631 Teque,
2915 2562 3011 2628 ait,
3062 2562 3283 2617 sanitati
3319 2564 3586 2629 restituo';

2011 2665 2195 2721 surge,
2229 2650 2411 2716 modo,
2441 2659 2497 2706 et
2531 2667 2676 2707 nunc
2717 2653 2933 2708 demum
2974 2656 3204 2710 credito.
3250 2654 3452 2710 Verum
3503 2656 3598 2711 ubi

2011 2742 2312 2805 convaluit,
2367 2757 2438 2813 ne
2487 2751 2603 2797 tum
2655 2745 2876 2815 quidem
2922 2746 3177 2800 credidit.
3227 2746 3426 2801 lterum
3465 2761 3598 2818 ergo

2012 2832 2471 2903 recuperatajam
2501 2835 2737 2891 sanitate
2775 2851 2870 2906 per
2898 2839 3077 2892 visum
3111 2839 3161 2892 ei
3206 2836 3470 2893 Dominus
3510 2838 3598 2891 oi-

2013 2923 2209 2989 fertur,
2248 2935 2302 2980 et
2332 2925 2480 2996 quod
2521 2927 2763 2980 nondum
2794 2928 3121 2984 credidissM
3161 2938 3406 2984 accusat.
3440 2928 3601 3000 135

2013 3016 2146 3072 inde
2167 3018 2509 3087 amplissima
2535 3018 2783 3089 quaedam
2807 3022 3135 3088 promittens
3157 3020 3237 3075 sie
3265 3021 3595 3091 alloquitur:

2016 3105 2087 3162 Ut
2123 3106 2244 3171 tibi,
2282 3108 2481 3179 inquit,
2525 3110 2594 3164 de
2628 3109 2911 3179 religionis
2955 3125 3090 3164 mea:
3132 3110 3239 3164 fide
3285 3118 3518 3174 constet,
3552 3112 3598 3167 si

2014 3199 2161 3270 quod
2204 3200 2259 3253 in
2307 3199 2530 3256 nomine
2562 3215 2686 3255 meo
2727 3201 3034 3271 prodigium
3085 3201 3301 3258 efficere
3336 3205 3601 3266 volueris,

2015 3293 2284 3362 meipsum
2331 3292 2549 3357 invoca,
2586 3307 2689 3363 ego
2735 3293 2832 3348 tibi
2865 3278 3157 3365 praestabo.
3198 3297 3329 3349 Erat
3374 3296 3429 3350 in
3463 3297 3602 3351 urbe

2014 3381 2306 3439 Tiberiade
2336 3383 2590 3441 furiosus
2615 3385 2859 3455 quidam,
2909 3386 3058 3440 nudo
3097 3402 3326 3456 corpore
3361 3388 3603 3441 circum-

1980 3504 1983 3505 ν
2013 3490 2276 3537 cursans,
2311 3478 2406 3548 qui
2441 3491 2566 3532 cum
2617 3478 2818 3548 saepius
2849 3477 3192 3547 indueretur,
3228 3487 3289 3533 ut
3326 3479 3598 3549 ejusmodi

2013 3568 2298 3623 hominum
2348 3583 2468 3624 mos
2519 3579 2624 3632 est,
2678 3577 2862 3627 vestes
2917 3585 3048 3626 suas
3098 3572 3394 3626 lacerabat.
3443 3570 3499 3627 In
3533 3586 3605 3628 eo

2009 3657 2281 3730 Iosephus
2302 3676 2422 3731 quae
2447 3676 2545 3731 per
2568 3662 2747 3718 visum
2767 3670 3050 3733 acceperat
3069 3663 3305 3733 experiri
3331 3665 3593 3733 gestiens,

2012 3750 2264 3807 dubitare
2288 3759 2469 3806 tamen
2498 3752 2769 3814 nonnihil,
2797 3767 2862 3807 ac
2894 3752 3105 3822 pudore
3136 3753 3426 3808 retardari.
3454 3752 3601 3810 Con—

2014 3843 2231 3899 tinuata
2274 3843 2496 3898 tandem
2530 3844 2715 3897 animo
2756 3842 2902 3899 intra
2936 3843 3083 3900 aedes
3127 3845 3379 3912 adducit;
3419 3854 3472 3902 et
3508 3862 3601 3903 oc-

2012 3936 2185 3991 clusis
2204 3934 2414 3991 foribus
2437 3949 2637 4005 aquam
2658 3935 2913 3991 manibus
2936 3937 3222 4002 hauriens,
3252 3944 3305 3991 et
3328 3944 3600 3993 amentem

2012 4028 2166 4082 illum
2209 4042 2374 4082 cruce
2421 4028 2808 4099 consignatum
2853 4043 3154 4099 aspergens
3191 4046 3209 4085 :
3254 4030 3312 4083 In
3355 4030 3600 4092 nomine,

2013 4118 2212 4188 inquit,
2242 4117 2375 4173 Iesu
2402 4116 2673 4173 Nazareni
2700 4119 2950 4173 crucifixi
2994 4121 3104 4186 exi,
3136 4120 3373 4188 daemon,
3407 4123 3474 4177 ab
3496 4124 3602 4178 hoc

2015 4210 2258 4274 homine,
2306 4209 2463 4278 isque
2494 4225 2663 4267 sanus
2712 4219 2851 4265 esto.
2892 4212 2974 4266 Ad
3006 4212 3120 4267 haac
3164 4213 3254 4267 ille
3290 4215 3604 4269 vociferans

2016 4307 2071 4356 et
2100 4301 2251 4355 humi
2281 4300 2670 4370 procumbens,
2720 4313 2885 4373 atque
2927 4318 2993 4359 ex
3023 4319 3119 4359 ore
3160 4319 3383 4373 spumas
3413 4320 3602 4376 agens,

2016 4408 2247 4463 seseque
2302 4392 2578 4448 dilanians
2634 4393 2728 4449 diu
2786 4396 3092 4464 permansit
3150 4396 3485 4464 immobilis,
3541 4405 3603 4452 ut

325 4479 461 4534 καὶ¹
490 4477 764 4548 θεώμενος
799 4476 899 4547 τὴν
928 4473 1061 4527 ἰδίαν
1090 4472 1394 4543 γύμνωσιν,
1432 4471 1657 4526 ἐαυτὺν²
1686 4471 1912 4544 ἔκρυψε,

2020 4493 2295 4540 mortuum
2318 4485 2431 4555 jam
2461 4501 2584 4541 esse
2611 4485 2886 4556 Iosephus
2918 4487 3188 4555 crederet,
3225 4487 3403 4544 donec
3433 4489 3604 4545 inter-

324 4570 549 4634 καὶτὰς
573 4571 760 4641 χεῖρας
792 4568 887 4620 ἐπὶ
916 4569 985 4638 τῇ
1012 4563 1243 4637 αἰσχύνῃ
1276 4564 1535 4628 ἐπετίθει,
1582 4566 1780 4636 μηκέτι
1810 4564 1912 4635 φέ-

330 4680 445 4733 ρων
488 4663 617 4714 ίδεῖν
660 4662 760 4731 τὴν
796 4658 931 4712 ἰδίαν
965 4656 1264 4727 γύμνωσιν.
1305 4654 1540 4727 Ἰμάτιον
1568 4655 1625 4710 δὲ
1659 4658 1787 4728 παρ’
1814 4656 1914 4711 αύ-

325 4753 427 4807 τοῦ
459 4752 554 4806 τοῦ
591 4754 855 4823 Ἰωσήπου
877 4790 892 4815 ,
925 4751 985 4817 ἐξ
1011 4744 1086 4803 ὧν
1119 4744 1294 4820 εἶχεν,
1329 4747 1564 4812 ὲνδυθεὶς
1585 4787 1599 4808 ,
1636 4749 1717 4812 είς
1744 4748 1915 4802 κατά-

329 4863 525 4899 στασιν
552 4845 816 4907 συνέσεως
841 4842 935 4897 καὶ
960 4839 1336 4912 σωφρονισμοῦ
1364 4839 1554 4903 ἐλθὼν,
1578 4840 1657 4911 τῷ
1675 4857 1734 4894 τε
1760 4839 1916 4911 ἀνδρὶ

328 4937 508 4992 πολλὰ
552 4937 958 5016 εὐχαριστήσας
1001 4936 1097 4990 καὶ
1123 4934 1264 5006 Θεῷ,
1306 4936 1487 5004 γνοὺς,
1534 4936 1616 4989 ὅτι
1650 4935 1716 4988 δι’
1747 4933 1916 4988 αὐτοῦ

329 5031 494 5102 ἔτυχε
523 5031 621 5101 τῆς
654 5029 928 5101 σωτηρίας
948 5068 964 5095 ,
994 5028 1054 5083 ὲν
1079 5030 1147 5100 τῇ
1178 5028 1331 5082 πόλει
1375 5027 1663 5099 διεφήμιζε
1703 5027 1795 5081 τὸν
1822 5027 1918 5082 ἄν-

328 5127 461 5196 δρα,
489 5124 583 5178 καὶ
600 5122 842 5193 γνωστὸν
870 5121 1086 5191 ἐγένετο
1109 5124 1219 5185 τοῖς
1246 5122 1425 5175 ὲκείσε
1462 5120 1737 5195 Ἰουδαίοις
1757 5119 1918 5174 τοῦτο

328 5216 401 5270 τὸ
441 5218 686 5286 σημεῖον.
731 5212 970 5283 Θρύλλος
1014 5213 1072 5267 δὲ
1118 5211 1284 5274 πολὺς
1336 5210 1698 5282 ἠκολούθησεν
1745 5212 1804 5265 ὲν
1847 5213 1914 5284 τῇ

332 5306 527 5373 πόλει,
563 5305 863 5375 λεγόντωνο
909 5306 990 5359 ὅτι
1027 5303 1286 5375 Ἰώσηπος
1312 5303 1383 5357 τὰ
1410 5303 1788 5372 γαζοφυλάκια
1825 5305 1918 5358 ἀν·-

328 5399 518 5464 οίξας,
572 5400 668 5452 καὶ
699 5396 875 5470 εὑρὼν
901 5398 1283 5471 γεγραμμένον
1328 5397 1388 5450 τὸ
1429 5396 1599 5467 ὄνομα
1626 5395 1718 5450 τοῦ
1758 5396 1915 5464 Θεοῦ,

332 5490 435 5545 καὶ
484 5491 784 5559 ἀναγνοὺς,
836 5493 1036 5560 σημεῖα
1087 5488 1296 5559 μεγάλα
1344 5487 1654 5559 ἐργάζεται.
1700 5484 1809 5541 Ἦν
1862 5488 1919 5542 δὲ

332 5578 538 5654 ἀληθὲς
567 5579 628 5632 τδ
657 5580 750 5634 ὑπ’
777 5579 956 5635 αὐτῶν
984 5580 1293 5651 λεγόμενον,
1316 5580 1414 5650 οὐχ
1442 5580 1518 5644 ὡς
1544 5578 1602 5632 δὲ
1628 5579 1781 5633 αὐτοὶ
1812 5579 1915 5631 ὑπ-

384 5710 436 5789 ἰ
471 5773 562 5826 γρ,
603 5751 959 5822 θεασάμενος,
1039 5754 1057 5783 ²
1093 5768 1183 5822 γρ,
1212 5750 1468 5825 ἔκρυπτε.

2015 4576 2167 4648 jecto
2193 4577 2343 4633 horae
2376 4580 2554 4650 spatio
2587 4581 2798 4634 vultum
2831 4578 3134 4650 perfricans
3162 4581 3422 4636 surrexit.
3458 4578 3601 4635 Tum

2022 4685 2082 4726 se
2131 4671 2337 4725 nudum
2393 4670 2835 4728 animadverteris
2878 4674 3182 4736 occultare,
3235 4686 3299 4729 ac
3350 4673 3602 4728 manibus

2023 4762 2280 4834 pudenda
2315 4772 2622 4833 protegere,
2654 4779 2719 4819 eo
2746 4779 2807 4819 se
2837 4763 3025 4819 habitu
3052 4765 3299 4833 corporis
3330 4780 3454 4821 esse
3478 4780 3607 4835 per:

2021 4854 2251 4910 moleste
2277 4853 2439 4909 ferre.
2475 4855 2721 4925 Denique
2749 4863 2899 4910 veste
2922 4856 2989 4910 ab
3018 4854 3258 4926 Iosepho
3278 4870 3342 4909 ex
3375 4857 3444 4911 iis
3469 4870 3607 4926 qua-

2021 4961 2145 5001 rum
2178 4946 2336 5016 copia
2387 4953 2507 5001 erat
2556 4946 2777 5015 injecta,
2832 4947 2936 5002 sibi
2976 4948 3265 5003 reslitutus
3312 4947 3606 5016 animoque

2022 5039 2366 5109 compositus
2413 5052 2643 5109 magnas
2678 5039 2754 5093 illi
2812 5039 3115 5095 secundum
3166 5037 3335 5092 Deum
3396 5037 3607 5108 gratias

2022 5128 2154 5199 egit,
2187 5127 2348 5196 cujus
2366 5142 2426 5183 se
2448 5129 3024 5185 heneiicioliberatum
3062 5135 3417 5199 agnosceret:
3449 5141 3606 5182 eum-

2022 5215 2256 5287 demque
2294 5224 2405 5270 tota
2448 5218 2584 5272 urbe
2619 5219 2980 5291 pervulgarit.
3024 5220 3112 5273 lta-
3136 5216 3449 5271 Iudaeorum
3486 5230 3601 5269 om-

2024 5308 2176 5362 nium
2238 5309 2331 5378 qui
2376 5309 2501 5365 istic
2548 5320 2706 5366 erant
2757 5326 2919 5366 aures
2966 5309 3217 5365 miraculi
3268 5308 3416 5364 illius
3459 5306 3607 5362 fama

2025 5398 2286 5468 pervasit.
2323 5397 2403 5453 Ex
2434 5414 2544 5469 quo
2574 5415 2765 5455 rumor
2793 5401 2987 5471 ingens
3017 5397 3349 5471 pererebuit,
3386 5398 3462 5451 ita
3494 5396 3609 5451 illis

2020 5487 2410 5558 iactantibus:
2464 5488 2736 5561 Iosephus
2793 5498 2983 5561 aperto
3025 5489 3414 5562 gazophylacio
3466 5486 3606 5543 scri-

2025 5588 2177 5652 ptum
2211 5580 2304 5639 Dei
2346 5579 2547 5638 nemen
2580 5582 2813 5650 invenit,
2844 5597 3021 5655 eoque
3055 5581 3197 5641 lecto
3221 5578 3454 5638 mirifica
3481 5591 3604 5653 por-
