  <div class='ocr_page' id='page_1' title='image "/cluster/home/n/w/nwhite01/storage/ocr_20150623/41:no.1/coo.31924054869387/217.png"; bbox 0 0 3982 6428; ppageno 0'>
   <div class='ocr_carea' id='block_1_1' title="bbox 449 352 556 407">
    <p class='ocr_par' dir='ltr' id='par_1_1' title="bbox 449 352 556 407">
     <span class='ocr_line' id='line_1_1' title="bbox 449 352 556 407; baseline 0 0"><span class='ocrx_word' id='word_1_1' title='bbox 449 352 556 407; x_wconf 66' lang='grc'><strong>425</strong></span> 
     </span>
    </p>
   </div>
   <div class='ocr_carea' id='block_1_2' title="bbox 1853 321 2296 380">
    <p class='ocr_par' dir='ltr' id='par_1_2' title="bbox 1853 321 2296 380">
     <span class='ocr_line' id='line_1_2' title="bbox 1853 321 2296 380; baseline -0.011 0"><span class='ocrx_word' id='word_1_2' title='bbox 1853 327 1908 380; x_wconf 88' lang='lat' dir='ltr'><strong>S.</strong></span> <span class='ocrx_word' id='word_1_3' title='bbox 1955 321 2296 378; x_wconf 76' lang='lat' dir='ltr'><strong>EPIPIIANII</strong></span> 
     </span>
    </p>
   </div>
   <div class='ocr_carea' id='block_1_3' title="bbox 3609 319 3705 378">
    <p class='ocr_par' dir='ltr' id='par_1_3' title="bbox 3609 319 3705 378">
     <span class='ocr_line' id='line_1_3' title="bbox 3609 319 3705 378; baseline 0.063 -6"><span class='ocrx_word' id='word_1_4' title='bbox 3609 319 3705 378; x_wconf 68' lang='grc'><strong>424</strong></span> 
     </span>
    </p>
   </div>
   <div class='ocr_carea' id='block_1_4' title="bbox 451 427 2051 532">
    <p class='ocr_par' dir='ltr' id='par_1_4' title="bbox 451 441 2024 532">
     <span class='ocr_line' id='line_1_4' title="bbox 451 441 2024 532; baseline -0.016 -16"><span class='ocrx_word' id='word_1_5' title='bbox 451 469 603 518; x_wconf 86' lang='lat' dir='ltr'><strong>tenta</strong></span> <span class='ocrx_word' id='word_1_6' title='bbox 634 474 698 516; x_wconf 90' lang='lat' dir='ltr'><strong>ac</strong></span> <span class='ocrx_word' id='word_1_7' title='bbox 722 458 968 532; x_wconf 88' lang='lat' dir='ltr'><strong>prodigia</strong></span> <span class='ocrx_word' id='word_1_8' title='bbox 999 457 1151 514; x_wconf 87' lang='lat' dir='ltr'><strong>facit.</strong></span> <span class='ocrx_word' id='word_1_9' title='bbox 1177 452 1364 523; x_wconf 85' lang='lat' dir='ltr'><strong>Neque</strong></span> <span class='ocrx_word' id='word_1_10' title='bbox 1393 449 1530 504; x_wconf 84' lang='lat' dir='ltr'><strong>falso</strong></span> <span class='ocrx_word' id='word_1_11' title='bbox 1561 446 1666 501; x_wconf 89' lang='lat' dir='ltr'><strong>ista</strong></span> <span class='ocrx_word' id='word_1_12' title='bbox 1693 441 2024 532; x_wconf 82' lang='lat' dir='ltr'><strong>dill‘erehau-</strong></span> 
     </span>
    </p>
   </div>
   <div class='ocr_carea' id='block_1_5' title="bbox 2156 427 3709 532">
    <p class='ocr_par' dir='ltr' id='par_1_5' title="bbox 2158 427 3709 503">
     <span class='ocr_line' id='line_1_5' title="bbox 2158 427 3709 503; baseline -0.005 -16"><span class='ocrx_word' id='word_1_13' title='bbox 2158 436 2331 490; x_wconf 85' lang='grc' dir='ltr'>νόουν.</span> <span class='ocrx_word' id='word_1_14' title='bbox 2368 433 2490 487; x_wconf 85' lang='grc' dir='ltr'><strong>Ἔτι</strong></span> <span class='ocrx_word' id='word_1_15' title='bbox 2515 432 2571 486; x_wconf 88' lang='grc' dir='ltr'><strong>δέ</strong></span> <span class='ocrx_word' id='word_1_16' title='bbox 2599 431 2864 503; x_wconf 73' lang='grc' dir='ltr'>ἐπέμενεν</span> <span class='ocrx_word' id='word_1_17' title='bbox 2897 430 3162 502; x_wconf 75' lang='grc' dir='ltr'>Ἰώσηπος</span> <span class='ocrx_word' id='word_1_18' title='bbox 3188 427 3627 499; x_wconf 82' lang='grc' dir='ltr'>σκληρυνόμενος</span> <span class='ocrx_word' id='word_1_19' title='bbox 3643 429 3709 500; x_wconf 79' lang='grc' dir='ltr'>τῇ</span> 
     </span>
    </p>
   </div>
   <div class='ocr_carea' id='block_1_6' title="bbox 450 530 2027 616">
    <p class='ocr_par' dir='ltr' id='par_1_6' title="bbox 450 530 2027 616">
     <span class='ocr_line' id='line_1_6' title="bbox 450 530 2027 616; baseline -0.016 -10"><span class='ocrx_word' id='word_1_20' title='bbox 450 560 564 614; x_wconf 93' lang='lat' dir='ltr'><strong>tur,</strong></span> <span class='ocrx_word' id='word_1_21' title='bbox 589 548 695 605; x_wconf 90' lang='lat' dir='ltr'><strong>etsi</strong></span> <span class='ocrx_word' id='word_1_22' title='bbox 724 530 945 603; x_wconf 22' lang='lat' dir='ltr'><strong>Vnon&#39;eo</strong></span> <span class='ocrx_word' id='word_1_23' title='bbox 975 561 1084 616; x_wconf 89' lang='lat' dir='ltr'><strong>quo</strong></span> <span class='ocrx_word' id='word_1_24' title='bbox 1108 544 1185 598; x_wconf 89' lang='lat' dir='ltr'><strong>illi</strong></span> <span class='ocrx_word' id='word_1_25' title='bbox 1223 538 1646 609; x_wconf 78' lang='lat' dir='ltr'><strong>suSpicabantur</strong></span> <span class='ocrx_word' id='word_1_26' title='bbox 1687 530 1850 586; x_wconf 87' lang='lat' dir='ltr'><strong>modo</strong></span> <span class='ocrx_word' id='word_1_27' title='bbox 1892 543 2027 583; x_wconf 91' lang='lat' dir='ltr'><strong>con-</strong></span> 
     </span>
    </p>
   </div>
   <div class='ocr_carea' id='block_1_7' title="bbox 453 617 2028 709">
    <p class='ocr_par' dir='ltr' id='par_1_7' title="bbox 453 617 2028 709">
     <span class='ocr_line' id='line_1_7' title="bbox 453 617 2028 709; baseline -0.017 -15"><span class='ocrx_word' id='word_1_28' title='bbox 453 641 716 709; x_wconf 89' lang='lat' dir='ltr'><strong>tigerant.</strong></span> <span class='ocrx_word' id='word_1_29' title='bbox 771 637 992 692; x_wconf 90' lang='lat' dir='ltr'><strong>lnterim</strong></span> <span class='ocrx_word' id='word_1_30' title='bbox 1045 631 1318 701; x_wconf 73' lang='lat' dir='ltr'><strong>Iosephus</strong></span> <span class='ocrx_word' id='word_1_31' title='bbox 1373 628 1673 681; x_wconf 82' lang='lat' dir='ltr'><strong>inveterata</strong></span> <span class='ocrx_word' id='word_1_32' title='bbox 1727 617 2028 690; x_wconf 75' lang='lat' dir='ltr'><strong>pertinacia</strong></span> 
     </span>
    </p>
   </div>
   <div class='ocr_carea' id='block_1_8' title="bbox 452 711 2029 786">
    <p class='ocr_par' dir='ltr' id='par_1_8' title="bbox 452 711 2029 786">
     <span class='ocr_line' id='line_1_8' title="bbox 452 711 2029 786; baseline -0.016 0"><span class='ocrx_word' id='word_1_33' title='bbox 452 732 806 786; x_wconf 85' lang='lat' dir='ltr'><strong>obduruerat.</strong></span> <span class='ocrx_word' id='word_1_34' title='bbox 839 727 942 782; x_wconf 89' lang='lat' dir='ltr'><strong>Sed</strong></span> <span class='ocrx_word' id='word_1_35' title='bbox 968 720 1428 780; x_wconf 90' lang='lat' dir='ltr'><strong>clementissimus</strong></span> <span class='ocrx_word' id='word_1_36' title='bbox 1463 716 1748 777; x_wconf 86' lang='lat' dir='ltr'><strong>Dominus,</strong></span> <span class='ocrx_word' id='word_1_37' title='bbox 1782 711 1876 781; x_wconf 87' lang='lat' dir='ltr'><strong>qui</strong></span> <span class='ocrx_word' id='word_1_38' title='bbox 1906 722 2029 764; x_wconf 85' lang='lat' dir='ltr'><strong>sese</strong></span> 
     </span>
    </p>
   </div>
   <div class='ocr_carea' id='block_1_9' title="bbox 453 797 2030 887">
    <p class='ocr_par' dir='ltr' id='par_1_9' title="bbox 453 797 2030 887">
     <span class='ocr_line' id='line_1_9' title="bbox 453 797 2030 887; baseline -0.015 -14"><span class='ocrx_word' id='word_1_39' title='bbox 453 818 806 887; x_wconf 80' lang='lat' dir='ltr'><strong>diligentibus</strong></span> <span class='ocrx_word' id='word_1_40' title='bbox 836 814 1094 885; x_wconf 59' lang='lat' dir='ltr'><strong>praeclara</strong></span> <span class='ocrx_word' id='word_1_41' title='bbox 1143 809 1390 881; x_wconf 67' lang='lat' dir='ltr'><strong>quaedam</strong></span> <span class='ocrx_word' id='word_1_42' title='bbox 1440 806 1597 861; x_wconf 71' lang='lat' dir='ltr'><strong>oﬂ‘ert</strong></span> <span class='ocrx_word' id='word_1_43' title='bbox 1629 797 2030 870; x_wconf 75' lang='lat' dir='ltr'><strong>consequendze</strong></span> 
     </span>
    </p>
   </div>
   <div class='ocr_carea' id='block_1_10' title="bbox 456 899 2030 981">
    <p class='ocr_par' dir='ltr' id='par_1_10' title="bbox 456 899 2030 981">
     <span class='ocr_line' id='line_1_10' title="bbox 456 899 2030 981; baseline -0.014 -14"><span class='ocrx_word' id='word_1_44' title='bbox 456 913 652 967; x_wconf 87' lang='lat' dir='ltr'><strong>salutis</strong></span> <span class='ocrx_word' id='word_1_45' title='bbox 683 911 955 981; x_wconf 68' lang='lat' dir='ltr'><strong>pmsidia,</strong></span> <span class='ocrx_word' id='word_1_46' title='bbox 979 907 1166 962; x_wconf 90' lang='lat' dir='ltr'><strong>eadem</strong></span> <span class='ocrx_word' id='word_1_47' title='bbox 1204 905 1315 958; x_wconf 93' lang='lat' dir='ltr'><strong>illis</strong></span> <span class='ocrx_word' id='word_1_48' title='bbox 1341 899 1610 970; x_wconf 84' lang='lat' dir='ltr'><strong>impertit,</strong></span> <span class='ocrx_word' id='word_1_49' title='bbox 1641 911 1783 968; x_wconf 91' lang='lat' dir='ltr'><strong>quos</strong></span> <span class='ocrx_word' id='word_1_50' title='bbox 1813 900 2030 948; x_wconf 68' lang='lat' dir='ltr'><strong>aeternae</strong></span> 
     </span>
    </p>
   </div>
   <div class='ocr_carea' id='block_1_11' title="bbox 455 995 1470 1068">
    <p class='ocr_par' dir='ltr' id='par_1_11' title="bbox 455 995 1470 1068">
     <span class='ocr_line' id='line_1_11' title="bbox 455 995 1470 1068; baseline -0.014 -9"><span class='ocrx_word' id='word_1_51' title='bbox 455 1006 581 1058; x_wconf 66' lang='lat' dir='ltr'><strong>vitae</strong></span> <span class='ocrx_word' id='word_1_52' title='bbox 612 1001 869 1056; x_wconf 84' lang='lat' dir='ltr'><strong>felicitate</strong></span> <span class='ocrx_word' id='word_1_53' title='bbox 903 996 1116 1068; x_wconf 89' lang='lat' dir='ltr'><strong>dignari</strong></span> <span class='ocrx_word' id='word_1_54' title='bbox 1158 995 1470 1050; x_wconf 84' lang='lat' dir='ltr'><strong>constituit.</strong></span> 
     </span>
    </p>
   </div>
   <div class='ocr_carea' id='block_1_12' title="bbox 526 1075 2032 1157">
    <p class='ocr_par' dir='ltr' id='par_1_12' title="bbox 526 1075 2032 1157">
     <span class='ocr_line' id='line_1_12' title="bbox 526 1075 2032 1157; baseline -0.01 -10"><span class='ocrx_word' id='word_1_55' title='bbox 526 1092 616 1147; x_wconf 78' lang='lat' dir='ltr'><strong>XI.</strong></span> <span class='ocrx_word' id='word_1_56' title='bbox 651 1089 755 1146; x_wconf 86' lang='lat' dir='ltr'><strong>Per</strong></span> <span class='ocrx_word' id='word_1_57' title='bbox 787 1090 930 1145; x_wconf 89' lang='lat' dir='ltr'><strong>idem</strong></span> <span class='ocrx_word' id='word_1_58' title='bbox 961 1096 1177 1157; x_wconf 84' lang='lat' dir='ltr'><strong>tempus</strong></span> <span class='ocrx_word' id='word_1_59' title='bbox 1213 1099 1336 1139; x_wconf 92' lang='lat' dir='ltr'><strong>cum</strong></span> <span class='ocrx_word' id='word_1_60' title='bbox 1367 1083 1479 1153; x_wconf 89' lang='lat' dir='ltr'><strong>jam</strong></span> <span class='ocrx_word' id='word_1_61' title='bbox 1520 1079 1834 1152; x_wconf 82' lang='lat' dir='ltr'><strong>patriarcha</strong></span> <span class='ocrx_word' id='word_1_62' title='bbox 1864 1075 2032 1132; x_wconf 76' lang='lat' dir='ltr'><strong>ludas</strong></span> 
     </span>
    </p>
   </div>
   <div class='ocr_carea' id='block_1_13' title="bbox 456 1175 2032 1248">
    <p class='ocr_par' dir='ltr' id='par_1_13' title="bbox 456 1175 2032 1248">
     <span class='ocr_line' id='line_1_13' title="bbox 456 1175 2032 1248; baseline -0.011 -9"><span class='ocrx_word' id='word_1_63' title='bbox 456 1184 555 1248; x_wconf 88' lang='lat' dir='ltr'><strong>(ita</strong></span> <span class='ocrx_word' id='word_1_64' title='bbox 577 1187 723 1238; x_wconf 91' lang='lat' dir='ltr'><strong>enim</strong></span> <span class='ocrx_word' id='word_1_65' title='bbox 756 1181 895 1236; x_wconf 90' lang='lat' dir='ltr'><strong>forte</strong></span> <span class='ocrx_word' id='word_1_66' title='bbox 919 1177 1238 1247; x_wconf 86' lang='lat' dir='ltr'><strong>vocabatur)</strong></span> <span class='ocrx_word' id='word_1_67' title='bbox 1273 1176 1340 1229; x_wconf 89' lang='lat' dir='ltr'><strong>ad</strong></span> <span class='ocrx_word' id='word_1_68' title='bbox 1360 1175 1642 1229; x_wconf 87' lang='lat' dir='ltr'><strong>robustam</strong></span> <span class='ocrx_word' id='word_1_69' title='bbox 1667 1179 1878 1227; x_wconf 61' lang='lat' dir='ltr'><strong>aetatem</strong></span> <span class='ocrx_word' id='word_1_70' title='bbox 1905 1183 2032 1240; x_wconf 88' lang='lat' dir='ltr'><strong>per-</strong></span> 
     </span>
    </p>
   </div>
   <div class='ocr_carea' id='block_1_14' title="bbox 455 1260 2032 1340">
    <p class='ocr_par' dir='ltr' id='par_1_14' title="bbox 455 1260 2032 1340">
     <span class='ocr_line' id='line_1_14' title="bbox 455 1260 2032 1340; baseline -0.011 -12"><span class='ocrx_word' id='word_1_71' title='bbox 455 1275 718 1337; x_wconf 75' lang='lat' dir='ltr'><strong>venisset,</strong></span> <span class='ocrx_word' id='word_1_72' title='bbox 743 1270 1044 1340; x_wconf 83' lang='lat' dir='ltr'><strong>Josephum</strong></span> <span class='ocrx_word' id='word_1_73' title='bbox 1079 1267 1284 1338; x_wconf 70' lang='lat' dir='ltr'><strong>praemii</strong></span> <span class='ocrx_word' id='word_1_74' title='bbox 1308 1267 1430 1320; x_wconf 91' lang='lat' dir='ltr'><strong>loco</strong></span> <span class='ocrx_word' id='word_1_75' title='bbox 1461 1263 1799 1334; x_wconf 87' lang='lat' dir='ltr'><strong>apostolatus</strong></span> <span class='ocrx_word' id='word_1_76' title='bbox 1829 1260 2032 1330; x_wconf 85' lang='lat' dir='ltr'><strong>(digni-</strong></span> 
     </span>
    </p>
   </div>
   <div class='ocr_carea' id='block_1_15' title="bbox 455 1354 2032 1430">
    <p class='ocr_par' dir='ltr' id='par_1_15' title="bbox 455 1354 2032 1430">
     <span class='ocr_line' id='line_1_15' title="bbox 455 1354 2032 1430; baseline -0.01 -10"><span class='ocrx_word' id='word_1_77' title='bbox 455 1367 586 1421; x_wconf 87' lang='lat' dir='ltr'><strong>tatis</strong></span> <span class='ocrx_word' id='word_1_78' title='bbox 631 1365 684 1420; x_wconf 91' lang='lat' dir='ltr'><strong>id</strong></span> <span class='ocrx_word' id='word_1_79' title='bbox 731 1378 930 1417; x_wconf 87' lang='lat' dir='ltr'><strong>nomen</strong></span> <span class='ocrx_word' id='word_1_80' title='bbox 963 1363 1068 1430; x_wconf 91' lang='lat' dir='ltr'><strong>est)</strong></span> <span class='ocrx_word' id='word_1_81' title='bbox 1111 1363 1320 1414; x_wconf 90' lang='lat' dir='ltr'><strong>honore</strong></span> <span class='ocrx_word' id='word_1_82' title='bbox 1351 1372 1414 1411; x_wconf 88' lang='lat' dir='ltr'><strong>ac</strong></span> <span class='ocrx_word' id='word_1_83' title='bbox 1451 1354 1753 1411; x_wconf 90' lang='lat' dir='ltr'><strong>commodis</strong></span> <span class='ocrx_word' id='word_1_84' title='bbox 1781 1358 2032 1408; x_wconf 82' lang='lat' dir='ltr'><strong>exornat.</strong></span> 
     </span>
    </p>
   </div>
   <div class='ocr_carea' id='block_1_16' title="bbox 457 1445 2034 1522">
    <p class='ocr_par' dir='ltr' id='par_1_16' title="bbox 457 1445 2034 1522">
     <span class='ocr_line' id='line_1_16' title="bbox 457 1445 2034 1522; baseline -0.01 -10"><span class='ocrx_word' id='word_1_85' title='bbox 457 1457 588 1512; x_wconf 84' lang='lat' dir='ltr'><strong>inde</strong></span> <span class='ocrx_word' id='word_1_86' title='bbox 621 1472 747 1510; x_wconf 92' lang='lat' dir='ltr'><strong>cum</strong></span> <span class='ocrx_word' id='word_1_87' title='bbox 772 1456 970 1510; x_wconf 88' lang='lat' dir='ltr'><strong>litteris</strong></span> <span class='ocrx_word' id='word_1_88' title='bbox 995 1455 1049 1509; x_wconf 92' lang='lat' dir='ltr'><strong>in</strong></span> <span class='ocrx_word' id='word_1_89' title='bbox 1071 1454 1319 1508; x_wconf 87' lang='lat' dir='ltr'><strong>Ciliciam</strong></span> <span class='ocrx_word' id='word_1_90' title='bbox 1345 1450 1733 1522; x_wconf 76' lang='lat' dir='ltr'><strong>proficiscitur.</strong></span> <span class='ocrx_word' id='word_1_91' title='bbox 1761 1445 1882 1512; x_wconf 87' lang='lat' dir='ltr'><strong>Quo</strong></span> <span class='ocrx_word' id='word_1_92' title='bbox 1907 1459 2034 1498; x_wconf 92' lang='lat' dir='ltr'><strong>cum</strong></span> 
     </span>
    </p>
   </div>
   <div class='ocr_carea' id='block_1_17' title="bbox 459 1532 2034 1614">
    <p class='ocr_par' dir='ltr' id='par_1_17' title="bbox 459 1532 2034 1614">
     <span class='ocr_line' id='line_1_17' title="bbox 459 1532 2034 1614; baseline -0.008 -12"><span class='ocrx_word' id='word_1_93' title='bbox 459 1547 821 1612; x_wconf 88' lang='lat' dir='ltr'><strong>accessisset,</strong></span> <span class='ocrx_word' id='word_1_94' title='bbox 871 1559 1199 1614; x_wconf 90' lang='lat' dir='ltr'><strong>unoquoque</strong></span> <span class='ocrx_word' id='word_1_95' title='bbox 1239 1557 1301 1597; x_wconf 75' lang='lat' dir='ltr'><strong>ex</strong></span> <span class='ocrx_word' id='word_1_96' title='bbox 1342 1539 1542 1610; x_wconf 89' lang='lat' dir='ltr'><strong>oppido</strong></span> <span class='ocrx_word' id='word_1_97' title='bbox 1584 1539 1844 1593; x_wconf 89' lang='lat' dir='ltr'><strong>decumas</strong></span> <span class='ocrx_word' id='word_1_98' title='bbox 1877 1532 2034 1608; x_wconf 79' lang='lat'><strong>135</strong></span> 
     </span>
    </p>
   </div>
   <div class='ocr_carea' id='block_1_18' title="bbox 462 1625 2036 1706">
    <p class='ocr_par' dir='ltr' id='par_1_18' title="bbox 462 1625 2036 1706">
     <span class='ocr_line' id='line_1_18' title="bbox 462 1625 2036 1706; baseline -0.01 -15"><span class='ocrx_word' id='word_1_99' title='bbox 462 1652 526 1692; x_wconf 90' lang='lat' dir='ltr'><strong>ac</strong></span> <span class='ocrx_word' id='word_1_100' title='bbox 566 1637 836 1706; x_wconf 84' lang='lat' dir='ltr'><strong>primitias</strong></span> <span class='ocrx_word' id='word_1_101' title='bbox 879 1651 909 1688; x_wconf 89' lang='lat' dir='ltr'><strong>a</strong></span> <span class='ocrx_word' id='word_1_102' title='bbox 955 1632 1378 1704; x_wconf 79' lang='lat' dir='ltr'><strong>provincialibus</strong></span> <span class='ocrx_word' id='word_1_103' title='bbox 1406 1628 1612 1684; x_wconf 67' lang='lat' dir='ltr'><strong>Iudaeis</strong></span> <span class='ocrx_word' id='word_1_104' title='bbox 1651 1625 1922 1696; x_wconf 79' lang='lat' dir='ltr'><strong>exigebat.</strong></span> <span class='ocrx_word' id='word_1_105' title='bbox 1957 1625 2036 1676; x_wconf 85' lang='lat' dir='ltr'><strong>Ac</strong></span> 
     </span>
    </p>
   </div>
   <div class='ocr_carea' id='block_1_19' title="bbox 465 1714 2034 1796">
    <p class='ocr_par' dir='ltr' id='par_1_19' title="bbox 465 1714 2034 1796">
     <span class='ocr_line' id='line_1_19' title="bbox 465 1714 2034 1796; baseline -0.01 -13"><span class='ocrx_word' id='word_1_106' title='bbox 465 1737 579 1783; x_wconf 90' lang='lat' dir='ltr'><strong>tum</strong></span> <span class='ocrx_word' id='word_1_107' title='bbox 608 1743 741 1782; x_wconf 89' lang='lat' dir='ltr'><strong>casu</strong></span> <span class='ocrx_word' id='word_1_108' title='bbox 769 1728 1017 1796; x_wconf 83' lang='lat' dir='ltr'><strong>contigit,</strong></span> <span class='ocrx_word' id='word_1_109' title='bbox 1052 1732 1110 1780; x_wconf 92' lang='lat' dir='ltr'><strong>ut</strong></span> <span class='ocrx_word' id='word_1_110' title='bbox 1144 1723 1333 1778; x_wconf 90' lang='lat' dir='ltr'><strong>nescio</strong></span> <span class='ocrx_word' id='word_1_111' title='bbox 1358 1738 1464 1793; x_wconf 90' lang='lat' dir='ltr'><strong>qua</strong></span> <span class='ocrx_word' id='word_1_112' title='bbox 1498 1722 1554 1775; x_wconf 88' lang='lat' dir='ltr'><strong>in</strong></span> <span class='ocrx_word' id='word_1_113' title='bbox 1592 1719 1726 1775; x_wconf 91' lang='lat' dir='ltr'><strong>urbe</strong></span> <span class='ocrx_word' id='word_1_114' title='bbox 1769 1718 1823 1772; x_wconf 92' lang='lat' dir='ltr'><strong>in</strong></span> <span class='ocrx_word' id='word_1_115' title='bbox 1856 1714 2034 1769; x_wconf 87' lang='lat' dir='ltr'><strong>vicina</strong></span> 
     </span>
    </p>
   </div>
   <div class='ocr_carea' id='block_1_20' title="bbox 2127 517 3712 596">
    <p class='ocr_par' dir='ltr' id='par_1_20' title="bbox 2127 517 3712 596">
     <span class='ocr_line' id='line_1_20' title="bbox 2127 517 3712 596; baseline -0.005 -16"><span class='ocrx_word' id='word_1_116' title='bbox 2127 525 2346 596; x_wconf 80' lang='grc' dir='ltr'>καρδίᾳ.</span> <span class='ocrx_word' id='word_1_117' title='bbox 2389 523 2550 595; x_wconf 80' lang='grc' dir='ltr'>’Λλλά</span> <span class='ocrx_word' id='word_1_118' title='bbox 2577 526 2606 577; x_wconf 86' lang='grc' dir='ltr'><strong>ὁ</strong></span> <span class='ocrx_word' id='word_1_119' title='bbox 2641 523 3019 593; x_wconf 82' lang='grc' dir='ltr'>φιλάνθρωπος</span> <span class='ocrx_word' id='word_1_120' title='bbox 3061 520 3192 584; x_wconf 80' lang='grc' dir='ltr'>Θεὸς</span> <span class='ocrx_word' id='word_1_121' title='bbox 3218 559 3235 586; x_wconf 87' lang='grc'><strong>,</strong></span> <span class='ocrx_word' id='word_1_122' title='bbox 3285 517 3596 590; x_wconf 78' lang='grc' dir='ltr'>προφάσεις</span> <span class='ocrx_word' id='word_1_123' title='bbox 3630 519 3712 572; x_wconf 76' lang='grc' dir='ltr'><strong>ἀεὶ</strong></span> 
     </span>
    </p>
   </div>
   <div class='ocr_carea' id='block_1_21' title="bbox 2126 606 3712 685">
    <p class='ocr_par' dir='ltr' id='par_1_21' title="bbox 2126 606 3712 685">
     <span class='ocr_line' id='line_1_21' title="bbox 2126 606 3712 685; baseline -0.002 -20"><span class='ocrx_word' id='word_1_124' title='bbox 2126 614 2300 679; x_wconf 76' lang='grc' dir='ltr'>διδοὺς</span> <span class='ocrx_word' id='word_1_125' title='bbox 2374 614 2650 685; x_wconf 76' lang='grc' dir='ltr'><strong>σωτηρίας</strong></span> <span class='ocrx_word' id='word_1_126' title='bbox 2707 615 2821 675; x_wconf 90' lang='grc' dir='ltr'>τοῖς</span> <span class='ocrx_word' id='word_1_127' title='bbox 2889 610 3177 679; x_wconf 81' lang='grc' dir='ltr'><strong>ἀγαπῶσιν</strong></span> <span class='ocrx_word' id='word_1_128' title='bbox 3232 609 3398 663; x_wconf 81' lang='grc' dir='ltr'>αὑτὸν</span> <span class='ocrx_word' id='word_1_129' title='bbox 3471 606 3712 675; x_wconf 79' lang='grc' dir='ltr'>ἀγαθὰς,</span> 
     </span>
    </p>
   </div>
   <div class='ocr_carea' id='block_1_22' title="bbox 2127 695 3714 782">
    <p class='ocr_par' dir='ltr' id='par_1_22' title="bbox 2127 695 3714 782">
     <span class='ocr_line' id='line_1_22' title="bbox 2127 695 3714 782; baseline -0.006 -24"><span class='ocrx_word' id='word_1_130' title='bbox 2127 707 2330 769; x_wconf 87' lang='grc' dir='ltr'>ταύτας</span> <span class='ocrx_word' id='word_1_131' title='bbox 2355 704 2583 775; x_wconf 80' lang='grc' dir='ltr'>παρέχει</span> <span class='ocrx_word' id='word_1_132' title='bbox 2617 705 2730 766; x_wconf 87' lang='grc' dir='ltr'>τοῖς</span> <span class='ocrx_word' id='word_1_133' title='bbox 2751 703 2831 766; x_wconf 87' lang='grc' dir='ltr'><strong>είς</strong></span> <span class='ocrx_word' id='word_1_134' title='bbox 2854 698 2999 772; x_wconf 76' lang='grc' dir='ltr'>ζωὴν</span> <span class='ocrx_word' id='word_1_135' title='bbox 3030 697 3479 782; x_wconf 76' lang='grc' dir='ltr'>καταξιουμένοις</span> <span class='ocrx_word' id='word_1_136' title='bbox 3509 695 3714 768; x_wconf 78' lang='grc' dir='ltr'>ἀνθρώ-</span> 
     </span>
    </p>
   </div>
   <div class='ocr_carea' id='block_1_23' title="bbox 2131 813 2274 860">
    <p class='ocr_par' dir='ltr' id='par_1_23' title="bbox 2131 813 2274 860">
     <span class='ocr_line' id='line_1_23' title="bbox 2131 813 2274 860; baseline 0 -10"><span class='ocrx_word' id='word_1_137' title='bbox 2131 813 2274 860; x_wconf 85' lang='grc' dir='ltr'>ποις.</span> 
     </span>
    </p>
   </div>
   <div class='ocr_carea' id='block_1_24' title="bbox 2204 1052 3719 1128">
    <p class='ocr_par' dir='ltr' id='par_1_24' title="bbox 2204 1052 3719 1128">
     <span class='ocr_line' id='line_1_24' title="bbox 2204 1052 3719 1128; baseline -0.004 -16"><span class='ocrx_word' id='word_1_138' title='bbox 2204 1059 2308 1112; x_wconf 80' lang='lat' dir='ltr'><strong>lA&#39;.</strong></span> <span class='ocrx_word' id='word_1_139' title='bbox 2351 1056 2675 1128; x_wconf 78' lang='grc' dir='ltr'>Συμὸέὸηκε</span> <span class='ocrx_word' id='word_1_140' title='bbox 2706 1056 2817 1128; x_wconf 81' lang='grc' dir='ltr'>γὰρ</span> <span class='ocrx_word' id='word_1_141' title='bbox 2853 1056 3016 1111; x_wconf 82' lang='grc' dir='ltr'>αὑτὸν</span> <span class='ocrx_word' id='word_1_142' title='bbox 3059 1056 3148 1110; x_wconf 85' lang='grc' dir='ltr'><strong>τὸν</strong></span> <span class='ocrx_word' id='word_1_143' title='bbox 3185 1054 3449 1126; x_wconf 89' lang='grc' dir='ltr'>Ἰώσηπον</span> <span class='ocrx_word' id='word_1_144' title='bbox 3488 1053 3627 1126; x_wconf 82' lang='grc' dir='ltr'>μετὰ</span> <span class='ocrx_word' id='word_1_145' title='bbox 3660 1052 3719 1107; x_wconf 60' lang='lat' dir='ltr'><strong>ea</strong></span> 
     </span>
    </p>
   </div>
   <div class='ocr_carea' id='block_1_25' title="bbox 2134 1143 3718 1219">
    <p class='ocr_par' dir='ltr' id='par_1_25' title="bbox 2134 1143 3718 1219">
     <span class='ocr_line' id='line_1_25' title="bbox 2134 1143 3718 1219; baseline -0.005 -17"><span class='ocrx_word' id='word_1_146' title='bbox 2134 1147 2460 1219; x_wconf 83' lang='grc' dir='ltr'>άδρυνθῆναι</span> <span class='ocrx_word' id='word_1_147' title='bbox 2503 1147 2701 1200; x_wconf 90' lang='grc' dir='ltr'>Ἰούδαν</span> <span class='ocrx_word' id='word_1_148' title='bbox 2731 1145 2824 1198; x_wconf 79' lang='grc' dir='ltr'><strong>τὸν</strong></span> <span class='ocrx_word' id='word_1_149' title='bbox 2862 1145 3244 1217; x_wconf 90' lang='grc' dir='ltr'>πατριάρχην,</span> <span class='ocrx_word' id='word_1_150' title='bbox 3292 1144 3350 1197; x_wconf 82' lang='grc' dir='ltr'>ὃν</span> <span class='ocrx_word' id='word_1_151' title='bbox 3385 1143 3718 1214; x_wconf 79' lang='grc' dir='ltr'>προείπομεν</span> 
     </span>
    </p>
   </div>
   <div class='ocr_carea' id='block_1_26' title="bbox 2136 1219 3721 1313">
    <p class='ocr_par' dir='ltr' id='par_1_26' title="bbox 2136 1219 3721 1313">
     <span class='ocr_line' id='line_1_26' title="bbox 2136 1219 3721 1313; baseline -0.005 -19"><span class='ocrx_word' id='word_1_152' title='bbox 2136 1243 2300 1312; x_wconf 87' lang='grc' dir='ltr'>(τάχα</span> <span class='ocrx_word' id='word_1_153' title='bbox 2329 1219 2636 1313; x_wconf 76' lang='grc' dir='ltr'>γάρόὖτως</span> <span class='ocrx_word' id='word_1_154' title='bbox 2670 1239 2942 1307; x_wconf 75' lang='grc' dir='ltr'><strong>ἐλέγετο),</strong></span> <span class='ocrx_word' id='word_1_155' title='bbox 2974 1237 3215 1309; x_wconf 80' lang='grc' dir='ltr'>ἀμοιϐῆς</span> <span class='ocrx_word' id='word_1_156' title='bbox 3250 1237 3418 1290; x_wconf 68' lang='grc' dir='ltr'>ἕνεκα</span> <span class='ocrx_word' id='word_1_157' title='bbox 3442 1236 3612 1306; x_wconf 89' lang='grc' dir='ltr'>γέρας</span> <span class='ocrx_word' id='word_1_158' title='bbox 3647 1233 3721 1304; x_wconf 86' lang='grc' dir='ltr'>τῷ</span> 
     </span>
    </p>
   </div>
   <div class='ocr_carea' id='block_1_27' title="bbox 2148 1324 3721 1404">
    <p class='ocr_par' dir='ltr' id='par_1_27' title="bbox 2148 1324 3721 1404">
     <span class='ocr_line' id='line_1_27' title="bbox 2148 1324 3721 1404; baseline -0.008 -17"><span class='ocrx_word' id='word_1_159' title='bbox 2148 1333 2393 1404; x_wconf 79' lang='grc' dir='ltr'><strong>Ἰωσήπῳ</strong></span> <span class='ocrx_word' id='word_1_160' title='bbox 2427 1332 2528 1402; x_wconf 88' lang='grc' dir='ltr'><strong>τῆς</strong></span> <span class='ocrx_word' id='word_1_161' title='bbox 2560 1331 2862 1401; x_wconf 83' lang='grc' dir='ltr'>ἀποστολῆς</span> <span class='ocrx_word' id='word_1_162' title='bbox 2883 1328 3066 1382; x_wconf 81' lang='grc' dir='ltr'>δοῦναι</span> <span class='ocrx_word' id='word_1_163' title='bbox 3092 1329 3192 1399; x_wconf 81' lang='grc' dir='ltr'>τὴν</span> <span class='ocrx_word' id='word_1_164' title='bbox 3220 1325 3585 1398; x_wconf 86' lang='grc' dir='ltr'>ἐπικαρπίαν.</span> <span class='ocrx_word' id='word_1_165' title='bbox 3616 1324 3721 1378; x_wconf 82' lang='grc' dir='ltr'>Καὶ</span> 
     </span>
    </p>
   </div>
   <div class='ocr_carea' id='block_1_28' title="bbox 2140 1416 3722 1496">
    <p class='ocr_par' dir='ltr' id='par_1_28' title="bbox 2140 1416 3722 1496">
     <span class='ocr_line' id='line_1_28' title="bbox 2140 1416 3722 1496; baseline -0.007 -18"><span class='ocrx_word' id='word_1_166' title='bbox 2140 1427 2256 1496; x_wconf 80' lang='grc' dir='ltr'>μετ’</span> <span class='ocrx_word' id='word_1_167' title='bbox 2284 1423 2584 1477; x_wconf 85' lang='grc' dir='ltr'>ἐπιστολῶν</span> <span class='ocrx_word' id='word_1_168' title='bbox 2613 1417 2768 1486; x_wconf 76' lang='grc' dir='ltr'>οὗτος</span> <span class='ocrx_word' id='word_1_169' title='bbox 2803 1421 3197 1476; x_wconf 81' lang='grc' dir='ltr'>ἀποστέλλεται</span> <span class='ocrx_word' id='word_1_170' title='bbox 3236 1421 3318 1482; x_wconf 85' lang='grc' dir='ltr'><strong>είς</strong></span> <span class='ocrx_word' id='word_1_171' title='bbox 3351 1419 3456 1490; x_wconf 82' lang='grc' dir='ltr'>τὴν</span> <span class='ocrx_word' id='word_1_172' title='bbox 3488 1416 3722 1470; x_wconf 80' lang='grc' dir='ltr'>Κιλίκων</span> 
     </span>
    </p>
   </div>
   <div class='ocr_carea' id='block_1_29' title="bbox 2137 1510 3722 1590">
    <p class='ocr_par' dir='ltr' id='par_1_29' title="bbox 2137 1510 3722 1590">
     <span class='ocr_line' id='line_1_29' title="bbox 2137 1510 3722 1590; baseline -0.008 -16"><span class='ocrx_word' id='word_1_173' title='bbox 2137 1520 2261 1590; x_wconf 87' lang='grc' dir='ltr'>γῆν.</span> <span class='ocrx_word' id='word_1_174' title='bbox 2297 1521 2421 1586; x_wconf 90' lang='grc' dir='ltr'>Ὃς,</span> <span class='ocrx_word' id='word_1_175' title='bbox 2457 1517 2695 1573; x_wconf 86' lang='grc' dir='ltr'>ἀνελθὼν</span> <span class='ocrx_word' id='word_1_176' title='bbox 2730 1521 2932 1582; x_wconf 88' lang='grc' dir='ltr'>ἐκεῖσε,</span> <span class='ocrx_word' id='word_1_177' title='bbox 2964 1515 3073 1570; x_wconf 83' lang='grc' dir='ltr'><strong>ἀπὸ</strong></span> <span class='ocrx_word' id='word_1_178' title='bbox 3117 1515 3355 1584; x_wconf 79' lang='grc' dir='ltr'><strong>ἑκάστης</strong></span> <span class='ocrx_word' id='word_1_179' title='bbox 3391 1511 3604 1574; x_wconf 88' lang='grc' dir='ltr'>πόλεως</span> <span class='ocrx_word' id='word_1_180' title='bbox 3628 1510 3722 1579; x_wconf 85' lang='grc' dir='ltr'><strong>τῆς</strong></span> 
     </span>
    </p>
   </div>
   <div class='ocr_carea' id='block_1_30' title="bbox 2138 1603 3723 1678">
    <p class='ocr_par' dir='ltr' id='par_1_30' title="bbox 2138 1603 3723 1678">
     <span class='ocr_line' id='line_1_30' title="bbox 2138 1603 3723 1678; baseline -0.008 -13"><span class='ocrx_word' id='word_1_181' title='bbox 2138 1613 2391 1676; x_wconf 81' lang='grc' dir='ltr'>Κιλικίας</span> <span class='ocrx_word' id='word_1_182' title='bbox 2423 1611 2492 1665; x_wconf 82' lang='grc' dir='ltr'><strong>τά</strong></span> <span class='ocrx_word' id='word_1_183' title='bbox 2538 1611 2837 1664; x_wconf 80' lang='grc' dir='ltr'>ἐπιδέκατα</span> <span class='ocrx_word' id='word_1_184' title='bbox 2880 1610 2975 1663; x_wconf 79' lang='grc' dir='ltr'>καὶ</span> <span class='ocrx_word' id='word_1_185' title='bbox 3007 1607 3106 1671; x_wconf 79' lang='grc' dir='ltr'>τὰς</span> <span class='ocrx_word' id='word_1_186' title='bbox 3139 1604 3399 1678; x_wconf 79' lang='grc' dir='ltr'>ἀπαρχάς</span> <span class='ocrx_word' id='word_1_187' title='bbox 3433 1603 3586 1675; x_wconf 81' lang='grc' dir='ltr'>παρὰ</span> <span class='ocrx_word' id='word_1_188' title='bbox 3621 1605 3723 1655; x_wconf 88' lang='grc' dir='ltr'><strong>τῶν</strong></span> 
     </span>
    </p>
   </div>
   <div class='ocr_carea' id='block_1_31' title="bbox 2139 1694 3722 1776">
    <p class='ocr_par' dir='ltr' id='par_1_31' title="bbox 2139 1694 3722 1776">
     <span class='ocr_line' id='line_1_31' title="bbox 2139 1694 3722 1776; baseline -0.008 -18"><span class='ocrx_word' id='word_1_189' title='bbox 2139 1705 2197 1758; x_wconf 81' lang='grc' dir='ltr'><strong>ἐν</strong></span> <span class='ocrx_word' id='word_1_190' title='bbox 2234 1707 2298 1776; x_wconf 83' lang='grc' dir='ltr'>τῇ</span> <span class='ocrx_word' id='word_1_191' title='bbox 2334 1702 2570 1774; x_wconf 76' lang='grc' dir='ltr'>ἐπαρχίᾳ</span> <span class='ocrx_word' id='word_1_192' title='bbox 2614 1702 2884 1756; x_wconf 85' lang='grc' dir='ltr'>Ἰουδαίων</span> <span class='ocrx_word' id='word_1_193' title='bbox 2925 1699 3304 1771; x_wconf 81' lang='grc' dir='ltr'>εἰσέπραττεν.</span> <span class='ocrx_word' id='word_1_194' title='bbox 3347 1699 3439 1752; x_wconf 89' lang='grc' dir='ltr'>Ἐν</span> <span class='ocrx_word' id='word_1_195' title='bbox 3466 1695 3640 1764; x_wconf 85' lang='grc' dir='ltr'>τούτῳ</span> <span class='ocrx_word' id='word_1_196' title='bbox 3668 1694 3722 1747; x_wconf 85' lang='grc' dir='ltr'>δὲ</span> 
     </span>
    </p>
   </div>
   <div class='ocr_carea' id='block_1_32' title="bbox 464 1788 2051 1876">
    <p class='ocr_par' dir='ltr' id='par_1_32' title="bbox 464 1813 2038 1876">
     <span class='ocr_line' id='line_1_32' title="bbox 464 1813 2038 1876; baseline -0.011 -1"><span class='ocrx_word' id='word_1_197' title='bbox 464 1820 712 1876; x_wconf 86' lang='lat' dir='ltr'><strong>ecclesiae</strong></span> <span class='ocrx_word' id='word_1_198' title='bbox 745 1819 908 1874; x_wconf 92' lang='lat' dir='ltr'><strong>domo</strong></span> <span class='ocrx_word' id='word_1_199' title='bbox 935 1818 1321 1872; x_wconf 85' lang='lat' dir='ltr'><strong>diversaretur.</strong></span> <span class='ocrx_word' id='word_1_200' title='bbox 1361 1813 1571 1866; x_wconf 81' lang='lat' dir='ltr'><strong>Exinde</strong></span> <span class='ocrx_word' id='word_1_201' title='bbox 1599 1818 1882 1865; x_wconf 85' lang='lat' dir='ltr'><strong>contracta</strong></span> <span class='ocrx_word' id='word_1_202' title='bbox 1913 1819 2038 1860; x_wconf 88' lang='lat' dir='ltr'><strong>cum</strong></span> 
     </span>
    </p>
   </div>
   <div class='ocr_carea' id='block_1_33' title="bbox 2156 1788 3721 1876">
    <p class='ocr_par' dir='ltr' id='par_1_33' title="bbox 2156 1788 3721 1868">
     <span class='ocr_line' id='line_1_33' title="bbox 2156 1788 3721 1868; baseline -0.008 -17"><span class='ocrx_word' id='word_1_203' title='bbox 2156 1797 2220 1868; x_wconf 75' lang='grc' dir='ltr'>τῷ</span> <span class='ocrx_word' id='word_1_204' title='bbox 2251 1796 2428 1867; x_wconf 82' lang='grc' dir='ltr'>καιρῷ</span> <span class='ocrx_word' id='word_1_205' title='bbox 2476 1794 2774 1862; x_wconf 81' lang='grc' dir='ltr'>κατάγεται</span> <span class='ocrx_word' id='word_1_206' title='bbox 2829 1792 3212 1864; x_wconf 83' lang='grc' dir='ltr'>πλησιαίτερον</span> <span class='ocrx_word' id='word_1_207' title='bbox 3249 1790 3350 1860; x_wconf 88' lang='grc' dir='ltr'><strong>τῆς</strong></span> <span class='ocrx_word' id='word_1_208' title='bbox 3396 1788 3721 1858; x_wconf 87' lang='grc' dir='ltr'>ἐκκλησίας,</span> 
     </span>
    </p>
   </div>
   <div class='ocr_carea' id='block_1_34' title="bbox 466 1898 2036 1980">
    <p class='ocr_par' dir='ltr' id='par_1_34' title="bbox 466 1898 2036 1980">
     <span class='ocr_line' id='line_1_34' title="bbox 466 1898 2036 1980; baseline -0.008 -16"><span class='ocrx_word' id='word_1_209' title='bbox 466 1911 724 1980; x_wconf 88' lang='lat' dir='ltr'><strong>episeopo</strong></span> <span class='ocrx_word' id='word_1_210' title='bbox 755 1908 1124 1964; x_wconf 81' lang='lat' dir='ltr'><strong>familiaritate</strong></span> <span class='ocrx_word' id='word_1_211' title='bbox 1149 1907 1288 1960; x_wconf 91' lang='lat' dir='ltr'><strong>clam</strong></span> <span class='ocrx_word' id='word_1_212' title='bbox 1321 1905 1390 1959; x_wconf 91' lang='lat' dir='ltr'><strong>ab</strong></span> <span class='ocrx_word' id='word_1_213' title='bbox 1425 1919 1492 1958; x_wconf 90' lang='lat' dir='ltr'><strong>eo</strong></span> <span class='ocrx_word' id='word_1_214' title='bbox 1523 1901 1940 1970; x_wconf 89' lang='lat' dir='ltr'><strong>Evangeliorum</strong></span> <span class='ocrx_word' id='word_1_215' title='bbox 1969 1898 2036 1952; x_wconf 91' lang='lat' dir='ltr'><strong>li-</strong></span> 
     </span>
    </p>
   </div>
   <div class='ocr_carea' id='block_1_35' title="bbox 465 1993 2036 2070">
    <p class='ocr_par' dir='ltr' id='par_1_35' title="bbox 465 1993 2036 2070">
     <span class='ocr_line' id='line_1_35' title="bbox 465 1993 2036 2070; baseline -0.009 -16"><span class='ocrx_word' id='word_1_216' title='bbox 465 2001 624 2054; x_wconf 88' lang='lat' dir='ltr'><strong>brum</strong></span> <span class='ocrx_word' id='word_1_217' title='bbox 661 2000 916 2070; x_wconf 87' lang='lat' dir='ltr'><strong>postulat,</strong></span> <span class='ocrx_word' id='word_1_218' title='bbox 961 2012 1026 2052; x_wconf 90' lang='lat' dir='ltr'><strong>ac</strong></span> <span class='ocrx_word' id='word_1_219' title='bbox 1068 1997 1217 2067; x_wconf 80' lang='lat' dir='ltr'><strong>legit.</strong></span> <span class='ocrx_word' id='word_1_220' title='bbox 1251 1993 1316 2047; x_wconf 87' lang='lat' dir='ltr'><strong>Et</strong></span> <span class='ocrx_word' id='word_1_221' title='bbox 1347 1995 1607 2064; x_wconf 91' lang='lat' dir='ltr'><strong>quoniam</strong></span> <span class='ocrx_word' id='word_1_222' title='bbox 1642 2006 1742 2061; x_wconf 91' lang='lat' dir='ltr'><strong>pro</strong></span> <span class='ocrx_word' id='word_1_223' title='bbox 1773 2005 1838 2045; x_wconf 89' lang='lat' dir='ltr'><strong>ea</strong></span> <span class='ocrx_word' id='word_1_224' title='bbox 1871 2002 2036 2058; x_wconf 89' lang='lat' dir='ltr'><strong>quam</strong></span> 
     </span>
    </p>
   </div>
   <div class='ocr_carea' id='block_1_36' title="bbox 465 2081 2040 2161">
    <p class='ocr_par' dir='ltr' id='par_1_36' title="bbox 465 2081 2040 2161">
     <span class='ocr_line' id='line_1_36' title="bbox 465 2081 2040 2161; baseline -0.011 -14"><span class='ocrx_word' id='word_1_225' title='bbox 465 2091 686 2161; x_wconf 78' lang='lat' dir='ltr'><strong>gerebat</strong></span> <span class='ocrx_word' id='word_1_226' title='bbox 715 2090 947 2160; x_wconf 91' lang='lat' dir='ltr'><strong>apostoli</strong></span> <span class='ocrx_word' id='word_1_227' title='bbox 981 2089 1264 2143; x_wconf 88' lang='lat' dir='ltr'><strong>functione</strong></span> <span class='ocrx_word' id='word_1_228' title='bbox 1291 2088 1388 2157; x_wconf 84' lang='lat' dir='ltr'><strong>(ita</strong></span> <span class='ocrx_word' id='word_1_229' title='bbox 1411 2085 1578 2151; x_wconf 91' lang='lat' dir='ltr'><strong>enim,</strong></span> <span class='ocrx_word' id='word_1_230' title='bbox 1602 2089 1662 2137; x_wconf 90' lang='lat' dir='ltr'><strong>ut</strong></span> <span class='ocrx_word' id='word_1_231' title='bbox 1696 2081 1957 2144; x_wconf 80' lang='lat' dir='ltr'><strong>diximus,</strong></span> <span class='ocrx_word' id='word_1_232' title='bbox 1974 2092 2040 2132; x_wconf 89' lang='lat' dir='ltr'><strong>ea</strong></span> 
     </span>
    </p>
   </div>
   <div class='ocr_carea' id='block_1_37' title="bbox 466 2175 2042 2254">
    <p class='ocr_par' dir='ltr' id='par_1_37' title="bbox 466 2175 2042 2254">
     <span class='ocr_line' id='line_1_37' title="bbox 466 2175 2042 2254; baseline -0.008 -16"><span class='ocrx_word' id='word_1_233' title='bbox 466 2183 703 2254; x_wconf 75' lang='lat' dir='ltr'><strong>dignitas</strong></span> <span class='ocrx_word' id='word_1_234' title='bbox 726 2181 972 2252; x_wconf 84' lang='lat' dir='ltr'><strong>vocatur)</strong></span> <span class='ocrx_word' id='word_1_235' title='bbox 998 2196 1267 2236; x_wconf 88' lang='lat' dir='ltr'><strong>summam</strong></span> <span class='ocrx_word' id='word_1_236' title='bbox 1292 2195 1402 2250; x_wconf 69' lang='lat' dir='ltr'><strong>prae</strong></span> <span class='ocrx_word' id='word_1_237' title='bbox 1427 2194 1486 2234; x_wconf 91' lang='lat' dir='ltr'><strong>se</strong></span> <span class='ocrx_word' id='word_1_238' title='bbox 1511 2175 1853 2248; x_wconf 76' lang='lat' dir='ltr'><strong>gravitatem,</strong></span> <span class='ocrx_word' id='word_1_239' title='bbox 1879 2179 2042 2241; x_wconf 86' lang='lat' dir='ltr'><strong>atque</strong></span> 
     </span>
    </p>
   </div>
   <div class='ocr_carea' id='block_1_38' title="bbox 469 2261 2041 2342">
    <p class='ocr_par' dir='ltr' id='par_1_38' title="bbox 469 2261 2041 2342">
     <span class='ocr_line' id='line_1_38' title="bbox 469 2261 2041 2342; baseline -0.008 -14"><span class='ocrx_word' id='word_1_240' title='bbox 469 2272 528 2327; x_wconf 90' lang='lat' dir='ltr'><strong>in</strong></span> <span class='ocrx_word' id='word_1_241' title='bbox 567 2272 955 2328; x_wconf 81' lang='lat' dir='ltr'><strong>constituenda</strong></span> <span class='ocrx_word' id='word_1_242' title='bbox 981 2271 1276 2342; x_wconf 89' lang='lat' dir='ltr'><strong>disciplina</strong></span> <span class='ocrx_word' id='word_1_243' title='bbox 1310 2269 1656 2325; x_wconf 82' lang='lat' dir='ltr'><strong>severitatem</strong></span> <span class='ocrx_word' id='word_1_244' title='bbox 1691 2263 1920 2326; x_wconf 86' lang='lat' dir='ltr'><strong>ferebat,</strong></span> <span class='ocrx_word' id='word_1_245' title='bbox 1952 2261 2041 2316; x_wconf 92' lang='lat' dir='ltr'><strong>cui</strong></span> 
     </span>
    </p>
   </div>
   <div class='ocr_carea' id='block_1_39' title="bbox 469 2359 2044 2435">
    <p class='ocr_par' dir='ltr' id='par_1_39' title="bbox 469 2359 2044 2435">
     <span class='ocr_line' id='line_1_39' title="bbox 469 2359 2044 2435; baseline -0.008 -15"><span class='ocrx_word' id='word_1_246' title='bbox 469 2365 549 2420; x_wconf 88' lang='lat' dir='ltr'><strong>rei</strong></span> <span class='ocrx_word' id='word_1_247' title='bbox 574 2363 895 2435; x_wconf 64' lang='lat' dir='ltr'><strong>praestandae</strong></span> <span class='ocrx_word' id='word_1_248' title='bbox 922 2361 1100 2418; x_wconf 79' lang='lat' dir='ltr'><strong>fuerat</strong></span> <span class='ocrx_word' id='word_1_249' title='bbox 1123 2363 1352 2425; x_wconf 89' lang='lat' dir='ltr'><strong>electus,</strong></span> <span class='ocrx_word' id='word_1_250' title='bbox 1379 2375 1444 2413; x_wconf 89' lang='lat' dir='ltr'><strong>ac</strong></span> <span class='ocrx_word' id='word_1_251' title='bbox 1478 2359 1769 2429; x_wconf 89' lang='lat' dir='ltr'><strong>plerosque</strong></span> <span class='ocrx_word' id='word_1_252' title='bbox 1806 2368 2044 2426; x_wconf 79' lang='lat' dir='ltr'><strong>synago-</strong></span> 
     </span>
    </p>
   </div>
   <div class='ocr_carea' id='block_1_40' title="bbox 476 2448 2047 2525">
    <p class='ocr_par' dir='ltr' id='par_1_40' title="bbox 476 2448 2047 2525">
     <span class='ocr_line' id='line_1_40' title="bbox 476 2448 2047 2525; baseline -0.008 -16"><span class='ocrx_word' id='word_1_253' title='bbox 476 2455 563 2525; x_wconf 87' lang='lat' dir='ltr'><strong>gis</strong></span> <span class='ocrx_word' id='word_1_254' title='bbox 613 2453 921 2524; x_wconf 65' lang='lat' dir='ltr'><strong>praefectos,</strong></span> <span class='ocrx_word' id='word_1_255' title='bbox 977 2459 1032 2506; x_wconf 91' lang='lat' dir='ltr'><strong>et</strong></span> <span class='ocrx_word' id='word_1_256' title='bbox 1103 2451 1438 2514; x_wconf 84' lang='lat' dir='ltr'><strong>sacerdotes,</strong></span> <span class='ocrx_word' id='word_1_257' title='bbox 1481 2462 1546 2502; x_wconf 89' lang='lat' dir='ltr'><strong>ac</strong></span> <span class='ocrx_word' id='word_1_258' title='bbox 1593 2448 2047 2518; x_wconf 72' lang='lat' dir='ltr'><strong>presbyteros-et</strong></span> 
     </span>
    </p>
   </div>
   <div class='ocr_carea' id='block_1_41' title="bbox 472 2537 2046 2616">
    <p class='ocr_par' dir='ltr' id='par_1_41' title="bbox 472 2537 2046 2616">
     <span class='ocr_line' id='line_1_41' title="bbox 472 2537 2046 2616; baseline -0.007 -18"><span class='ocrx_word' id='word_1_259' title='bbox 472 2547 752 2608; x_wconf 82' lang='lat' dir='ltr'><strong>Azanitas,</strong></span> <span class='ocrx_word' id='word_1_260' title='bbox 789 2560 898 2616; x_wconf 94' lang='lat' dir='ltr'><strong>quo</strong></span> <span class='ocrx_word' id='word_1_261' title='bbox 933 2544 1155 2600; x_wconf 88' lang='lat' dir='ltr'><strong>nomine</strong></span> <span class='ocrx_word' id='word_1_262' title='bbox 1201 2543 1467 2596; x_wconf 87' lang='lat' dir='ltr'><strong>diaconos</strong></span> <span class='ocrx_word' id='word_1_263' title='bbox 1501 2545 1596 2594; x_wconf 89' lang='lat' dir='ltr'><strong>aut</strong></span> <span class='ocrx_word' id='word_1_264' title='bbox 1628 2537 1912 2592; x_wconf 88' lang='lat' dir='ltr'><strong>ministros</strong></span> <span class='ocrx_word' id='word_1_265' title='bbox 1951 2549 2046 2604; x_wconf 88' lang='lat' dir='ltr'><strong>ap-</strong></span> 
     </span>
    </p>
   </div>
   <div class='ocr_carea' id='block_1_42' title="bbox 475 2627 2047 2706">
    <p class='ocr_par' dir='ltr' id='par_1_42' title="bbox 475 2627 2047 2706">
     <span class='ocr_line' id='line_1_42' title="bbox 475 2627 2047 2706; baseline -0.007 -15"><span class='ocrx_word' id='word_1_266' title='bbox 475 2637 700 2706; x_wconf 89' lang='lat' dir='ltr'><strong>pellant,</strong></span> <span class='ocrx_word' id='word_1_267' title='bbox 733 2637 984 2691; x_wconf 89' lang='lat' dir='ltr'><strong>homines</strong></span> <span class='ocrx_word' id='word_1_268' title='bbox 1012 2635 1294 2705; x_wconf 90' lang='lat' dir='ltr'><strong>improbos</strong></span> <span class='ocrx_word' id='word_1_269' title='bbox 1323 2633 1378 2687; x_wconf 91' lang='lat' dir='ltr'><strong>in</strong></span> <span class='ocrx_word' id='word_1_270' title='bbox 1405 2631 1650 2685; x_wconf 89' lang='lat' dir='ltr'><strong>ordinem</strong></span> <span class='ocrx_word' id='word_1_271' title='bbox 1679 2627 1959 2696; x_wconf 82' lang='lat' dir='ltr'><strong>redegerat</strong></span> <span class='ocrx_word' id='word_1_272' title='bbox 1984 2641 2047 2680; x_wconf 91' lang='lat' dir='ltr'><strong>ac</strong></span> 
     </span>
    </p>
   </div>
   <div class='ocr_carea' id='block_1_43' title="bbox 475 2715 2043 2799">
    <p class='ocr_par' dir='ltr' id='par_1_43' title="bbox 475 2715 2043 2799">
     <span class='ocr_line' id='line_1_43' title="bbox 475 2715 2043 2799; baseline -0.01 -17"><span class='ocrx_word' id='word_1_273' title='bbox 475 2727 742 2799; x_wconf 86' lang='lat' dir='ltr'><strong>dignitate</strong></span> <span class='ocrx_word' id='word_1_274' title='bbox 767 2727 1030 2796; x_wconf 89' lang='lat' dir='ltr'><strong>privarat,</strong></span> <span class='ocrx_word' id='word_1_275' title='bbox 1070 2725 1366 2780; x_wconf 91' lang='lat' dir='ltr'><strong>multorum</strong></span> <span class='ocrx_word' id='word_1_276' title='bbox 1395 2722 1450 2775; x_wconf 90' lang='lat' dir='ltr'><strong>in</strong></span> <span class='ocrx_word' id='word_1_277' title='bbox 1485 2736 1544 2776; x_wconf 86' lang='lat' dir='ltr'><strong>se</strong></span> <span class='ocrx_word' id='word_1_278' title='bbox 1577 2718 1847 2775; x_wconf 90' lang='lat' dir='ltr'><strong>convertit</strong></span> <span class='ocrx_word' id='word_1_279' title='bbox 1886 2715 2043 2770; x_wconf 89' lang='lat' dir='ltr'><strong>odia:</strong></span> 
     </span>
    </p>
   </div>
   <div class='ocr_carea' id='block_1_44' title="bbox 476 2810 2049 2888">
    <p class='ocr_par' dir='ltr' id='par_1_44' title="bbox 476 2810 2049 2888">
     <span class='ocr_line' id='line_1_44' title="bbox 476 2810 2049 2888; baseline -0.008 -16"><span class='ocrx_word' id='word_1_280' title='bbox 476 2819 571 2888; x_wconf 88' lang='lat' dir='ltr'><strong>qui</strong></span> <span class='ocrx_word' id='word_1_281' title='bbox 621 2825 679 2872; x_wconf 91' lang='lat' dir='ltr'><strong>ut</strong></span> <span class='ocrx_word' id='word_1_282' title='bbox 711 2833 834 2873; x_wconf 91' lang='lat' dir='ltr'><strong>eum</strong></span> <span class='ocrx_word' id='word_1_283' title='bbox 882 2817 1302 2878; x_wconf 89' lang='lat' dir='ltr'><strong>ulciscerentur,</strong></span> <span class='ocrx_word' id='word_1_284' title='bbox 1361 2812 1635 2868; x_wconf 89' lang='lat' dir='ltr'><strong>curiosius</strong></span> <span class='ocrx_word' id='word_1_285' title='bbox 1670 2810 1957 2879; x_wconf 79' lang='lat' dir='ltr'><strong>explorare</strong></span> <span class='ocrx_word' id='word_1_286' title='bbox 1993 2814 2049 2860; x_wconf 88' lang='lat' dir='ltr'><strong>et</strong></span> 
     </span>
    </p>
   </div>
   <div class='ocr_carea' id='block_1_45' title="bbox 477 2898 2050 2979">
    <p class='ocr_par' dir='ltr' id='par_1_45' title="bbox 477 2898 2050 2979">
     <span class='ocr_line' id='line_1_45' title="bbox 477 2898 2050 2979; baseline -0.007 -16"><span class='ocrx_word' id='word_1_287' title='bbox 477 2923 601 2979; x_wconf 72' lang='lat' dir='ltr'><strong>qua:</strong></span> <span class='ocrx_word' id='word_1_288' title='bbox 629 2908 698 2962; x_wconf 88' lang='lat' dir='ltr'><strong>ab</strong></span> <span class='ocrx_word' id='word_1_289' title='bbox 727 2908 820 2962; x_wconf 92' lang='lat' dir='ltr'><strong>illo</strong></span> <span class='ocrx_word' id='word_1_290' title='bbox 843 2913 1163 2977; x_wconf 81' lang='lat' dir='ltr'><strong>gererentur</strong></span> <span class='ocrx_word' id='word_1_291' title='bbox 1195 2904 1470 2974; x_wconf 88' lang='lat' dir='ltr'><strong>inquirere</strong></span> <span class='ocrx_word' id='word_1_292' title='bbox 1496 2915 1842 2969; x_wconf 88' lang='lat' dir='ltr'><strong>summopere</strong></span> <span class='ocrx_word' id='word_1_293' title='bbox 1863 2898 2050 2967; x_wconf 84' lang='lat' dir='ltr'><strong>cupie-</strong></span> 
     </span>
    </p>
   </div>
   <div class='ocr_carea' id='block_1_46' title="bbox 478 2990 2047 3068">
    <p class='ocr_par' dir='ltr' id='par_1_46' title="bbox 478 2990 2047 3068">
     <span class='ocr_line' id='line_1_46' title="bbox 478 2990 2047 3068; baseline -0.006 -14"><span class='ocrx_word' id='word_1_294' title='bbox 478 2999 630 3055; x_wconf 86' lang='lat' dir='ltr'><strong>bant.</strong></span> <span class='ocrx_word' id='word_1_295' title='bbox 685 2997 768 3052; x_wconf 84' lang='lat' dir='ltr'><strong>Ob</strong></span> <span class='ocrx_word' id='word_1_296' title='bbox 819 3013 913 3053; x_wconf 89' lang='lat' dir='ltr'><strong>eas</strong></span> <span class='ocrx_word' id='word_1_297' title='bbox 965 2997 1129 3068; x_wconf 86' lang='lat' dir='ltr'><strong>igitur</strong></span> <span class='ocrx_word' id='word_1_298' title='bbox 1194 3010 1390 3050; x_wconf 88' lang='lat' dir='ltr'><strong>causas</strong></span> <span class='ocrx_word' id='word_1_299' title='bbox 1455 2994 1771 3048; x_wconf 90' lang='lat' dir='ltr'><strong>acutissime</strong></span> <span class='ocrx_word' id='word_1_300' title='bbox 1828 2990 2047 3046; x_wconf 85' lang='lat' dir='ltr'><strong>tandem</strong></span> 
     </span>
    </p>
   </div>
   <div class='ocr_carea' id='block_1_47' title="bbox 477 3081 2047 3158">
    <p class='ocr_par' dir='ltr' id='par_1_47' title="bbox 477 3081 2047 3158">
     <span class='ocr_line' id='line_1_47' title="bbox 477 3081 2047 3158; baseline -0.008 -14"><span class='ocrx_word' id='word_1_301' title='bbox 477 3088 691 3144; x_wconf 84' lang='lat' dir='ltr'><strong>odorati</strong></span> <span class='ocrx_word' id='word_1_302' title='bbox 728 3103 797 3143; x_wconf 79' lang='lat' dir='ltr'><strong>ex</strong></span> <span class='ocrx_word' id='word_1_303' title='bbox 826 3087 1124 3158; x_wconf 87' lang='lat' dir='ltr'><strong>improviso</strong></span> <span class='ocrx_word' id='word_1_304' title='bbox 1155 3085 1414 3156; x_wconf 89' lang='lat' dir='ltr'><strong>impetum</strong></span> <span class='ocrx_word' id='word_1_305' title='bbox 1445 3085 1501 3139; x_wconf 89' lang='lat' dir='ltr'><strong>in</strong></span> <span class='ocrx_word' id='word_1_306' title='bbox 1532 3083 1675 3138; x_wconf 60' lang='lat' dir='ltr'><strong>aedes</strong></span> <span class='ocrx_word' id='word_1_307' title='bbox 1700 3081 1927 3145; x_wconf 88' lang='lat' dir='ltr'><strong>faciunt,</strong></span> <span class='ocrx_word' id='word_1_308' title='bbox 1961 3087 2047 3132; x_wconf 81' lang='lat' dir='ltr'><strong>at-</strong></span> 
     </span>
    </p>
   </div>
   <div class='ocr_carea' id='block_1_48' title="bbox 479 3173 2054 3254">
    <p class='ocr_par' dir='ltr' id='par_1_48' title="bbox 479 3173 2054 3254">
     <span class='ocr_line' id='line_1_48' title="bbox 479 3173 2054 3254; baseline -0.006 -18"><span class='ocrx_word' id='word_1_309' title='bbox 479 3199 585 3254; x_wconf 83' lang='lat' dir='ltr'><strong>que</strong></span> <span class='ocrx_word' id='word_1_310' title='bbox 609 3184 662 3236; x_wconf 92' lang='lat' dir='ltr'><strong>in</strong></span> <span class='ocrx_word' id='word_1_311' title='bbox 695 3182 810 3251; x_wconf 88' lang='lat' dir='ltr'><strong>ipsa</strong></span> <span class='ocrx_word' id='word_1_312' title='bbox 848 3180 1260 3252; x_wconf 78' lang='lat' dir='ltr'><strong>Evangeliorum</strong></span> <span class='ocrx_word' id='word_1_313' title='bbox 1288 3178 1522 3234; x_wconf 91' lang='lat' dir='ltr'><strong>lectione</strong></span> <span class='ocrx_word' id='word_1_314' title='bbox 1543 3174 1842 3246; x_wconf 85' lang='lat' dir='ltr'><strong>Josephum</strong></span> <span class='ocrx_word' id='word_1_315' title='bbox 1869 3173 2054 3245; x_wconf 87' lang='lat' dir='ltr'><strong>oppri-</strong></span> 
     </span>
    </p>
   </div>
   <div class='ocr_carea' id='block_1_49' title="bbox 479 3265 2051 3338">
    <p class='ocr_par' dir='ltr' id='par_1_49' title="bbox 479 3265 2051 3338">
     <span class='ocr_line' id='line_1_49' title="bbox 479 3265 2051 3338; baseline -0.006 -10"><span class='ocrx_word' id='word_1_316' title='bbox 479 3283 653 3328; x_wconf 88' lang='lat' dir='ltr'><strong>munt.</strong></span> <span class='ocrx_word' id='word_1_317' title='bbox 690 3272 790 3326; x_wconf 83' lang='lat' dir='ltr'><strong>llic</strong></span> <span class='ocrx_word' id='word_1_318' title='bbox 823 3272 962 3327; x_wconf 90' lang='lat' dir='ltr'><strong>libro</strong></span> <span class='ocrx_word' id='word_1_319' title='bbox 993 3270 1062 3327; x_wconf 87' lang='lat' dir='ltr'><strong>de</strong></span> <span class='ocrx_word' id='word_1_320' title='bbox 1086 3271 1337 3327; x_wconf 89' lang='lat' dir='ltr'><strong>manibus</strong></span> <span class='ocrx_word' id='word_1_321' title='bbox 1360 3277 1549 3338; x_wconf 90' lang='lat' dir='ltr'><strong>erepto</strong></span> <span class='ocrx_word' id='word_1_322' title='bbox 1575 3265 1850 3322; x_wconf 86' lang='lat' dir='ltr'><strong>hominem</strong></span> <span class='ocrx_word' id='word_1_323' title='bbox 1875 3265 2051 3319; x_wconf 84' lang='lat' dir='ltr'><strong>corri—</strong></span> 
     </span>
    </p>
   </div>
   <div class='ocr_carea' id='block_1_50' title="bbox 480 3356 2055 3437">
    <p class='ocr_par' dir='ltr' id='par_1_50' title="bbox 480 3356 2055 3437">
     <span class='ocr_line' id='line_1_50' title="bbox 480 3356 2055 3437; baseline -0.006 -17"><span class='ocrx_word' id='word_1_324' title='bbox 480 3367 655 3437; x_wconf 88' lang='lat' dir='ltr'><strong>piunt,</strong></span> <span class='ocrx_word' id='word_1_325' title='bbox 687 3373 739 3420; x_wconf 84' lang='lat' dir='ltr'><strong>et</strong></span> <span class='ocrx_word' id='word_1_326' title='bbox 775 3364 842 3418; x_wconf 90' lang='lat' dir='ltr'><strong>ad</strong></span> <span class='ocrx_word' id='word_1_327' title='bbox 874 3371 1074 3418; x_wconf 88' lang='lat' dir='ltr'><strong>terram</strong></span> <span class='ocrx_word' id='word_1_328' title='bbox 1108 3363 1324 3418; x_wconf 90' lang='lat' dir='ltr'><strong>allisum</strong></span> <span class='ocrx_word' id='word_1_329' title='bbox 1355 3359 1742 3424; x_wconf 89' lang='lat' dir='ltr'><strong>vociferantes,</strong></span> <span class='ocrx_word' id='word_1_330' title='bbox 1773 3356 2055 3411; x_wconf 84' lang='lat' dir='ltr'><strong>maximis-</strong></span> 
     </span>
    </p>
   </div>
   <div class='ocr_carea' id='block_1_51' title="bbox 480 3449 2052 3527">
    <p class='ocr_par' dir='ltr' id='par_1_51' title="bbox 480 3449 2052 3527">
     <span class='ocr_line' id='line_1_51' title="bbox 480 3449 2052 3527; baseline -0.006 -16"><span class='ocrx_word' id='word_1_331' title='bbox 480 3472 588 3527; x_wconf 88' lang='lat' dir='ltr'><strong>que</strong></span> <span class='ocrx_word' id='word_1_332' title='bbox 631 3455 984 3510; x_wconf 85' lang='lat' dir='ltr'><strong>contumeliis</strong></span> <span class='ocrx_word' id='word_1_333' title='bbox 1025 3461 1285 3508; x_wconf 84' lang='lat' dir='ltr'><strong>vexantes</strong></span> <span class='ocrx_word' id='word_1_334' title='bbox 1321 3453 1374 3506; x_wconf 88' lang='lat' dir='ltr'><strong>in</strong></span> <span class='ocrx_word' id='word_1_335' title='bbox 1401 3465 1732 3522; x_wconf 84' lang='lat' dir='ltr'><strong>synagogam</strong></span> <span class='ocrx_word' id='word_1_336' title='bbox 1753 3449 2052 3514; x_wconf 88' lang='lat' dir='ltr'><strong>abducunt,</strong></span> 
     </span>
    </p>
   </div>
   <div class='ocr_carea' id='block_1_52' title="bbox 483 3541 2056 3615">
    <p class='ocr_par' dir='ltr' id='par_1_52' title="bbox 483 3541 2056 3615">
     <span class='ocr_line' id='line_1_52' title="bbox 483 3541 2056 3615; baseline -0.004 -15"><span class='ocrx_word' id='word_1_337' title='bbox 483 3545 764 3615; x_wconf 79' lang='lat' dir='ltr'><strong>virgisque</strong></span> <span class='ocrx_word' id='word_1_338' title='bbox 808 3544 1043 3598; x_wconf 77' lang='lat' dir='ltr'><strong>czeduut.</strong></span> <span class='ocrx_word' id='word_1_339' title='bbox 1087 3541 1332 3596; x_wconf 87' lang='lat' dir='ltr'><strong>Primum</strong></span> <span class='ocrx_word' id='word_1_340' title='bbox 1386 3542 1490 3596; x_wconf 92' lang='lat' dir='ltr'><strong>hoc</strong></span> <span class='ocrx_word' id='word_1_341' title='bbox 1521 3542 1588 3595; x_wconf 91' lang='lat' dir='ltr'><strong>ab</strong></span> <span class='ocrx_word' id='word_1_342' title='bbox 1625 3542 1719 3595; x_wconf 93' lang='lat' dir='ltr'><strong>illo</strong></span> <span class='ocrx_word' id='word_1_343' title='bbox 1759 3541 2056 3612; x_wconf 87' lang='lat' dir='ltr'><strong>legitimum</strong></span> 
     </span>
    </p>
   </div>
   <div class='ocr_carea' id='block_1_53' title="bbox 483 3630 2059 3702">
    <p class='ocr_par' dir='ltr' id='par_1_53' title="bbox 483 3630 2059 3702">
     <span class='ocr_line' id='line_1_53' title="bbox 483 3630 2059 3702; baseline -0.003 -12"><span class='ocrx_word' id='word_1_344' title='bbox 483 3645 758 3690; x_wconf 88' lang='lat' dir='ltr'><strong>certamen</strong></span> <span class='ocrx_word' id='word_1_345' title='bbox 783 3649 879 3702; x_wconf 92' lang='lat' dir='ltr'><strong>pro</strong></span> <span class='ocrx_word' id='word_1_346' title='bbox 898 3633 1002 3687; x_wconf 81' lang='lat' dir='ltr'><strong>fide</strong></span> <span class='ocrx_word' id='word_1_347' title='bbox 1028 3641 1365 3702; x_wconf 87' lang='lat' dir='ltr'><strong>susceptum.</strong></span> <span class='ocrx_word' id='word_1_348' title='bbox 1394 3630 1475 3684; x_wconf 83' lang='lat' dir='ltr'><strong>Ad</strong></span> <span class='ocrx_word' id='word_1_349' title='bbox 1493 3631 1609 3685; x_wconf 70' lang='lat' dir='ltr'><strong>haec</strong></span> <span class='ocrx_word' id='word_1_350' title='bbox 1629 3631 1870 3685; x_wconf 90' lang='lat' dir='ltr'><strong>accurrit</strong></span> <span class='ocrx_word' id='word_1_351' title='bbox 1905 3631 2059 3686; x_wconf 91' lang='lat' dir='ltr'><strong>urbis</strong></span> 
     </span>
    </p>
   </div>
   <div class='ocr_carea' id='block_1_54' title="bbox 485 3716 2060 3794">
    <p class='ocr_par' dir='ltr' id='par_1_54' title="bbox 485 3716 2060 3794">
     <span class='ocr_line' id='line_1_54' title="bbox 485 3716 2060 3794; baseline -0.004 -16"><span class='ocrx_word' id='word_1_352' title='bbox 485 3724 798 3794; x_wconf 81' lang='lat' dir='ltr'><strong>episcopus,</strong></span> <span class='ocrx_word' id='word_1_353' title='bbox 825 3736 1058 3791; x_wconf 78' lang='lat' dir='ltr'><strong>citinque</strong></span> <span class='ocrx_word' id='word_1_354' title='bbox 1086 3736 1154 3774; x_wconf 80' lang='lat' dir='ltr'><strong>ex</strong></span> <span class='ocrx_word' id='word_1_355' title='bbox 1181 3721 1396 3773; x_wconf 91' lang='lat' dir='ltr'><strong>illorum</strong></span> <span class='ocrx_word' id='word_1_356' title='bbox 1424 3718 1677 3773; x_wconf 89' lang='lat' dir='ltr'><strong>manibus</strong></span> <span class='ocrx_word' id='word_1_357' title='bbox 1705 3716 1886 3786; x_wconf 89' lang='lat' dir='ltr'><strong>eripit.</strong></span> <span class='ocrx_word' id='word_1_358' title='bbox 1911 3716 2060 3771; x_wconf 82' lang='lat' dir='ltr'><strong>Alias</strong></span> 
     </span>
    </p>
   </div>
   <div class='ocr_carea' id='block_1_55' title="bbox 487 3809 2062 3882">
    <p class='ocr_par' dir='ltr' id='par_1_55' title="bbox 487 3809 2062 3882">
     <span class='ocr_line' id='line_1_55' title="bbox 487 3809 2062 3882; baseline -0.005 -12"><span class='ocrx_word' id='word_1_359' title='bbox 487 3813 687 3870; x_wconf 88' lang='lat' dir='ltr'><strong>deinde</strong></span> <span class='ocrx_word' id='word_1_360' title='bbox 716 3829 839 3868; x_wconf 89' lang='lat' dir='ltr'><strong>cum</strong></span> <span class='ocrx_word' id='word_1_361' title='bbox 872 3812 976 3867; x_wconf 88' lang='lat' dir='ltr'><strong>iter</strong></span> <span class='ocrx_word' id='word_1_362' title='bbox 1002 3819 1249 3882; x_wconf 88' lang='lat' dir='ltr'><strong>agentem</strong></span> <span class='ocrx_word' id='word_1_363' title='bbox 1271 3809 1644 3874; x_wconf 74' lang='lat' dir='ltr'><strong>olfendissent,</strong></span> <span class='ocrx_word' id='word_1_364' title='bbox 1673 3809 1752 3864; x_wconf 89' lang='lat' dir='ltr'><strong>sic</strong></span> <span class='ocrx_word' id='word_1_365' title='bbox 1773 3809 1916 3863; x_wconf 88' lang='lat' dir='ltr'><strong>enim</strong></span> <span class='ocrx_word' id='word_1_366' title='bbox 1946 3809 2062 3878; x_wconf 91' lang='lat' dir='ltr'><strong>ipse</strong></span> 
     </span>
    </p>
   </div>
   <div class='ocr_carea' id='block_1_56' title="bbox 487 3900 2062 3975">
    <p class='ocr_par' dir='ltr' id='par_1_56' title="bbox 487 3900 2062 3975">
     <span class='ocr_line' id='line_1_56' title="bbox 487 3900 2062 3975; baseline -0.004 -15"><span class='ocrx_word' id='word_1_367' title='bbox 487 3906 770 3969; x_wconf 88' lang='lat' dir='ltr'><strong>narrabat,</strong></span> <span class='ocrx_word' id='word_1_368' title='bbox 801 3904 854 3958; x_wconf 94' lang='lat' dir='ltr'><strong>in</strong></span> <span class='ocrx_word' id='word_1_369' title='bbox 882 3904 1132 3975; x_wconf 84' lang='lat' dir='ltr'><strong>Cydnum</strong></span> <span class='ocrx_word' id='word_1_370' title='bbox 1160 3902 1463 3971; x_wconf 86' lang='lat' dir='ltr'><strong>abjieiunt;</strong></span> <span class='ocrx_word' id='word_1_371' title='bbox 1497 3909 1658 3971; x_wconf 88' lang='lat' dir='ltr'><strong>atque</strong></span> <span class='ocrx_word' id='word_1_372' title='bbox 1682 3900 1833 3954; x_wconf 91' lang='lat' dir='ltr'><strong>illum</strong></span> <span class='ocrx_word' id='word_1_373' title='bbox 1857 3901 2062 3969; x_wconf 84' lang='lat' dir='ltr'><strong>impetu</strong></span> 
     </span>
    </p>
   </div>
   <div class='ocr_carea' id='block_1_57' title="bbox 491 3987 2064 4065">
    <p class='ocr_par' dir='ltr' id='par_1_57' title="bbox 491 3987 2064 4065">
     <span class='ocr_line' id='line_1_57' title="bbox 491 3987 2064 4065; baseline -0.003 -15"><span class='ocrx_word' id='word_1_374' title='bbox 491 3995 733 4051; x_wconf 82' lang='lat' dir='ltr'><strong>ﬂuminis</strong></span> <span class='ocrx_word' id='word_1_375' title='bbox 768 3995 1057 4065; x_wconf 87' lang='lat' dir='ltr'><strong>abreptum</strong></span> <span class='ocrx_word' id='word_1_376' title='bbox 1079 4008 1144 4047; x_wconf 89' lang='lat' dir='ltr'><strong>ac</strong></span> <span class='ocrx_word' id='word_1_377' title='bbox 1167 3993 1269 4047; x_wconf 90' lang='lat' dir='ltr'><strong>sub</strong></span> <span class='ocrx_word' id='word_1_378' title='bbox 1299 4006 1470 4062; x_wconf 89' lang='lat' dir='ltr'><strong>aquas</strong></span> <span class='ocrx_word' id='word_1_379' title='bbox 1493 3992 1801 4047; x_wconf 89' lang='lat' dir='ltr'><strong>demersum</strong></span> <span class='ocrx_word' id='word_1_380' title='bbox 1817 3987 2064 4062; x_wconf 74' lang='lat' dir='ltr'><strong>&#39;periisse</strong></span> 
     </span>
    </p>
   </div>
   <div class='ocr_carea' id='block_1_58' title="bbox 488 4083 2064 4158">
    <p class='ocr_par' dir='ltr' id='par_1_58' title="bbox 488 4083 2064 4158">
     <span class='ocr_line' id='line_1_58' title="bbox 488 4083 2064 4158; baseline -0.004 -16"><span class='ocrx_word' id='word_1_381' title='bbox 488 4089 595 4143; x_wconf 88' lang='lat' dir='ltr'><strong>rati</strong></span> <span class='ocrx_word' id='word_1_382' title='bbox 629 4103 958 4158; x_wconf 88' lang='lat' dir='ltr'><strong>magnopere</strong></span> <span class='ocrx_word' id='word_1_383' title='bbox 986 4085 1156 4158; x_wconf 84' lang='lat' dir='ltr'><strong>gavisi</strong></span> <span class='ocrx_word' id='word_1_384' title='bbox 1187 4093 1336 4140; x_wconf 92' lang='lat' dir='ltr'><strong>sunt.</strong></span> <span class='ocrx_word' id='word_1_385' title='bbox 1369 4083 1476 4138; x_wconf 88' lang='lat' dir='ltr'><strong>Sed</strong></span> <span class='ocrx_word' id='word_1_386' title='bbox 1515 4085 1561 4138; x_wconf 90' lang='lat' dir='ltr'><strong>is</strong></span> <span class='ocrx_word' id='word_1_387' title='bbox 1591 4091 1839 4139; x_wconf 84' lang='lat' dir='ltr'><strong>servatus</strong></span> <span class='ocrx_word' id='word_1_388' title='bbox 1878 4091 2064 4154; x_wconf 74' lang='lat' dir='ltr'><strong>pOstea</strong></span> 
     </span>
    </p>
   </div>
   <div class='ocr_carea' id='block_1_59' title="bbox 489 4175 2065 4249">
    <p class='ocr_par' dir='ltr' id='par_1_59' title="bbox 489 4175 2065 4249">
     <span class='ocr_line' id='line_1_59' title="bbox 489 4175 2065 4249; baseline -0.006 -12"><span class='ocrx_word' id='word_1_389' title='bbox 489 4182 700 4237; x_wconf 73' lang='lat' dir='ltr'><strong>emlesti</strong></span> <span class='ocrx_word' id='word_1_390' title='bbox 735 4181 1005 4235; x_wconf 88' lang='lat' dir='ltr'><strong>lavatione</strong></span> <span class='ocrx_word' id='word_1_391' title='bbox 1037 4179 1294 4249; x_wconf 90' lang='lat' dir='ltr'><strong>dignatus</strong></span> <span class='ocrx_word' id='word_1_392' title='bbox 1335 4187 1437 4234; x_wconf 88' lang='lat' dir='ltr'><strong>est.</strong></span> <span class='ocrx_word' id='word_1_393' title='bbox 1483 4176 1620 4232; x_wconf 85' lang='lat' dir='ltr'><strong>Hinc</strong></span> <span class='ocrx_word' id='word_1_394' title='bbox 1649 4175 1717 4231; x_wconf 92' lang='lat' dir='ltr'><strong>ad</strong></span> <span class='ocrx_word' id='word_1_395' title='bbox 1748 4177 2065 4232; x_wconf 88' lang='lat' dir='ltr'><strong>comitatum</strong></span> 
     </span>
    </p>
   </div>
   <div class='ocr_carea' id='block_1_60' title="bbox 457 4268 2070 4347">
    <p class='ocr_par' dir='ltr' id='par_1_60' title="bbox 457 4268 2070 4347">
     <span class='ocr_line' id='line_1_60' title="bbox 457 4268 2070 4347; baseline -0.006 -18"><span class='ocrx_word' id='word_1_396' title='bbox 457 4343 462 4347; x_wconf 23' lang='lat' dir='ltr'><strong><em>l</em></strong></span> <span class='ocrx_word' id='word_1_397' title='bbox 492 4281 784 4344; x_wconf 80' lang='lat' dir='ltr'><strong>provectus</strong></span> <span class='ocrx_word' id='word_1_398' title='bbox 806 4273 874 4327; x_wconf 90' lang='lat' dir='ltr'><strong>ad</strong></span> <span class='ocrx_word' id='word_1_399' title='bbox 892 4272 1236 4328; x_wconf 88' lang='lat' dir='ltr'><strong>Constantini</strong></span> <span class='ocrx_word' id='word_1_400' title='bbox 1253 4270 1600 4341; x_wconf 88' lang='lat' dir='ltr'><strong>imperatoris</strong></span> <span class='ocrx_word' id='word_1_401' title='bbox 1624 4268 1920 4322; x_wconf 89' lang='lat' dir='ltr'><strong>amicitiam</strong></span> <span class='ocrx_word' id='word_1_402' title='bbox 1949 4282 2070 4336; x_wconf 92' lang='lat' dir='ltr'><strong>per-</strong></span> 
     </span>
    </p>
   </div>
   <div class='ocr_carea' id='block_1_61' title="bbox 491 4360 2067 4434">
    <p class='ocr_par' dir='ltr' id='par_1_61' title="bbox 491 4360 2067 4434">
     <span class='ocr_line' id='line_1_61' title="bbox 491 4360 2067 4434; baseline -0.006 -15"><span class='ocrx_word' id='word_1_403' title='bbox 491 4365 661 4428; x_wconf 86' lang='lat' dir='ltr'><strong>venit,</strong></span> <span class='ocrx_word' id='word_1_404' title='bbox 689 4365 848 4434; x_wconf 91' lang='lat' dir='ltr'><strong>eique</strong></span> <span class='ocrx_word' id='word_1_405' title='bbox 876 4363 1142 4433; x_wconf 89' lang='lat' dir='ltr'><strong>quidquid</strong></span> <span class='ocrx_word' id='word_1_406' title='bbox 1165 4362 1269 4418; x_wconf 91' lang='lat' dir='ltr'><strong>sibi</strong></span> <span class='ocrx_word' id='word_1_407' title='bbox 1299 4361 1573 4416; x_wconf 88' lang='lat' dir='ltr'><strong>aceiderat</strong></span> <span class='ocrx_word' id='word_1_408' title='bbox 1603 4362 1886 4431; x_wconf 82' lang='lat' dir='ltr'><strong>exposuit;</strong></span> <span class='ocrx_word' id='word_1_409' title='bbox 1913 4360 2067 4429; x_wconf 92' lang='lat' dir='ltr'><strong>prin-</strong></span> 
     </span>
    </p>
   </div>
   <div class='ocr_carea' id='block_1_62' title="bbox 2076 3141 2123 3203">
    <p class='ocr_par' dir='ltr' id='par_1_62' title="bbox 2076 3141 2123 3203">
     <span class='ocr_line' id='line_1_62' title="bbox 2076 3141 2123 3203; baseline 0 0"><span class='ocrx_word' id='word_1_410' title='bbox 2076 3141 2123 3203; x_wconf 85' lang='lat' dir='ltr'><strong>C</strong></span> 
     </span>
    </p>
   </div>
   <div class='ocr_carea' id='block_1_63' title="bbox 2141 1879 3721 1957">
    <p class='ocr_par' dir='ltr' id='par_1_63' title="bbox 2141 1879 3721 1957">
     <span class='ocr_line' id='line_1_63' title="bbox 2141 1879 3721 1957; baseline -0.008 -14"><span class='ocrx_word' id='word_1_411' title='bbox 2141 1891 2240 1943; x_wconf 84' lang='grc' dir='ltr'><strong>οὐκ</strong></span> <span class='ocrx_word' id='word_1_412' title='bbox 2259 1885 2354 1942; x_wconf 72' lang='grc' dir='ltr'>οἷδ’</span> <span class='ocrx_word' id='word_1_413' title='bbox 2385 1889 2559 1941; x_wconf 74' lang='grc' dir='ltr'>εἰπεῖν</span> <span class='ocrx_word' id='word_1_414' title='bbox 2592 1887 2651 1939; x_wconf 83' lang='grc' dir='ltr'><strong>ἐν</strong></span> <span class='ocrx_word' id='word_1_415' title='bbox 2685 1885 2817 1957; x_wconf 81' lang='grc' dir='ltr'>ποίᾳ</span> <span class='ocrx_word' id='word_1_416' title='bbox 2850 1884 3024 1938; x_wconf 91' lang='grc' dir='ltr'>πόλει.</span> <span class='ocrx_word' id='word_1_417' title='bbox 3056 1881 3332 1937; x_wconf 81' lang='grc' dir='ltr'>Φιλιοῦται</span> <span class='ocrx_word' id='word_1_418' title='bbox 3356 1881 3415 1935; x_wconf 84' lang='grc' dir='ltr'>δὲ</span> <span class='ocrx_word' id='word_1_419' title='bbox 3446 1879 3526 1950; x_wconf 85' lang='grc' dir='ltr'>τῷ</span> <span class='ocrx_word' id='word_1_420' title='bbox 3553 1880 3721 1932; x_wconf 84' lang='grc' dir='ltr'>ἐκεῖσε</span> 
     </span>
    </p>
   </div>
   <div class='ocr_carea' id='block_1_64' title="bbox 2142 1969 3724 2048">
    <p class='ocr_par' dir='ltr' id='par_1_64' title="bbox 2142 1969 3724 2048">
     <span class='ocr_line' id='line_1_64' title="bbox 2142 1969 3724 2048; baseline -0.008 -16"><span class='ocrx_word' id='word_1_421' title='bbox 2142 1980 2448 2048; x_wconf 80' lang='grc' dir='ltr'>ἐπισκόπῳ,</span> <span class='ocrx_word' id='word_1_422' title='bbox 2479 1977 2537 2040; x_wconf 87' lang='grc' dir='ltr'>ὂς</span> <span class='ocrx_word' id='word_1_423' title='bbox 2569 1975 2870 2048; x_wconf 81' lang='grc' dir='ltr'>λεληθότως</span> <span class='ocrx_word' id='word_1_424' title='bbox 2895 1975 3065 2046; x_wconf 64' lang='grc' dir='ltr'><strong>⁴ᾔτησε</strong></span> <span class='ocrx_word' id='word_1_425' title='bbox 3097 1974 3226 2045; x_wconf 84' lang='grc' dir='ltr'>παρ’</span> <span class='ocrx_word' id='word_1_426' title='bbox 3259 1970 3429 2025; x_wconf 83' lang='grc' dir='ltr'><strong>αύτοῦ</strong></span> <span class='ocrx_word' id='word_1_427' title='bbox 3459 1969 3529 2022; x_wconf 82' lang='grc' dir='ltr'><strong>τά</strong></span> <span class='ocrx_word' id='word_1_428' title='bbox 3558 1969 3724 2035; x_wconf 79' lang='grc' dir='ltr'>Εὐαγ-</span> 
     </span>
    </p>
   </div>
   <div class='ocr_carea' id='block_1_65' title="bbox 2141 2059 3724 2142">
    <p class='ocr_par' dir='ltr' id='par_1_65' title="bbox 2141 2059 3724 2142">
     <span class='ocr_line' id='line_1_65' title="bbox 2141 2059 3724 2142; baseline -0.008 -18"><span class='ocrx_word' id='word_1_429' title='bbox 2141 2071 2318 2142; x_wconf 89' lang='grc' dir='ltr'>γέλια,</span> <span class='ocrx_word' id='word_1_430' title='bbox 2345 2071 2438 2124; x_wconf 76' lang='grc' dir='ltr'><strong>καὶ</strong></span> <span class='ocrx_word' id='word_1_431' title='bbox 2465 2069 2696 2138; x_wconf 86' lang='grc' dir='ltr'>ἀνέγνω.</span> <span class='ocrx_word' id='word_1_432' title='bbox 2742 2067 2894 2120; x_wconf 72' lang='grc' dir='ltr'>Ἐπεὶ</span> <span class='ocrx_word' id='word_1_433' title='bbox 2941 2062 3054 2132; x_wconf 83' lang='grc' dir='ltr'>οὖν,</span> <span class='ocrx_word' id='word_1_434' title='bbox 3081 2059 3171 2120; x_wconf 74' lang='grc' dir='ltr'>οἷα</span> <span class='ocrx_word' id='word_1_435' title='bbox 3200 2061 3510 2125; x_wconf 83' lang='grc' dir='ltr'>ἀπόστολος</span> <span class='ocrx_word' id='word_1_436' title='bbox 3540 2059 3724 2132; x_wconf 77' lang='grc' dir='ltr'>(οὕτως</span> 
     </span>
    </p>
   </div>
   <div class='ocr_carea' id='block_1_66' title="bbox 2141 2150 3723 2235">
    <p class='ocr_par' dir='ltr' id='par_1_66' title="bbox 2141 2150 3723 2235">
     <span class='ocr_line' id='line_1_66' title="bbox 2141 2150 3723 2235; baseline -0.009 -18"><span class='ocrx_word' id='word_1_437' title='bbox 2141 2165 2252 2235; x_wconf 86' lang='grc' dir='ltr'>γὰρ</span> <span class='ocrx_word' id='word_1_438' title='bbox 2297 2163 2425 2233; x_wconf 88' lang='grc' dir='ltr'>παρ’</span> <span class='ocrx_word' id='word_1_439' title='bbox 2474 2162 2693 2226; x_wconf 86' lang='grc' dir='ltr'>αὐτοῖς,</span> <span class='ocrx_word' id='word_1_440' title='bbox 2739 2161 2815 2224; x_wconf 87' lang='grc' dir='ltr'>ὼς</span> <span class='ocrx_word' id='word_1_441' title='bbox 2853 2159 3023 2229; x_wconf 79' lang='grc' dir='ltr'>ἔφην,</span> <span class='ocrx_word' id='word_1_442' title='bbox 3063 2157 3124 2211; x_wconf 80' lang='grc' dir='ltr'><strong>τὸ</strong></span> <span class='ocrx_word' id='word_1_443' title='bbox 3166 2156 3389 2227; x_wconf 76' lang='grc' dir='ltr'>ἀξίωμα</span> <span class='ocrx_word' id='word_1_444' title='bbox 3421 2150 3723 2222; x_wconf 85' lang='grc' dir='ltr'>καλεῖται),</span> 
     </span>
    </p>
   </div>
   <div class='ocr_carea' id='block_1_67' title="bbox 2144 2244 3725 2328">
    <p class='ocr_par' dir='ltr' id='par_1_67' title="bbox 2144 2244 3725 2328">
     <span class='ocr_line' id='line_1_67' title="bbox 2144 2244 3725 2328; baseline -0.008 -19"><span class='ocrx_word' id='word_1_445' title='bbox 2144 2255 2572 2328; x_wconf 81' lang='grc' dir='ltr'>ἐμϐριθέστατος</span> <span class='ocrx_word' id='word_1_446' title='bbox 2601 2253 2697 2307; x_wconf 75' lang='grc' dir='ltr'>καὶ</span> <span class='ocrx_word' id='word_1_447' title='bbox 2721 2252 3044 2324; x_wconf 81' lang='grc' dir='ltr'>καθαρεύων</span> <span class='ocrx_word' id='word_1_448' title='bbox 3066 2249 3228 2320; x_wconf 89' lang='grc' dir='ltr'>δῆθεν</span> <span class='ocrx_word' id='word_1_449' title='bbox 3254 2249 3322 2302; x_wconf 83' lang='grc' dir='ltr'>τὰ</span> <span class='ocrx_word' id='word_1_450' title='bbox 3354 2248 3440 2311; x_wconf 84' lang='grc' dir='ltr'><strong>είς</strong></span> <span class='ocrx_word' id='word_1_451' title='bbox 3463 2244 3725 2301; x_wconf 83' lang='grc' dir='ltr'>κατάστα-</span> 
     </span>
    </p>
   </div>
   <div class='ocr_carea' id='block_1_68' title="bbox 2147 2335 3723 2416">
    <p class='ocr_par' dir='ltr' id='par_1_68' title="bbox 2147 2335 3723 2416">
     <span class='ocr_line' id='line_1_68' title="bbox 2147 2335 3723 2416; baseline -0.007 -17"><span class='ocrx_word' id='word_1_452' title='bbox 2147 2364 2232 2400; x_wconf 90' lang='grc' dir='ltr'><strong>σιν</strong></span> <span class='ocrx_word' id='word_1_453' title='bbox 2265 2345 2520 2416; x_wconf 84' lang='grc' dir='ltr'>εὐνομίας</span> <span class='ocrx_word' id='word_1_454' title='bbox 2545 2385 2560 2410; x_wconf 95' lang='grc'><strong>,</strong></span> <span class='ocrx_word' id='word_1_455' title='bbox 2609 2345 2783 2408; x_wconf 75' lang='grc' dir='ltr'>οὕτως</span> <span class='ocrx_word' id='word_1_456' title='bbox 2811 2343 3080 2397; x_wconf 86' lang='grc' dir='ltr'>ἐπιτελεῖν</span> <span class='ocrx_word' id='word_1_457' title='bbox 3129 2339 3571 2412; x_wconf 76' lang='grc' dir='ltr'>προϐαλλόμενος</span> <span class='ocrx_word' id='word_1_458' title='bbox 3601 2335 3723 2406; x_wconf 71' lang='grc'><strong>(25),</strong></span> 
     </span>
    </p>
   </div>
   <div class='ocr_carea' id='block_1_69' title="bbox 2147 2426 3722 2502">
    <p class='ocr_par' dir='ltr' id='par_1_69' title="bbox 2147 2426 3722 2502">
     <span class='ocr_line' id='line_1_69' title="bbox 2147 2426 3722 2502; baseline -0.008 -13"><span class='ocrx_word' id='word_1_459' title='bbox 2147 2436 2374 2499; x_wconf 76' lang='grc' dir='ltr'>πολλοὺς</span> <span class='ocrx_word' id='word_1_460' title='bbox 2404 2435 2511 2489; x_wconf 86' lang='grc' dir='ltr'><strong>τῶν</strong></span> <span class='ocrx_word' id='word_1_461' title='bbox 2551 2434 2738 2489; x_wconf 90' lang='grc' dir='ltr'>κακῶν</span> <span class='ocrx_word' id='word_1_462' title='bbox 2766 2431 3214 2488; x_wconf 76' lang='grc' dir='ltr'>κατασταθέντων</span> <span class='ocrx_word' id='word_1_463' title='bbox 3245 2426 3722 2502; x_wconf 77' lang='grc' dir='ltr'>ἀρχισυναγώγων,</span> 
     </span>
    </p>
   </div>
   <div class='ocr_carea' id='block_1_70' title="bbox 2147 2514 3724 2599">
    <p class='ocr_par' dir='ltr' id='par_1_70' title="bbox 2147 2514 3724 2599">
     <span class='ocr_line' id='line_1_70' title="bbox 2147 2514 3724 2599; baseline -0.01 -16"><span class='ocrx_word' id='word_1_464' title='bbox 2147 2529 2242 2583; x_wconf 68' lang='grc' dir='ltr'><strong>καὶ</strong></span> <span class='ocrx_word' id='word_1_465' title='bbox 2283 2528 2494 2598; x_wconf 78' lang='grc' dir='ltr'>ἱερέων,</span> <span class='ocrx_word' id='word_1_466' title='bbox 2540 2527 2636 2581; x_wconf 73' lang='grc' dir='ltr'>καὶ</span> <span class='ocrx_word' id='word_1_467' title='bbox 2687 2525 3094 2599; x_wconf 80' lang='grc' dir='ltr'>πρεσϐυτέρων,</span> <span class='ocrx_word' id='word_1_468' title='bbox 3145 2522 3240 2576; x_wconf 74' lang='grc' dir='ltr'><strong>καὶ</strong></span> <span class='ocrx_word' id='word_1_469' title='bbox 3289 2518 3591 2584; x_wconf 82' lang='grc' dir='ltr'>’Δςανιτῶν</span> <span class='ocrx_word' id='word_1_470' title='bbox 3626 2514 3724 2568; x_wconf 87' lang='grc' dir='ltr'><strong>τῶν</strong></span> 
     </span>
    </p>
   </div>
   <div class='ocr_carea' id='block_1_71' title="bbox 2149 2611 3720 2691">
    <p class='ocr_par' dir='ltr' id='par_1_71' title="bbox 2149 2611 3720 2691">
     <span class='ocr_line' id='line_1_71' title="bbox 2149 2611 3720 2691; baseline -0.009 -17"><span class='ocrx_word' id='word_1_471' title='bbox 2149 2621 2278 2691; x_wconf 86' lang='grc' dir='ltr'>παρ’</span> <span class='ocrx_word' id='word_1_472' title='bbox 2307 2620 2492 2682; x_wconf 85' lang='grc' dir='ltr'>αὐτοῖς</span> <span class='ocrx_word' id='word_1_473' title='bbox 2527 2618 2639 2688; x_wconf 75' lang='grc'><strong>(26)</strong></span> <span class='ocrx_word' id='word_1_474' title='bbox 2671 2617 2937 2672; x_wconf 86' lang='grc' dir='ltr'>διακόνων</span> <span class='ocrx_word' id='word_1_475' title='bbox 2986 2612 3446 2686; x_wconf 79' lang='grc' dir='ltr'>ἑρμηνευομένων</span> <span class='ocrx_word' id='word_1_476' title='bbox 3470 2611 3502 2681; x_wconf 84' lang='grc' dir='ltr'>ἢ</span> <span class='ocrx_word' id='word_1_477' title='bbox 3531 2611 3720 2679; x_wconf 82' lang='grc' dir='ltr'>ὑπηρε-</span> 
     </span>
    </p>
   </div>
   <div class='ocr_carea' id='block_1_72' title="bbox 2147 2693 3724 2778">
    <p class='ocr_par' dir='ltr' id='par_1_72' title="bbox 2147 2693 3724 2778">
     <span class='ocr_line' id='line_1_72' title="bbox 2147 2693 3724 2778; baseline -0.013 -14"><span class='ocrx_word' id='word_1_478' title='bbox 2147 2710 2276 2773; x_wconf 86' lang='grc' dir='ltr'>τῶν,</span> <span class='ocrx_word' id='word_1_479' title='bbox 2312 2706 2591 2778; x_wconf 81' lang='grc' dir='ltr'>καθαιρῶν</span> <span class='ocrx_word' id='word_1_480' title='bbox 2617 2723 2679 2758; x_wconf 88' lang='grc' dir='ltr'><strong>τε</strong></span> <span class='ocrx_word' id='word_1_481' title='bbox 2707 2705 2800 2758; x_wconf 71' lang='grc' dir='ltr'><strong>καὶ</strong></span> <span class='ocrx_word' id='word_1_482' title='bbox 2827 2703 3136 2776; x_wconf 86' lang='grc' dir='ltr'>μετακινῶν</span> <span class='ocrx_word' id='word_1_483' title='bbox 3166 2701 3260 2753; x_wconf 78' lang='grc' dir='ltr'>τοῦ</span> <span class='ocrx_word' id='word_1_484' title='bbox 3293 2697 3608 2769; x_wconf 81' lang='grc' dir='ltr'>ἀξιώματος</span> <span class='ocrx_word' id='word_1_485' title='bbox 3631 2693 3724 2746; x_wconf 84' lang='grc' dir='ltr'>ὑπὸ</span> 
     </span>
    </p>
   </div>
   <div class='ocr_carea' id='block_1_73' title="bbox 2152 2784 3724 2874">
    <p class='ocr_par' dir='ltr' id='par_1_73' title="bbox 2152 2784 3724 2874">
     <span class='ocr_line' id='line_1_73' title="bbox 2152 2784 3724 2874; baseline -0.01 -22"><span class='ocrx_word' id='word_1_486' title='bbox 2152 2798 2685 2874; x_wconf 24' lang='grc' dir='ltr'>πολλῶνιένεκοτεῖτο</span> <span class='ocrx_word' id='word_1_487' title='bbox 2707 2835 2722 2862; x_wconf 95' lang='grc'><strong>,</strong></span> <span class='ocrx_word' id='word_1_488' title='bbox 2756 2796 2952 2858; x_wconf 85' lang='grc' dir='ltr'>οἵτινες</span> <span class='ocrx_word' id='word_1_489' title='bbox 2999 2791 3183 2863; x_wconf 85' lang='grc' dir='ltr'>ὥσπερ</span> <span class='ocrx_word' id='word_1_490' title='bbox 3225 2788 3541 2862; x_wconf 84' lang='grc' dir='ltr'>ἀμύνασθαι</span> <span class='ocrx_word' id='word_1_491' title='bbox 3579 2784 3724 2840; x_wconf 81' lang='grc' dir='ltr'>αὑτὸν</span> 
     </span>
    </p>
   </div>
   <div class='ocr_carea' id='block_1_74' title="bbox 2152 2879 3723 2960">
    <p class='ocr_par' dir='ltr' id='par_1_74' title="bbox 2152 2879 3723 2960">
     <span class='ocr_line' id='line_1_74' title="bbox 2152 2879 3723 2960; baseline -0.008 -17"><span class='ocrx_word' id='word_1_492' title='bbox 2152 2891 2484 2960; x_wconf 84' lang='grc' dir='ltr'>πειρώμενοι</span> <span class='ocrx_word' id='word_1_493' title='bbox 2529 2885 3001 2957; x_wconf 79' lang='grc' dir='ltr'>πολυπραγμονεῖν</span> <span class='ocrx_word' id='word_1_494' title='bbox 3042 2881 3232 2936; x_wconf 81' lang='grc' dir='ltr'>τοῦτον</span> <span class='ocrx_word' id='word_1_495' title='bbox 3278 2883 3376 2934; x_wconf 79' lang='grc' dir='ltr'>καὶ</span> <span class='ocrx_word' id='word_1_496' title='bbox 3435 2879 3723 2952; x_wconf 85' lang='grc' dir='ltr'>ίχνηλατεῖν</span> 
     </span>
    </p>
   </div>
   <div class='ocr_carea' id='block_1_75' title="bbox 2151 2968 3726 3048">
    <p class='ocr_par' dir='ltr' id='par_1_75' title="bbox 2151 2968 3726 3048">
     <span class='ocr_line' id='line_1_75' title="bbox 2151 2968 3726 3048; baseline -0.008 -14"><span class='ocrx_word' id='word_1_497' title='bbox 2151 2981 2221 3034; x_wconf 70' lang='grc' dir='ltr'>τὰ</span> <span class='ocrx_word' id='word_1_498' title='bbox 2272 2979 2404 3048; x_wconf 79' lang='grc' dir='ltr'>παρ’</span> <span class='ocrx_word' id='word_1_499' title='bbox 2434 2977 2598 3032; x_wconf 78' lang='grc' dir='ltr'>αὑτοῦ</span> <span class='ocrx_word' id='word_1_500' title='bbox 2625 2976 2885 3047; x_wconf 86' lang='grc' dir='ltr'>γινόμενα</span> <span class='ocrx_word' id='word_1_501' title='bbox 2912 2975 2972 3028; x_wconf 86' lang='grc' dir='ltr'><strong>ού</strong></span> <span class='ocrx_word' id='word_1_502' title='bbox 3009 2973 3221 3046; x_wconf 82' lang='grc' dir='ltr'>μικρῶς</span> <span class='ocrx_word' id='word_1_503' title='bbox 3249 2971 3601 3036; x_wconf 77' lang='grc' dir='ltr'>ἐσπούδαζον.</span> <span class='ocrx_word' id='word_1_504' title='bbox 3637 2968 3726 3022; x_wconf 79' lang='grc' dir='ltr'><strong>Διὰ</strong></span> 
     </span>
    </p>
   </div>
   <div class='ocr_carea' id='block_1_76' title="bbox 2151 3057 3725 3144">
    <p class='ocr_par' dir='ltr' id='par_1_76' title="bbox 2151 3057 3725 3144">
     <span class='ocr_line' id='line_1_76' title="bbox 2151 3057 3725 3144; baseline -0.008 -17"><span class='ocrx_word' id='word_1_505' title='bbox 2151 3069 2410 3144; x_wconf 82' lang='grc' dir='ltr'>τοιαύτην</span> <span class='ocrx_word' id='word_1_506' title='bbox 2455 3069 2512 3123; x_wconf 87' lang='grc' dir='ltr'><strong>δέ</strong></span> <span class='ocrx_word' id='word_1_507' title='bbox 2572 3069 2752 3126; x_wconf 86' lang='grc' dir='ltr'>αἰτίαν</span> <span class='ocrx_word' id='word_1_508' title='bbox 2805 3057 3478 3137; x_wconf 80' lang='grc' dir='ltr'>πολυπραγμονήσαντες,</span> <span class='ocrx_word' id='word_1_509' title='bbox 3533 3061 3725 3134; x_wconf 80' lang='grc' dir='ltr'>ἀθρόως</span> 
     </span>
    </p>
   </div>
   <div class='ocr_carea' id='block_1_77' title="bbox 2156 3161 3726 3240">
    <p class='ocr_par' dir='ltr' id='par_1_77' title="bbox 2156 3161 3726 3240">
     <span class='ocr_line' id='line_1_77' title="bbox 2156 3161 3726 3240; baseline -0.006 -17"><span class='ocrx_word' id='word_1_510' title='bbox 2156 3169 2489 3240; x_wconf 80' lang='grc' dir='ltr'>είσέφρησαν</span> <span class='ocrx_word' id='word_1_511' title='bbox 2517 3166 2698 3220; x_wconf 72' lang='grc' dir='ltr'>οἴκαδε</span> <span class='ocrx_word' id='word_1_512' title='bbox 2731 3165 2811 3227; x_wconf 89' lang='grc' dir='ltr'>εἰς</span> <span class='ocrx_word' id='word_1_513' title='bbox 2840 3164 2904 3218; x_wconf 81' lang='grc' dir='ltr'><strong>τὸ</strong></span> <span class='ocrx_word' id='word_1_514' title='bbox 2935 3162 3102 3218; x_wconf 83' lang='grc' dir='ltr'>αὐτοῦ</span> <span class='ocrx_word' id='word_1_515' title='bbox 3134 3162 3410 3231; x_wconf 73' lang='grc' dir='ltr'>ἐφέστιον,</span> <span class='ocrx_word' id='word_1_516' title='bbox 3447 3161 3543 3216; x_wconf 71' lang='grc' dir='ltr'><strong>καὶ</strong></span> <span class='ocrx_word' id='word_1_517' title='bbox 3570 3175 3726 3214; x_wconf 82' lang='grc' dir='ltr'>κατα-</span> 
     </span>
    </p>
   </div>
   <div class='ocr_carea' id='block_1_78' title="bbox 2156 3252 3725 3332">
    <p class='ocr_par' dir='ltr' id='par_1_78' title="bbox 2156 3252 3725 3332">
     <span class='ocr_line' id='line_1_78' title="bbox 2156 3252 3725 3332; baseline -0.007 -16"><span class='ocrx_word' id='word_1_518' title='bbox 2156 3260 2526 3332; x_wconf 79' lang='grc' dir='ltr'>λαμϐάνουσιν</span> <span class='ocrx_word' id='word_1_519' title='bbox 2568 3257 2729 3313; x_wconf 82' lang='grc' dir='ltr'>αὑτὸν</span> <span class='ocrx_word' id='word_1_520' title='bbox 2768 3255 2837 3311; x_wconf 81' lang='grc' dir='ltr'>τὰ</span> <span class='ocrx_word' id='word_1_521' title='bbox 2887 3255 3196 3324; x_wconf 86' lang='grc' dir='ltr'>Εὐαγγέλια</span> <span class='ocrx_word' id='word_1_522' title='bbox 3229 3254 3606 3326; x_wconf 72' lang='grc' dir='ltr'>διερχόμενονο</span> <span class='ocrx_word' id='word_1_523' title='bbox 3638 3252 3725 3322; x_wconf 75' lang='grc' dir='ltr'>τήν</span> 
     </span>
    </p>
   </div>
   <div class='ocr_carea' id='block_1_79' title="bbox 2157 3343 3731 3426">
    <p class='ocr_par' dir='ltr' id='par_1_79' title="bbox 2157 3343 3731 3426">
     <span class='ocr_line' id='line_1_79' title="bbox 2157 3343 3731 3426; baseline -0.01 -18"><span class='ocrx_word' id='word_1_524' title='bbox 2157 3373 2217 3408; x_wconf 88' lang='grc' dir='ltr'><strong>τε</strong></span> <span class='ocrx_word' id='word_1_525' title='bbox 2246 3353 2427 3426; x_wconf 80' lang='grc' dir='ltr'>βίϐλον</span> <span class='ocrx_word' id='word_1_526' title='bbox 2452 3351 2768 3422; x_wconf 77' lang='grc' dir='ltr'>κατέχουσι,</span> <span class='ocrx_word' id='word_1_527' title='bbox 2797 3348 2889 3402; x_wconf 82' lang='grc' dir='ltr'><strong>τὸν</strong></span> <span class='ocrx_word' id='word_1_528' title='bbox 2911 3347 2968 3402; x_wconf 84' lang='grc' dir='ltr'>δὲ</span> <span class='ocrx_word' id='word_1_529' title='bbox 2999 3347 3170 3419; x_wconf 82' lang='grc' dir='ltr'>ἄνδρα</span> <span class='ocrx_word' id='word_1_530' title='bbox 3195 3346 3526 3418; x_wconf 81' lang='grc' dir='ltr'>ἁρπάζουσι,</span> <span class='ocrx_word' id='word_1_531' title='bbox 3558 3343 3731 3413; x_wconf 80' lang='grc' dir='ltr'>σύρον-</span> 
     </span>
    </p>
   </div>
   <div class='ocr_carea' id='block_1_80' title="bbox 2157 3432 3724 3514">
    <p class='ocr_par' dir='ltr' id='par_1_80' title="bbox 2157 3432 3724 3514">
     <span class='ocr_line' id='line_1_80' title="bbox 2157 3432 3724 3514; baseline -0.01 -16"><span class='ocrx_word' id='word_1_532' title='bbox 2157 3463 2250 3509; x_wconf 89' lang='grc' dir='ltr'><strong>τες</strong></span> <span class='ocrx_word' id='word_1_533' title='bbox 2288 3443 2462 3514; x_wconf 72' lang='grc' dir='ltr'>χαμαὶ</span> <span class='ocrx_word' id='word_1_534' title='bbox 2485 3483 2500 3507; x_wconf 91' lang='grc'><strong>,</strong></span> <span class='ocrx_word' id='word_1_535' title='bbox 2536 3441 2629 3495; x_wconf 83' lang='grc' dir='ltr'>καὶ</span> <span class='ocrx_word' id='word_1_536' title='bbox 2665 3439 2917 3510; x_wconf 86' lang='grc' dir='ltr'>βοῶντες,</span> <span class='ocrx_word' id='word_1_537' title='bbox 2956 3439 3050 3492; x_wconf 73' lang='grc' dir='ltr'><strong>καὶ</strong></span> <span class='ocrx_word' id='word_1_538' title='bbox 3076 3437 3259 3500; x_wconf 82' lang='grc' dir='ltr'>αἰκίας</span> <span class='ocrx_word' id='word_1_539' title='bbox 3290 3435 3638 3506; x_wconf 78' lang='grc' dir='ltr'>ἐπιφέροντες</span> <span class='ocrx_word' id='word_1_540' title='bbox 3672 3432 3724 3482; x_wconf 81' lang='grc' dir='ltr'><strong>ού</strong></span> 
     </span>
    </p>
   </div>
   <div class='ocr_carea' id='block_1_81' title="bbox 2157 3521 3725 3605">
    <p class='ocr_par' dir='ltr' id='par_1_81' title="bbox 2157 3521 3725 3605">
     <span class='ocr_line' id='line_1_81' title="bbox 2157 3521 3725 3605; baseline -0.01 -16"><span class='ocrx_word' id='word_1_541' title='bbox 2157 3536 2259 3600; x_wconf 83' lang='grc' dir='ltr'><strong>τὰς</strong></span> <span class='ocrx_word' id='word_1_542' title='bbox 2289 3534 2580 3605; x_wconf 83' lang='grc' dir='ltr'>τυχούσας,</span> <span class='ocrx_word' id='word_1_543' title='bbox 2607 3533 2882 3600; x_wconf 82' lang='grc' dir='ltr'>ἀπάγουσι</span> <span class='ocrx_word' id='word_1_544' title='bbox 2909 3529 3006 3600; x_wconf 84' lang='grc' dir='ltr'><strong>μὲν</strong></span> <span class='ocrx_word' id='word_1_545' title='bbox 3035 3530 3115 3592; x_wconf 85' lang='grc' dir='ltr'>εἰς</span> <span class='ocrx_word' id='word_1_546' title='bbox 3143 3528 3242 3598; x_wconf 81' lang='grc' dir='ltr'>τὴν</span> <span class='ocrx_word' id='word_1_547' title='bbox 3275 3525 3618 3595; x_wconf 80' lang='grc' dir='ltr'>συναγωγὴν,</span> <span class='ocrx_word' id='word_1_548' title='bbox 3642 3521 3725 3575; x_wconf 75' lang='grc' dir='ltr'>καὶ</span> 
     </span>
    </p>
   </div>
   <div class='ocr_carea' id='block_1_82' title="bbox 2164 3605 3726 3700">
    <p class='ocr_par' dir='ltr' id='par_1_82' title="bbox 2164 3605 3726 3700">
     <span class='ocr_line' id='line_1_82' title="bbox 2164 3605 3726 3700; baseline -0.011 -20"><span class='ocrx_word' id='word_1_549' title='bbox 2164 3626 2485 3700; x_wconf 79' lang='grc' dir='ltr'>μαστίζουσι</span> <span class='ocrx_word' id='word_1_550' title='bbox 2514 3622 2738 3687; x_wconf 80' lang='grc' dir='ltr'>τοῦτον,</span> <span class='ocrx_word' id='word_1_551' title='bbox 2783 3621 2876 3674; x_wconf 71' lang='grc' dir='ltr'>καὶ</span> <span class='ocrx_word' id='word_1_552' title='bbox 2914 3620 3055 3674; x_wconf 84' lang='grc' dir='ltr'>κατά</span> <span class='ocrx_word' id='word_1_553' title='bbox 3095 3618 3185 3671; x_wconf 80' lang='grc' dir='ltr'><strong>τὸν</strong></span> <span class='ocrx_word' id='word_1_554' title='bbox 3219 3615 3385 3687; x_wconf 85' lang='grc' dir='ltr'>νόμον</span> <span class='ocrx_word' id='word_1_555' title='bbox 3419 3610 3568 3676; x_wconf 75' lang='grc' dir='ltr'>οὗτος</span> <span class='ocrx_word' id='word_1_556' title='bbox 3595 3605 3726 3677; x_wconf 76' lang='grc' dir='ltr'>αὐτῷ</span> 
     </span>
    </p>
   </div>
   <div class='ocr_carea' id='block_1_83' title="bbox 2162 3700 3724 3789">
    <p class='ocr_par' dir='ltr' id='par_1_83' title="bbox 2162 3700 3724 3789">
     <span class='ocr_line' id='line_1_83' title="bbox 2162 3700 3724 3789; baseline -0.007 -19"><span class='ocrx_word' id='word_1_557' title='bbox 2162 3716 2377 3789; x_wconf 89' lang='grc' dir='ltr'>πρῶτος</span> <span class='ocrx_word' id='word_1_558' title='bbox 2418 3713 2565 3783; x_wconf 87' lang='grc' dir='ltr'>ἀγὼν</span> <span class='ocrx_word' id='word_1_559' title='bbox 2596 3713 2823 3782; x_wconf 86' lang='grc' dir='ltr'>γίνεται.</span> <span class='ocrx_word' id='word_1_560' title='bbox 2880 3709 3116 3778; x_wconf 88' lang='grc' dir='ltr'>Ἐπέστη</span> <span class='ocrx_word' id='word_1_561' title='bbox 3146 3707 3202 3760; x_wconf 82' lang='grc' dir='ltr'>δὲ</span> <span class='ocrx_word' id='word_1_562' title='bbox 3249 3709 3278 3760; x_wconf 82' lang='grc' dir='ltr'>ὁ</span> <span class='ocrx_word' id='word_1_563' title='bbox 3315 3705 3606 3766; x_wconf 83' lang='grc' dir='ltr'>ἐπίσκοπος</span> <span class='ocrx_word' id='word_1_564' title='bbox 3639 3700 3724 3768; x_wconf 83' lang='grc' dir='ltr'><strong>τῆς</strong></span> 
     </span>
    </p>
   </div>
   <div class='ocr_carea' id='block_1_84' title="bbox 2164 3792 3724 3875">
    <p class='ocr_par' dir='ltr' id='par_1_84' title="bbox 2164 3792 3724 3875">
     <span class='ocr_line' id='line_1_84' title="bbox 2164 3792 3724 3875; baseline -0.012 -11"><span class='ocrx_word' id='word_1_565' title='bbox 2164 3810 2392 3874; x_wconf 87' lang='grc' dir='ltr'>πόλεως,</span> <span class='ocrx_word' id='word_1_566' title='bbox 2424 3808 2520 3860; x_wconf 74' lang='grc' dir='ltr'><strong>καὶ</strong></span> <span class='ocrx_word' id='word_1_567' title='bbox 2551 3805 2803 3875; x_wconf 81' lang='grc' dir='ltr'>ἀφείλετο</span> <span class='ocrx_word' id='word_1_568' title='bbox 2843 3802 3027 3859; x_wconf 80' lang='grc' dir='ltr'>αὐτόν.</span> <span class='ocrx_word' id='word_1_569' title='bbox 3057 3800 3278 3854; x_wconf 80' lang='grc' dir='ltr'>Ἀλλοτε</span> <span class='ocrx_word' id='word_1_570' title='bbox 3305 3799 3365 3852; x_wconf 79' lang='grc' dir='ltr'>δὲ</span> <span class='ocrx_word' id='word_1_571' title='bbox 3397 3792 3724 3867; x_wconf 74' lang='grc' dir='ltr'>καταλαμϐά-</span> 
     </span>
    </p>
   </div>
   <div class='ocr_carea' id='block_1_85' title="bbox 2165 3889 3721 3966">
    <p class='ocr_par' dir='ltr' id='par_1_85' title="bbox 2165 3889 3721 3966">
     <span class='ocr_line' id='line_1_85' title="bbox 2165 3889 3721 3966; baseline -0.012 -10"><span class='ocrx_word' id='word_1_572' title='bbox 2165 3918 2346 3956; x_wconf 88' lang='grc' dir='ltr'>νουσιν</span> <span class='ocrx_word' id='word_1_573' title='bbox 2384 3899 2546 3953; x_wconf 82' lang='grc' dir='ltr'>αύτὸν</span> <span class='ocrx_word' id='word_1_574' title='bbox 2576 3901 2634 3952; x_wconf 87' lang='grc' dir='ltr'><strong>ἐν</strong></span> <span class='ocrx_word' id='word_1_575' title='bbox 2663 3895 2941 3966; x_wconf 79' lang='grc' dir='ltr'>ὁδοιπορίᾳ</span> <span class='ocrx_word' id='word_1_576' title='bbox 2969 3893 3096 3957; x_wconf 70' lang='grc' dir='ltr'>τινὶ,</span> <span class='ocrx_word' id='word_1_577' title='bbox 3131 3892 3206 3954; x_wconf 85' lang='grc' dir='ltr'>ὡς</span> <span class='ocrx_word' id='word_1_578' title='bbox 3232 3893 3367 3962; x_wconf 79' lang='grc' dir='ltr'>ἡμῖν</span> <span class='ocrx_word' id='word_1_579' title='bbox 3406 3889 3721 3962; x_wconf 74' lang='grc' dir='ltr'>ὑφηγήσατο,</span> 
     </span>
    </p>
   </div>
   <div class='ocr_carea' id='block_1_86' title="bbox 2165 3975 3722 4063">
    <p class='ocr_par' dir='ltr' id='par_1_86' title="bbox 2165 3975 3722 4063">
     <span class='ocr_line' id='line_1_86' title="bbox 2165 3975 3722 4063; baseline -0.014 -15"><span class='ocrx_word' id='word_1_580' title='bbox 2165 3995 2260 4048; x_wconf 74' lang='grc' dir='ltr'>καὶ</span> <span class='ocrx_word' id='word_1_581' title='bbox 2290 3994 2570 4063; x_wconf 78' lang='grc' dir='ltr'>ῥίπτουσιν</span> <span class='ocrx_word' id='word_1_582' title='bbox 2600 3989 2762 4042; x_wconf 68' lang='grc' dir='ltr'>αὐτὴν</span> <span class='ocrx_word' id='word_1_583' title='bbox 2801 3989 2881 4050; x_wconf 84' lang='grc' dir='ltr'><strong>είς</strong></span> <span class='ocrx_word' id='word_1_584' title='bbox 2924 3985 3129 4039; x_wconf 79' lang='grc' dir='ltr'>Κύδνον</span> <span class='ocrx_word' id='word_1_585' title='bbox 3162 3984 3253 4036; x_wconf 85' lang='grc' dir='ltr'><strong>τὸν</strong></span> <span class='ocrx_word' id='word_1_586' title='bbox 3282 3982 3544 4053; x_wconf 89' lang='grc' dir='ltr'>ποταμόν.</span> <span class='ocrx_word' id='word_1_587' title='bbox 3573 3975 3722 4048; x_wconf 83' lang='grc' dir='ltr'><strong>Τῷδέ</strong></span> 
     </span>
    </p>
   </div>
   <div class='ocr_carea' id='block_1_87' title="bbox 2171 4069 3726 4160">
    <p class='ocr_par' dir='ltr' id='par_1_87' title="bbox 2171 4069 3726 4160">
     <span class='ocr_line' id='line_1_87' title="bbox 2171 4069 3726 4160; baseline -0.011 -20"><span class='ocrx_word' id='word_1_588' title='bbox 2171 4086 2402 4160; x_wconf 78' lang='grc' dir='ltr'>ῥεύματι</span> <span class='ocrx_word' id='word_1_589' title='bbox 2449 4081 2645 4136; x_wconf 79' lang='grc' dir='ltr'>αὐτὸν¹</span> <span class='ocrx_word' id='word_1_590' title='bbox 2690 4079 3010 4151; x_wconf 85' lang='grc' dir='ltr'>ἁρπαγέντα</span> <span class='ocrx_word' id='word_1_591' title='bbox 3057 4077 3367 4139; x_wconf 85' lang='grc' dir='ltr'>ἐτόπασαν,</span> <span class='ocrx_word' id='word_1_592' title='bbox 3412 4075 3486 4145; x_wconf 88' lang='grc' dir='ltr'>μή</span> <span class='ocrx_word' id='word_1_593' title='bbox 3525 4090 3595 4142; x_wconf 84' lang='grc' dir='ltr'><strong>πη</strong></span> <span class='ocrx_word' id='word_1_594' title='bbox 3632 4069 3726 4139; x_wconf 77' lang='grc' dir='ltr'>ἄρα</span> 
     </span>
    </p>
   </div>
   <div class='ocr_carea' id='block_1_88' title="bbox 2168 4162 3724 4245">
    <p class='ocr_par' dir='ltr' id='par_1_88' title="bbox 2168 4162 3724 4245">
     <span class='ocr_line' id='line_1_88' title="bbox 2168 4162 3724 4245; baseline -0.013 -14"><span class='ocrx_word' id='word_1_595' title='bbox 2168 4178 2362 4232; x_wconf 77' lang='grc' dir='ltr'>δλωλεν</span> <span class='ocrx_word' id='word_1_596' title='bbox 2405 4173 2732 4245; x_wconf 84' lang='grc' dir='ltr'>ὑποϐρύχιος</span> <span class='ocrx_word' id='word_1_597' title='bbox 2763 4171 3054 4240; x_wconf 88' lang='grc' dir='ltr'>γενόμενος</span> <span class='ocrx_word' id='word_1_598' title='bbox 3098 4171 3210 4231; x_wconf 87' lang='grc' dir='ltr'>τοῖς</span> <span class='ocrx_word' id='word_1_599' title='bbox 3253 4167 3412 4220; x_wconf 78' lang='grc' dir='ltr'>ὕδασι</span> <span class='ocrx_word' id='word_1_600' title='bbox 3435 4183 3447 4195; x_wconf 95' lang='grc'><strong>·</strong></span> <span class='ocrx_word' id='word_1_601' title='bbox 3479 4165 3568 4218; x_wconf 79' lang='grc' dir='ltr'><strong>καὶ</strong></span> <span class='ocrx_word' id='word_1_602' title='bbox 3599 4162 3724 4230; x_wconf 65' lang='lat' dir='ltr'><strong>Exut-</strong></span> 
     </span>
    </p>
   </div>
   <div class='ocr_carea' id='block_1_89' title="bbox 2172 4250 3723 4341">
    <p class='ocr_par' dir='ltr' id='par_1_89' title="bbox 2172 4250 3723 4341">
     <span class='ocr_line' id='line_1_89' title="bbox 2172 4250 3723 4341; baseline -0.012 -18"><span class='ocrx_word' id='word_1_603' title='bbox 2172 4287 2264 4341; x_wconf 90' lang='grc' dir='ltr'><strong>ρον</strong></span> <span class='ocrx_word' id='word_1_604' title='bbox 2289 4269 2382 4320; x_wconf 75' lang='grc' dir='ltr'>ἐπὶ</span> <span class='ocrx_word' id='word_1_605' title='bbox 2411 4265 2608 4334; x_wconf 79' lang='grc' dir='ltr'>τούτῳ.</span> <span class='ocrx_word' id='word_1_606' title='bbox 2641 4265 2700 4317; x_wconf 89' lang='lat' dir='ltr'><strong>&#39;O</strong></span> <span class='ocrx_word' id='word_1_607' title='bbox 2742 4263 2797 4314; x_wconf 82' lang='grc' dir='ltr'><strong>δέ</strong></span> <span class='ocrx_word' id='word_1_608' title='bbox 2838 4260 3019 4341; x_wconf 81' lang='grc' dir='ltr'>μικρῷ</span> <span class='ocrx_word' id='word_1_609' title='bbox 3061 4259 3286 4330; x_wconf 74' lang='grc' dir='ltr'>ὕστερον</span> <span class='ocrx_word' id='word_1_610' title='bbox 3333 4254 3558 4327; x_wconf 78' lang='grc' dir='ltr'>λουτροῦ</span> <span class='ocrx_word' id='word_1_611' title='bbox 3590 4250 3723 4318; x_wconf 70' lang='grc' dir='ltr'>ἁγίῡυ</span> 
     </span>
    </p>
   </div>
   <div class='ocr_carea' id='block_1_90' title="bbox 2171 4337 3723 4425">
    <p class='ocr_par' dir='ltr' id='par_1_90' title="bbox 2171 4337 3723 4425">
     <span class='ocr_line' id='line_1_90' title="bbox 2171 4337 3723 4425; baseline -0.012 -9"><span class='ocrx_word' id='word_1_612' title='bbox 2171 4337 2553 4424; x_wconf 77' lang='grc' dir='ltr'>καταξιοῦται·</span> <span class='ocrx_word' id='word_1_613' title='bbox 2599 4354 2776 4425; x_wconf 85' lang='grc' dir='ltr'>ἐσώθη</span> <span class='ocrx_word' id='word_1_614' title='bbox 2829 4337 2957 4424; x_wconf 87' lang='grc' dir='ltr'>γάρ.</span> <span class='ocrx_word' id='word_1_615' title='bbox 2993 4354 3201 4404; x_wconf 85' lang='grc' dir='ltr'>Ἀνεισι</span> <span class='ocrx_word' id='word_1_616' title='bbox 3237 4350 3294 4403; x_wconf 81' lang='grc' dir='ltr'><strong>δὲ</strong></span> <span class='ocrx_word' id='word_1_617' title='bbox 3341 4351 3436 4402; x_wconf 72' lang='grc' dir='ltr'><strong>ἐπὶ</strong></span> <span class='ocrx_word' id='word_1_618' title='bbox 3473 4349 3530 4401; x_wconf 74' lang='grc' dir='ltr'>τὸ</span> <span class='ocrx_word' id='word_1_619' title='bbox 3572 4358 3723 4412; x_wconf 84' lang='grc' dir='ltr'>κομη-</span> 
     </span>
    </p>
   </div>
   <div class='ocr_carea' id='block_1_91' title="bbox 493 4436 2051 4530">
    <p class='ocr_par' dir='ltr' id='par_1_91' title="bbox 493 4451 2030 4525">
     <span class='ocr_line' id='line_1_91' title="bbox 493 4451 2030 4525; baseline -0.004 -14"><span class='ocrx_word' id='word_1_620' title='bbox 493 4456 669 4525; x_wconf 86' lang='lat' dir='ltr'><strong>cipem</strong></span> <span class='ocrx_word' id='word_1_621' title='bbox 707 4471 767 4509; x_wconf 90' lang='lat' dir='ltr'><strong>se</strong></span> <span class='ocrx_word' id='word_1_622' title='bbox 799 4453 1016 4508; x_wconf 77' lang='lat' dir='ltr'><strong>Judaeos</strong></span> <span class='ocrx_word' id='word_1_623' title='bbox 1053 4455 1196 4508; x_wconf 89' lang='lat' dir='ltr'><strong>inter</strong></span> <span class='ocrx_word' id='word_1_624' title='bbox 1245 4453 1527 4522; x_wconf 84' lang='lat' dir='ltr'><strong>dignitatis</strong></span> <span class='ocrx_word' id='word_1_625' title='bbox 1561 4453 1740 4506; x_wconf 91' lang='lat' dir='ltr'><strong>locum</strong></span> <span class='ocrx_word' id='word_1_626' title='bbox 1772 4451 2030 4506; x_wconf 88' lang='lat' dir='ltr'><strong>habuisse</strong></span> 
     </span>
    </p>
   </div>
   <div class='ocr_carea' id='block_1_92' title="bbox 2156 4436 3723 4530">
    <p class='ocr_par' dir='ltr' id='par_1_92' title="bbox 2174 4436 3723 4520">
     <span class='ocr_line' id='line_1_92' title="bbox 2174 4436 3723 4520; baseline -0.013 -11"><span class='ocrx_word' id='word_1_627' title='bbox 2174 4457 2353 4517; x_wconf 81' lang='grc' dir='ltr'>τᾶτον,</span> <span class='ocrx_word' id='word_1_628' title='bbox 2392 4452 2486 4506; x_wconf 68' lang='grc' dir='ltr'>καὶ</span> <span class='ocrx_word' id='word_1_629' title='bbox 2529 4449 2737 4520; x_wconf 86' lang='grc' dir='ltr'>βασιλεῖ</span> <span class='ocrx_word' id='word_1_630' title='bbox 2772 4446 3166 4514; x_wconf 83' lang='grc' dir='ltr'>Κωνσταντίνῳ</span> <span class='ocrx_word' id='word_1_631' title='bbox 3197 4442 3487 4511; x_wconf 81' lang='grc' dir='ltr'>φιλιοῦται,</span> <span class='ocrx_word' id='word_1_632' title='bbox 3520 4439 3605 4492; x_wconf 73' lang='grc' dir='ltr'><strong>καὶ</strong></span> <span class='ocrx_word' id='word_1_633' title='bbox 3645 4436 3723 4487; x_wconf 82' lang='grc' dir='ltr'>ἀν·</span> 
     </span>
    </p>
   </div>
   <div class='ocr_carea' id='block_1_93' title="bbox 494 4543 2069 4614">
    <p class='ocr_par' dir='ltr' id='par_1_93' title="bbox 494 4543 2069 4614">
     <span class='ocr_line' id='line_1_93' title="bbox 494 4543 2069 4614; baseline -0.003 -13"><span class='ocrx_word' id='word_1_634' title='bbox 494 4547 589 4601; x_wconf 91' lang='lat' dir='ltr'><strong>sed</strong></span> <span class='ocrx_word' id='word_1_635' title='bbox 618 4547 734 4600; x_wconf 84' lang='lat' dir='ltr'><strong>visa</strong></span> <span class='ocrx_word' id='word_1_636' title='bbox 770 4546 874 4599; x_wconf 87' lang='lat' dir='ltr'><strong>sibi</strong></span> <span class='ocrx_word' id='word_1_637' title='bbox 922 4545 1230 4614; x_wconf 89' lang='lat' dir='ltr'><strong>frequentia</strong></span> <span class='ocrx_word' id='word_1_638' title='bbox 1260 4544 1522 4598; x_wconf 82' lang='lat' dir='ltr'><strong>divinitus</strong></span> <span class='ocrx_word' id='word_1_639' title='bbox 1559 4545 1762 4606; x_wconf 86' lang='lat' dir='ltr'><strong>oblata,</strong></span> <span class='ocrx_word' id='word_1_640' title='bbox 1805 4543 2069 4597; x_wconf 83' lang='lat' dir='ltr'><strong>invitante</strong></span> 
     </span>
    </p>
   </div>
   <div class='ocr_carea' id='block_1_94' title="bbox 494 4633 2073 4704">
    <p class='ocr_par' dir='ltr' id='par_1_94' title="bbox 494 4633 2073 4704">
     <span class='ocr_line' id='line_1_94' title="bbox 494 4633 2073 4704; baseline -0.001 -16"><span class='ocrx_word' id='word_1_641' title='bbox 494 4635 746 4700; x_wconf 87' lang='lat' dir='ltr'><strong>Domino,</strong></span> <span class='ocrx_word' id='word_1_642' title='bbox 779 4644 838 4688; x_wconf 93' lang='lat' dir='ltr'><strong>ut</strong></span> <span class='ocrx_word' id='word_1_643' title='bbox 879 4635 945 4689; x_wconf 88' lang='lat' dir='ltr'><strong>ad</strong></span> <span class='ocrx_word' id='word_1_644' title='bbox 994 4636 1117 4689; x_wconf 81' lang='lat' dir='ltr'><strong>fidei</strong></span> <span class='ocrx_word' id='word_1_645' title='bbox 1156 4635 1595 4704; x_wconf 86' lang='lat' dir='ltr'><strong>cognitionisque</strong></span> <span class='ocrx_word' id='word_1_646' title='bbox 1637 4649 1751 4689; x_wconf 69' lang='lat' dir='ltr'><strong>sure</strong></span> <span class='ocrx_word' id='word_1_647' title='bbox 1790 4633 2073 4689; x_wconf 80' lang='lat' dir='ltr'><strong>sanctissi-</strong></span> 
     </span>
    </p>
   </div>
   <div class='ocr_carea' id='block_1_95' title="bbox 494 4725 2071 4795">
    <p class='ocr_par' dir='ltr' id='par_1_95' title="bbox 494 4725 2071 4795">
     <span class='ocr_line' id='line_1_95' title="bbox 494 4725 2071 4795; baseline -0.001 -14"><span class='ocrx_word' id='word_1_648' title='bbox 494 4744 635 4781; x_wconf 84' lang='lat' dir='ltr'><strong>mam</strong></span> <span class='ocrx_word' id='word_1_649' title='bbox 675 4736 877 4782; x_wconf 88' lang='lat' dir='ltr'><strong>sortem</strong></span> <span class='ocrx_word' id='word_1_650' title='bbox 938 4742 1002 4782; x_wconf 89' lang='lat' dir='ltr'><strong>ac</strong></span> <span class='ocrx_word' id='word_1_651' title='bbox 1041 4728 1267 4782; x_wconf 89' lang='lat' dir='ltr'><strong>salutem</strong></span> <span class='ocrx_word' id='word_1_652' title='bbox 1296 4741 1418 4781; x_wconf 89' lang='lat' dir='ltr'><strong>sese</strong></span> <span class='ocrx_word' id='word_1_653' title='bbox 1450 4725 1793 4781; x_wconf 88' lang='lat' dir='ltr'><strong>transferret.</strong></span> <span class='ocrx_word' id='word_1_654' title='bbox 1828 4727 1895 4779; x_wconf 79' lang='lat' dir='ltr'><strong>At</strong></span> <span class='ocrx_word' id='word_1_655' title='bbox 1926 4727 2071 4795; x_wconf 88' lang='lat' dir='ltr'><strong>opti-</strong></span> 
     </span>
    </p>
   </div>
   <div class='ocr_carea' id='block_1_96' title="bbox 494 4819 2074 4889">
    <p class='ocr_par' dir='ltr' id='par_1_96' title="bbox 494 4819 2074 4889">
     <span class='ocr_line' id='line_1_96' title="bbox 494 4819 2074 4889; baseline 0.001 -17"><span class='ocrx_word' id='word_1_656' title='bbox 494 4836 616 4876; x_wconf 91' lang='lat' dir='ltr'><strong>mus</strong></span> <span class='ocrx_word' id='word_1_657' title='bbox 653 4820 968 4889; x_wconf 85' lang='lat' dir='ltr'><strong>imperator,</strong></span> <span class='ocrx_word' id='word_1_658' title='bbox 998 4819 1310 4888; x_wconf 89' lang='lat' dir='ltr'><strong>Christique</strong></span> <span class='ocrx_word' id='word_1_659' title='bbox 1340 4834 1528 4875; x_wconf 86' lang='lat' dir='ltr'><strong>revera</strong></span> <span class='ocrx_word' id='word_1_660' title='bbox 1565 4834 1779 4885; x_wconf 87' lang='lat' dir='ltr'><strong>servus,</strong></span> <span class='ocrx_word' id='word_1_661' title='bbox 1811 4829 1866 4874; x_wconf 90' lang='lat' dir='ltr'><strong>et</strong></span> <span class='ocrx_word' id='word_1_662' title='bbox 1888 4819 2074 4873; x_wconf 83' lang='lat' dir='ltr'><strong>divino</strong></span> 
     </span>
    </p>
   </div>
   <div class='ocr_carea' id='block_1_97' title="bbox 493 4909 2072 4984">
    <p class='ocr_par' dir='ltr' id='par_1_97' title="bbox 493 4909 2072 4984">
     <span class='ocr_line' id='line_1_97' title="bbox 493 4909 2072 4984; baseline -0.001 -18"><span class='ocrx_word' id='word_1_663' title='bbox 493 4914 731 4984; x_wconf 88' lang='lat' dir='ltr'><strong>quodam</strong></span> <span class='ocrx_word' id='word_1_664' title='bbox 763 4912 904 4965; x_wconf 90' lang='lat' dir='ltr'><strong>inter</strong></span> <span class='ocrx_word' id='word_1_665' title='bbox 944 4913 1220 4982; x_wconf 88' lang='lat' dir='ltr'><strong>principes</strong></span> <span class='ocrx_word' id='word_1_666' title='bbox 1251 4911 1446 4966; x_wconf 85' lang='lat' dir='ltr'><strong>ardore</strong></span> <span class='ocrx_word' id='word_1_667' title='bbox 1469 4922 1592 4982; x_wconf 92' lang='lat' dir='ltr'><strong>post</strong></span> <span class='ocrx_word' id='word_1_668' title='bbox 1622 4910 1903 4975; x_wconf 91' lang='lat' dir='ltr'><strong>Davidem,</strong></span> <span class='ocrx_word' id='word_1_669' title='bbox 1937 4909 2072 4964; x_wconf 86' lang='lat' dir='ltr'><strong>Eze-</strong></span> 
     </span>
    </p>
   </div>
   <div class='ocr_carea' id='block_1_98' title="bbox 493 5003 2074 5075">
    <p class='ocr_par' dir='ltr' id='par_1_98' title="bbox 493 5003 2074 5075">
     <span class='ocr_line' id='line_1_98' title="bbox 493 5003 2074 5075; baseline -0.004 -14"><span class='ocrx_word' id='word_1_670' title='bbox 493 5007 694 5071; x_wconf 89' lang='lat' dir='ltr'><strong>chiam,</strong></span> <span class='ocrx_word' id='word_1_671' title='bbox 732 5013 785 5059; x_wconf 86' lang='lat' dir='ltr'><strong>et</strong></span> <span class='ocrx_word' id='word_1_672' title='bbox 815 5003 1020 5060; x_wconf 86' lang='lat' dir='ltr'><strong>Josiam</strong></span> <span class='ocrx_word' id='word_1_673' title='bbox 1060 5015 1325 5070; x_wconf 73' lang='lat' dir='ltr'><strong>mstuans,</strong></span> <span class='ocrx_word' id='word_1_674' title='bbox 1369 5005 1473 5058; x_wconf 93' lang='lat' dir='ltr'><strong>hoc</strong></span> <span class='ocrx_word' id='word_1_675' title='bbox 1504 5005 1583 5058; x_wconf 92' lang='lat' dir='ltr'><strong>illi</strong></span> <span class='ocrx_word' id='word_1_676' title='bbox 1617 5003 1902 5075; x_wconf 87' lang='lat' dir='ltr'><strong>dignitatis</strong></span> <span class='ocrx_word' id='word_1_677' title='bbox 1933 5018 2074 5074; x_wconf 74' lang='lat' dir='ltr'><strong>pra:-</strong></span> 
     </span>
    </p>
   </div>
   <div class='ocr_carea' id='block_1_99' title="bbox 495 5094 2074 5166">
    <p class='ocr_par' dir='ltr' id='par_1_99' title="bbox 495 5094 2074 5166">
     <span class='ocr_line' id='line_1_99' title="bbox 495 5094 2074 5166; baseline -0.001 -18"><span class='ocrx_word' id='word_1_678' title='bbox 495 5099 688 5162; x_wconf 89' lang='lat' dir='ltr'><strong>mium,</strong></span> <span class='ocrx_word' id='word_1_679' title='bbox 720 5094 866 5166; x_wconf 89' lang='lat' dir='ltr'><strong>quod</strong></span> <span class='ocrx_word' id='word_1_680' title='bbox 916 5095 1078 5164; x_wconf 83' lang='lat' dir='ltr'><strong>paulo</strong></span> <span class='ocrx_word' id='word_1_681' title='bbox 1111 5103 1238 5148; x_wconf 86' lang='lat' dir='ltr'><strong>ante</strong></span> <span class='ocrx_word' id='word_1_682' title='bbox 1273 5094 1584 5158; x_wconf 87' lang='lat' dir='ltr'><strong>retulimus,</strong></span> <span class='ocrx_word' id='word_1_683' title='bbox 1616 5097 1869 5156; x_wconf 89' lang='lat' dir='ltr'><strong>contulit,</strong></span> <span class='ocrx_word' id='word_1_684' title='bbox 1900 5094 2074 5147; x_wconf 89' lang='lat' dir='ltr'><strong>comi-</strong></span> 
     </span>
    </p>
   </div>
   <div class='ocr_carea' id='block_1_100' title="bbox 499 5183 2074 5258">
    <p class='ocr_par' dir='ltr' id='par_1_100' title="bbox 499 5183 2074 5258">
     <span class='ocr_line' id='line_1_100' title="bbox 499 5183 2074 5258; baseline -0.002 -19"><span class='ocrx_word' id='word_1_685' title='bbox 499 5196 716 5258; x_wconf 87' lang='lat' dir='ltr'><strong>temque</strong></span> <span class='ocrx_word' id='word_1_686' title='bbox 774 5187 922 5247; x_wconf 75' lang='lat' dir='ltr'><strong>feeit,</strong></span> <span class='ocrx_word' id='word_1_687' title='bbox 980 5186 1178 5253; x_wconf 72' lang='lat' dir='ltr'><strong>iubens</strong></span> <span class='ocrx_word' id='word_1_688' title='bbox 1237 5186 1460 5254; x_wconf 88' lang='lat' dir='ltr'><strong>insuper</strong></span> <span class='ocrx_word' id='word_1_689' title='bbox 1510 5193 1570 5238; x_wconf 92' lang='lat' dir='ltr'><strong>ut</strong></span> <span class='ocrx_word' id='word_1_690' title='bbox 1615 5183 1881 5254; x_wconf 90' lang='lat' dir='ltr'><strong>quidquid</strong></span> <span class='ocrx_word' id='word_1_691' title='bbox 1913 5184 2074 5238; x_wconf 82' lang='lat' dir='ltr'><strong>vellet</strong></span> 
     </span>
    </p>
   </div>
   <div class='ocr_carea' id='block_1_101' title="bbox 497 5276 2078 5347">
    <p class='ocr_par' dir='ltr' id='par_1_101' title="bbox 497 5276 2078 5347">
     <span class='ocr_line' id='line_1_101' title="bbox 497 5276 2078 5347; baseline 0 -17"><span class='ocrx_word' id='word_1_692' title='bbox 497 5287 726 5346; x_wconf 84' lang='lat' dir='ltr'><strong>optaret.</strong></span> <span class='ocrx_word' id='word_1_693' title='bbox 763 5277 921 5347; x_wconf 78' lang='lat'><strong>136</strong></span> <span class='ocrx_word' id='word_1_694' title='bbox 960 5276 1052 5332; x_wconf 88' lang='lat' dir='ltr'><strong>Ille</strong></span> <span class='ocrx_word' id='word_1_695' title='bbox 1077 5277 1213 5331; x_wconf 88' lang='lat' dir='ltr'><strong>nihil</strong></span> <span class='ocrx_word' id='word_1_696' title='bbox 1241 5277 1388 5331; x_wconf 89' lang='lat' dir='ltr'><strong>aliud</strong></span> <span class='ocrx_word' id='word_1_697' title='bbox 1421 5277 1531 5332; x_wconf 90' lang='lat' dir='ltr'><strong>nisi</strong></span> <span class='ocrx_word' id='word_1_698' title='bbox 1565 5278 1668 5331; x_wconf 93' lang='lat' dir='ltr'><strong>hoc</strong></span> <span class='ocrx_word' id='word_1_699' title='bbox 1699 5291 1868 5330; x_wconf 91' lang='lat' dir='ltr'><strong>unum</strong></span> <span class='ocrx_word' id='word_1_700' title='bbox 1905 5277 2078 5330; x_wconf 81' lang='lat' dir='ltr'><strong>maxi-</strong></span> 
     </span>
    </p>
   </div>
   <div class='ocr_carea' id='block_1_102' title="bbox 573 5434 1157 5505">
    <p class='ocr_par' dir='ltr' id='par_1_102' title="bbox 573 5434 1157 5505">
     <span class='ocr_line' id='line_1_102' title="bbox 573 5434 1157 5505; baseline -0.002 -15"><span class='ocrx_word' id='word_1_701' title='bbox 573 5434 591 5463; x_wconf 88' lang='grc'>¹</span> <span class='ocrx_word' id='word_1_702' title='bbox 613 5451 705 5505; x_wconf 85' lang='grc' dir='ltr'>γρ.</span> <span class='ocrx_word' id='word_1_703' title='bbox 740 5434 1157 5504; x_wconf 74' lang='grc' dir='ltr'>ἀφαρπαγέντα.</span> 
     </span>
    </p>
   </div>
   <div class='ocr_carea' id='block_1_103' title="bbox 574 5539 2072 5620">
    <p class='ocr_par' dir='ltr' id='par_1_103' title="bbox 574 5539 2072 5620">
     <span class='ocr_line' id='line_1_103' title="bbox 574 5539 2072 5620; baseline -0.005 -19"><span class='ocrx_word' id='word_1_704' title='bbox 574 5545 682 5620; x_wconf 57' lang='grc' dir='ltr'><strong>(ἐῦ)</strong></span> <span class='ocrx_word' id='word_1_705' title='bbox 725 5546 922 5620; x_wconf 65' lang='grc' dir='ltr'>Οὕτως</span> <span class='ocrx_word' id='word_1_706' title='bbox 957 5547 1281 5620; x_wconf 42' lang='grc' dir='ltr'>-ὲπιτελεῖν</span> <span class='ocrx_word' id='word_1_707' title='bbox 1347 5544 1852 5613; x_wconf 72' lang='grc' dir='ltr'>προϐαλλόμενος.</span> <span class='ocrx_word' id='word_1_708' title='bbox 1894 5539 2072 5593; x_wconf 73' lang='lat' dir='ltr'><strong>Variis</strong></span> 
     </span>
    </p>
   </div>
   <div class='ocr_carea' id='block_1_104' title="bbox 503 5613 2069 5691">
    <p class='ocr_par' dir='ltr' id='par_1_104' title="bbox 503 5613 2069 5691">
     <span class='ocr_line' id='line_1_104' title="bbox 503 5613 2069 5691; baseline -0.006 -22"><span class='ocrx_word' id='word_1_709' title='bbox 503 5613 680 5669; x_wconf 84' lang='lat' dir='ltr'><strong>modis</strong></span> <span class='ocrx_word' id='word_1_710' title='bbox 711 5613 972 5691; x_wconf 55' lang='lat' dir='ltr'><strong>esplieari</strong></span> <span class='ocrx_word' id='word_1_711' title='bbox 1012 5619 1176 5691; x_wconf 85' lang='lat' dir='ltr'><strong>verba</strong></span> <span class='ocrx_word' id='word_1_712' title='bbox 1211 5619 1312 5669; x_wconf 86' lang='lat' dir='ltr'><strong>ista</strong></span> <span class='ocrx_word' id='word_1_713' title='bbox 1350 5622 1578 5691; x_wconf 68' lang='lat' dir='ltr'><strong>possunt</strong></span> <span class='ocrx_word' id='word_1_714' title='bbox 1610 5619 1765 5691; x_wconf 76' lang='lat' dir='ltr'><strong>:_sive</strong></span> <span class='ocrx_word' id='word_1_715' title='bbox 1797 5626 1862 5666; x_wconf 89' lang='lat' dir='ltr'><strong>eo</strong></span> <span class='ocrx_word' id='word_1_716' title='bbox 1881 5625 2069 5689; x_wconf 79' lang='lat' dir='ltr'><strong>sensu,</strong></span> 
     </span>
    </p>
   </div>
   <div class='ocr_carea' id='block_1_105' title="bbox 543 5680 2067 5751">
    <p class='ocr_par' dir='ltr' id='par_1_105' title="bbox 543 5680 2067 5751">
     <span class='ocr_line' id='line_1_105' title="bbox 543 5680 2067 5751; baseline -0.003 -16"><span class='ocrx_word' id='word_1_717' title='bbox 543 5699 663 5736; x_wconf 80' lang='lat' dir='ltr'><strong>ueni</strong></span> <span class='ocrx_word' id='word_1_718' title='bbox 688 5680 1060 5751; x_wconf 74' lang='lat' dir='ltr'><strong>reddidimus;</strong></span> <span class='ocrx_word' id='word_1_719' title='bbox 1093 5687 1206 5737; x_wconf 79' lang='lat' dir='ltr'><strong>sive</strong></span> <span class='ocrx_word' id='word_1_720' title='bbox 1235 5680 1391 5751; x_wconf 79' lang='lat' dir='ltr'><strong>quem</strong></span> <span class='ocrx_word' id='word_1_721' title='bbox 1423 5685 1722 5738; x_wconf 88' lang='lat' dir='ltr'><strong>Cornarius</strong></span> <span class='ocrx_word' id='word_1_722' title='bbox 1757 5680 2027 5750; x_wconf 79' lang='lat' dir='ltr'><strong>expressit</strong></span> <span class='ocrx_word' id='word_1_723' title='bbox 2055 5696 2067 5730; x_wconf 92' lang='lat'>:</span> 
     </span>
    </p>
   </div>
   <div class='ocr_carea' id='block_1_106' title="bbox 547 5749 1411 5821">
    <p class='ocr_par' dir='ltr' id='par_1_106' title="bbox 547 5749 1411 5821">
     <span class='ocr_line' id='line_1_106' title="bbox 547 5749 1411 5821; baseline 0.002 -17"><span class='ocrx_word' id='word_1_724' title='bbox 547 5755 592 5804; x_wconf 70' lang='grc' dir='ltr'>ὄσ</span> <span class='ocrx_word' id='word_1_725' title='bbox 616 5754 746 5805; x_wconf 73' lang='lat' dir='ltr'><strong>enim</strong></span> <span class='ocrx_word' id='word_1_726' title='bbox 773 5767 832 5806; x_wconf 83' lang='lat' dir='ltr'><strong>se</strong></span> <span class='ocrx_word' id='word_1_727' title='bbox 859 5749 1024 5813; x_wconf 75' lang='lat' dir='ltr'><strong>{arere</strong></span> <span class='ocrx_word' id='word_1_728' title='bbox 1047 5749 1411 5821; x_wconf 70' lang='lat' dir='ltr'><strong>pra&#39;tcndebat.</strong></span> 
     </span>
    </p>
   </div>
   <div class='ocr_carea' id='block_1_107' title="bbox 2176 4522 3722 4611">
    <p class='ocr_par' dir='ltr' id='par_1_107' title="bbox 2176 4522 3722 4611">
     <span class='ocr_line' id='line_1_107' title="bbox 2176 4522 3722 4611; baseline -0.014 -13"><span class='ocrx_word' id='word_1_729' title='bbox 2176 4546 2326 4598; x_wconf 88' lang='grc' dir='ltr'>έθετο</span> <span class='ocrx_word' id='word_1_730' title='bbox 2360 4540 2509 4611; x_wconf 75' lang='grc' dir='ltr'>αὐτῷ</span> <span class='ocrx_word' id='word_1_731' title='bbox 2532 4540 2602 4593; x_wconf 80' lang='grc' dir='ltr'><strong>τά</strong></span> <span class='ocrx_word' id='word_1_732' title='bbox 2635 4539 2754 4592; x_wconf 80' lang='grc' dir='ltr'>καθ’</span> <span class='ocrx_word' id='word_1_733' title='bbox 2789 4537 2982 4590; x_wconf 79' lang='grc' dir='ltr'>ἑαυτὸν</span> <span class='ocrx_word' id='word_1_734' title='bbox 3007 4536 3243 4595; x_wconf 82' lang='grc' dir='ltr'>ᾶπαντα,</span> <span class='ocrx_word' id='word_1_735' title='bbox 3285 4533 3362 4596; x_wconf 85' lang='grc' dir='ltr'>ὡς</span> <span class='ocrx_word' id='word_1_736' title='bbox 3388 4528 3456 4602; x_wconf 69' lang='grc' dir='ltr'>ἦν</span> <span class='ocrx_word' id='word_1_737' title='bbox 3496 4529 3596 4582; x_wconf 88' lang='grc' dir='ltr'><strong>τῶν</strong></span> <span class='ocrx_word' id='word_1_738' title='bbox 3623 4522 3722 4578; x_wconf 76' lang='grc' dir='ltr'>κατ’</span> 
     </span>
    </p>
   </div>
   <div class='ocr_carea' id='block_1_108' title="bbox 2187 4615 3722 4702">
    <p class='ocr_par' dir='ltr' id='par_1_108' title="bbox 2187 4615 3722 4702">
     <span class='ocr_line' id='line_1_108' title="bbox 2187 4615 3722 4702; baseline -0.012 -13"><span class='ocrx_word' id='word_1_739' title='bbox 2187 4634 2470 4696; x_wconf 66' lang='grc' dir='ltr'>Ἰουδαίου-ς</span> <span class='ocrx_word' id='word_1_740' title='bbox 2515 4631 2854 4702; x_wconf 79' lang='grc' dir='ltr'>ἐξοχωτάτης</span> <span class='ocrx_word' id='word_1_741' title='bbox 2906 4627 3062 4692; x_wconf 80' lang='grc' dir='ltr'>ἀξίας</span> <span class='ocrx_word' id='word_1_742' title='bbox 3088 4666 3103 4686; x_wconf 88' lang='grc'><strong>,</strong></span> <span class='ocrx_word' id='word_1_743' title='bbox 3153 4627 3248 4680; x_wconf 83' lang='grc' dir='ltr'><strong>καὶ</strong></span> <span class='ocrx_word' id='word_1_744' title='bbox 3294 4626 3371 4687; x_wconf 84' lang='grc' dir='ltr'>ὡς</span> <span class='ocrx_word' id='word_1_745' title='bbox 3419 4625 3475 4676; x_wconf 85' lang='grc' dir='ltr'>αἱ</span> <span class='ocrx_word' id='word_1_746' title='bbox 3509 4615 3722 4674; x_wconf 77' lang='grc' dir='ltr'>θεοπτίαι</span> 
     </span>
    </p>
   </div>
   <div class='ocr_carea' id='block_1_109' title="bbox 2175 4704 3726 4797">
    <p class='ocr_par' dir='ltr' id='par_1_109' title="bbox 2175 4704 3726 4797">
     <span class='ocr_line' id='line_1_109' title="bbox 2175 4704 3726 4797; baseline -0.013 -16"><span class='ocrx_word' id='word_1_747' title='bbox 2175 4726 2323 4797; x_wconf 79' lang='grc' dir='ltr'>αὐτῷ</span> <span class='ocrx_word' id='word_1_748' title='bbox 2358 4725 2533 4794; x_wconf 79' lang='grc' dir='ltr'>πάντη</span> <span class='ocrx_word' id='word_1_749' title='bbox 2563 4725 2864 4792; x_wconf 76' lang='grc' dir='ltr'>ἐφαίνοντο,</span> <span class='ocrx_word' id='word_1_750' title='bbox 2905 4718 3112 4790; x_wconf 81' lang='grc' dir='ltr'>Κυρίου</span> <span class='ocrx_word' id='word_1_751' title='bbox 3157 4717 3320 4769; x_wconf 76' lang='grc' dir='ltr'>αὐτὸν</span> <span class='ocrx_word' id='word_1_752' title='bbox 3349 4704 3726 4786; x_wconf 80' lang='grc' dir='ltr'>προσκαλουμέ-</span> 
     </span>
    </p>
   </div>
   <div class='ocr_carea' id='block_1_110' title="bbox 2179 4792 3725 4887">
    <p class='ocr_par' dir='ltr' id='par_1_110' title="bbox 2179 4792 3725 4887">
     <span class='ocr_line' id='line_1_110' title="bbox 2179 4792 3725 4887; baseline -0.016 -15"><span class='ocrx_word' id='word_1_753' title='bbox 2179 4835 2268 4872; x_wconf 85' lang='grc' dir='ltr'><strong>νου</strong></span> <span class='ocrx_word' id='word_1_754' title='bbox 2295 4820 2373 4881; x_wconf 82' lang='grc' dir='ltr'>εἰς</span> <span class='ocrx_word' id='word_1_755' title='bbox 2401 4816 2500 4887; x_wconf 77' lang='grc' dir='ltr'><strong>τὴν</strong></span> <span class='ocrx_word' id='word_1_756' title='bbox 2529 4815 2689 4882; x_wconf 86' lang='grc' dir='ltr'>ἁγίαν</span> <span class='ocrx_word' id='word_1_757' title='bbox 2720 4811 2910 4881; x_wconf 78' lang='grc' dir='ltr'>κλῆσιν</span> <span class='ocrx_word' id='word_1_758' title='bbox 2937 4810 3032 4861; x_wconf 75' lang='grc' dir='ltr'>καὶ</span> <span class='ocrx_word' id='word_1_759' title='bbox 3072 4806 3347 4874; x_wconf 83' lang='grc' dir='ltr'>σωτηρίαν</span> <span class='ocrx_word' id='word_1_760' title='bbox 3381 4805 3477 4872; x_wconf 82' lang='grc' dir='ltr'><strong>τῆς</strong></span> <span class='ocrx_word' id='word_1_761' title='bbox 3507 4798 3616 4853; x_wconf 76' lang='grc' dir='ltr'>κατ’</span> <span class='ocrx_word' id='word_1_762' title='bbox 3645 4792 3725 4846; x_wconf 84' lang='grc' dir='ltr'>αὑ·</span> 
     </span>
    </p>
   </div>
   <div class='ocr_carea' id='block_1_111' title="bbox 2176 4885 3719 4970">
    <p class='ocr_par' dir='ltr' id='par_1_111' title="bbox 2176 4885 3719 4970">
     <span class='ocr_line' id='line_1_111' title="bbox 2176 4885 3719 4970; baseline -0.014 -7"><span class='ocrx_word' id='word_1_763' title='bbox 2176 4910 2266 4963; x_wconf 83' lang='grc' dir='ltr'><strong>τὸν</strong></span> <span class='ocrx_word' id='word_1_764' title='bbox 2301 4905 2535 4968; x_wconf 86' lang='grc' dir='ltr'>πίστεώς</span> <span class='ocrx_word' id='word_1_765' title='bbox 2563 4922 2623 4956; x_wconf 89' lang='grc' dir='ltr'><strong>τε</strong></span> <span class='ocrx_word' id='word_1_766' title='bbox 2651 4905 2744 4956; x_wconf 75' lang='grc' dir='ltr'><strong>καὶ</strong></span> <span class='ocrx_word' id='word_1_767' title='bbox 2771 4899 3046 4970; x_wconf 86' lang='grc' dir='ltr'>γνώσεως.</span> <span class='ocrx_word' id='word_1_768' title='bbox 3084 4898 3142 4949; x_wconf 76' lang='grc'><strong>’0</strong></span> <span class='ocrx_word' id='word_1_769' title='bbox 3168 4896 3224 4948; x_wconf 82' lang='grc' dir='ltr'>δὲ</span> <span class='ocrx_word' id='word_1_770' title='bbox 3251 4895 3452 4962; x_wconf 82' lang='grc' dir='ltr'>ἀγαθὸς</span> <span class='ocrx_word' id='word_1_771' title='bbox 3480 4885 3719 4962; x_wconf 74' lang='grc' dir='ltr'>βασιλεὺς.</span> 
     </span>
    </p>
   </div>
   <div class='ocr_carea' id='block_1_112' title="bbox 2174 4973 3723 5067">
    <p class='ocr_par' dir='ltr' id='par_1_112' title="bbox 2174 4973 3723 5067">
     <span class='ocr_line' id='line_1_112' title="bbox 2174 4973 3723 5067; baseline -0.015 -13"><span class='ocrx_word' id='word_1_772' title='bbox 2174 5001 2358 5062; x_wconf 78' lang='grc' dir='ltr'>δοῦλος</span> <span class='ocrx_word' id='word_1_773' title='bbox 2402 4997 2476 5050; x_wconf 86' lang='grc' dir='ltr'><strong>ῶν</strong></span> <span class='ocrx_word' id='word_1_774' title='bbox 2517 4995 2754 5067; x_wconf 83' lang='grc' dir='ltr'>Χριστοῦ</span> <span class='ocrx_word' id='word_1_775' title='bbox 2805 4995 2862 5046; x_wconf 86' lang='grc' dir='ltr'><strong>ἐν</strong></span> <span class='ocrx_word' id='word_1_776' title='bbox 2904 4982 3161 5060; x_wconf 74' lang='grc' dir='ltr'>ἀληθείᾳ,</span> <span class='ocrx_word' id='word_1_777' title='bbox 3189 4989 3284 5041; x_wconf 63' lang='grc' dir='ltr'><strong>καὶ⁹</strong></span> <span class='ocrx_word' id='word_1_778' title='bbox 3325 4988 3415 5040; x_wconf 81' lang='grc' dir='ltr'><strong>τὸν</strong></span> <span class='ocrx_word' id='word_1_779' title='bbox 3451 4981 3585 5037; x_wconf 83' lang='grc' dir='ltr'><strong>κατά</strong></span> <span class='ocrx_word' id='word_1_780' title='bbox 3613 4973 3723 5029; x_wconf 69' lang='grc' dir='ltr'>Θεὸν</span> 
     </span>
    </p>
   </div>
   <div class='ocr_carea' id='block_1_113' title="bbox 2179 5061 3724 5163">
    <p class='ocr_par' dir='ltr' id='par_1_113' title="bbox 2179 5061 3724 5163">
     <span class='ocr_line' id='line_1_113' title="bbox 2179 5061 3724 5163; baseline -0.016 -19"><span class='ocrx_word' id='word_1_781' title='bbox 2179 5093 2337 5163; x_wconf 79' lang='grc' dir='ltr'>ζῆλον</span> <span class='ocrx_word' id='word_1_782' title='bbox 2388 5092 2445 5144; x_wconf 81' lang='grc' dir='ltr'><strong>ὲν</strong></span> <span class='ocrx_word' id='word_1_783' title='bbox 2497 5061 2773 5160; x_wconf 77' lang='grc' dir='ltr'>βασιλεῦσι</span> <span class='ocrx_word' id='word_1_784' title='bbox 2823 5083 2964 5155; x_wconf 86' lang='grc' dir='ltr'><strong>μετά</strong></span> <span class='ocrx_word' id='word_1_785' title='bbox 3009 5080 3173 5134; x_wconf 77' lang='grc' dir='ltr'>Δαϐὶδ</span> <span class='ocrx_word' id='word_1_786' title='bbox 3222 5080 3316 5131; x_wconf 79' lang='grc' dir='ltr'>καὶ</span> <span class='ocrx_word' id='word_1_787' title='bbox 3366 5071 3598 5140; x_wconf 78' lang='grc' dir='ltr'>Ἐζεκίαν</span> <span class='ocrx_word' id='word_1_788' title='bbox 3642 5061 3724 5163; x_wconf 38' lang='lat' dir='ltr'><strong>fili</strong></span> 
     </span>
    </p>
   </div>
   <div class='ocr_carea' id='block_1_114' title="bbox 2191 5154 3723 5249">
    <p class='ocr_par' dir='ltr' id='par_1_114' title="bbox 2191 5154 3723 5249">
     <span class='ocr_line' id='line_1_114' title="bbox 2191 5154 3723 5249; baseline -0.012 -12"><span class='ocrx_word' id='word_1_789' title='bbox 2191 5183 2401 5237; x_wconf 84' lang='grc' dir='ltr'>Ἰωσίαν</span> <span class='ocrx_word' id='word_1_790' title='bbox 2446 5171 2781 5249; x_wconf 74' lang='grc' dir='ltr'>κεκτημένος</span> <span class='ocrx_word' id='word_1_791' title='bbox 2832 5176 3000 5246; x_wconf 87' lang='grc' dir='ltr'>γέρας</span> <span class='ocrx_word' id='word_1_792' title='bbox 3051 5172 3198 5242; x_wconf 81' lang='grc' dir='ltr'>αὐτῷ</span> <span class='ocrx_word' id='word_1_793' title='bbox 3243 5170 3484 5231; x_wconf 89' lang='grc' dir='ltr'>δίδωσιν,</span> <span class='ocrx_word' id='word_1_794' title='bbox 3531 5163 3599 5224; x_wconf 80' lang='grc' dir='ltr'>ὡς</span> <span class='ocrx_word' id='word_1_795' title='bbox 3638 5154 3723 5224; x_wconf 77' lang='grc' dir='ltr'><strong>ἤδη</strong></span> 
     </span>
    </p>
   </div>
   <div class='ocr_carea' id='block_1_115' title="bbox 2180 5254 3722 5346">
    <p class='ocr_par' dir='ltr' id='par_1_115' title="bbox 2180 5254 3722 5346">
     <span class='ocr_line' id='line_1_115' title="bbox 2180 5254 3722 5346; baseline -0.015 -18"><span class='ocrx_word' id='word_1_796' title='bbox 2180 5277 2462 5346; x_wconf 84' lang='grc' dir='ltr'>προεῖπον,</span> <span class='ocrx_word' id='word_1_797' title='bbox 2491 5271 2803 5342; x_wconf 80' lang='grc' dir='ltr'>ἀξιώματος</span> <span class='ocrx_word' id='word_1_798' title='bbox 2845 5271 2902 5322; x_wconf 88' lang='grc' dir='ltr'><strong>ἐν</strong></span> <span class='ocrx_word' id='word_1_799' title='bbox 2930 5270 2996 5338; x_wconf 81' lang='grc' dir='ltr'>τῇ</span> <span class='ocrx_word' id='word_1_800' title='bbox 3029 5265 3193 5318; x_wconf 79' lang='grc' dir='ltr'>αὐτοῦ</span> <span class='ocrx_word' id='word_1_801' title='bbox 3229 5261 3488 5334; x_wconf 78' lang='grc' dir='ltr'>βασιλεία.</span> <span class='ocrx_word' id='word_1_802' title='bbox 3523 5254 3722 5322; x_wconf 78' lang='grc' dir='ltr'>Κὸμητα</span> 
     </span>
    </p>
   </div>
   <div class='ocr_carea' id='block_1_116' title="bbox 2253 5522 3720 5610">
    <p class='ocr_par' dir='ltr' id='par_1_116' title="bbox 2253 5522 3720 5610">
     <span class='ocr_line' id='line_1_116' title="bbox 2253 5522 3720 5610; baseline -0.009 -16"><span class='ocrx_word' id='word_1_803' title='bbox 2253 5541 2364 5610; x_wconf 73' lang='lat'><strong>(9.6)</strong></span> <span class='ocrx_word' id='word_1_804' title='bbox 2406 5541 2516 5594; x_wconf 76' lang='grc' dir='ltr'>Καὶ</span> <span class='ocrx_word' id='word_1_805' title='bbox 2551 5541 2852 5602; x_wconf 74' lang='grc' dir='ltr'>Ἀζανιτῶν</span> <span class='ocrx_word' id='word_1_806' title='bbox 2889 5539 3008 5594; x_wconf 80' lang='grc' dir='ltr'>τῶν</span> <span class='ocrx_word' id='word_1_807' title='bbox 3049 5539 3182 5607; x_wconf 81' lang='grc' dir='ltr'>παρ’</span> <span class='ocrx_word' id='word_1_808' title='bbox 3217 5535 3436 5610; x_wconf 62' lang='grc' dir='ltr'>αὐτοῖς.</span> <span class='ocrx_word' id='word_1_809' title='bbox 3474 5522 3720 5610; x_wconf 51' lang='grc' dir='ltr'><strong>Ιυόωξτῇτ]</strong></span> 
     </span>
    </p>
   </div>
   <div class='ocr_carea' id='block_1_117' title="bbox 2180 5589 3718 5682">
    <p class='ocr_par' dir='ltr' id='par_1_117' title="bbox 2180 5589 3718 5682">
     <span class='ocr_line' id='line_1_117' title="bbox 2180 5589 3718 5682; baseline -0.007 -17"><span class='ocrx_word' id='word_1_810' title='bbox 2180 5589 2377 5682; x_wconf 52' lang='lat' dir='ltr'><strong>yoeanlt</strong></span> <span class='ocrx_word' id='word_1_811' title='bbox 2424 5589 2712 5682; x_wconf 66' lang='lat' dir='ltr'><strong>synagdgaa</strong></span> <span class='ocrx_word' id='word_1_812' title='bbox 2773 5589 3558 5676; x_wconf 31' lang='lat' dir='ltr'><strong>ministrumfvel&#39;mdituum.</strong></span> <span class='ocrx_word' id='word_1_813' title='bbox 3603 5589 3718 5646; x_wconf 66' lang='lat' dir='ltr'><strong>VWB</strong></span> 
     </span>
    </p>
   </div>
   <div class='ocr_carea' id='block_1_118' title="bbox 2180 5678 2677 5736">
    <p class='ocr_par' dir='ltr' id='par_1_118' title="bbox 2180 5678 2677 5736">
     <span class='ocr_line' id='line_1_118' title="bbox 2180 5678 2677 5736; baseline 0.012 -6"><span class='ocrx_word' id='word_1_814' title='bbox 2180 5678 2350 5735; x_wconf 80' lang='lat' dir='ltr'><strong>Ellam</strong></span> <span class='ocrx_word' id='word_1_815' title='bbox 2385 5683 2439 5736; x_wconf 91' lang='lat' dir='ltr'><strong>in</strong></span> <span class='ocrx_word' id='word_1_816' title='bbox 2455 5678 2677 5736; x_wconf 53' lang='lat' dir='ltr'><strong>&#39;Thisbi.</strong></span> 
     </span>
    </p>
   </div>
  </div>
