3982 6438
316 376 422 434 (25

948 377 1320 438 anveasus
1360 377 1703 439 massas
1740 379 1865 438 un.
1908 379 1953 439 ι.
1991 379 2150 439 ron.
2195 380 2256 439 ll.
2297 413 2366 425 -.
2406 332 2677 440 amnes.
2720 380 2887 438 xxx.

3480 383 3583 439 426

316 494 429 565 γὰρ
461 493 622 548 αὐτὸν
653 496 955 568 κατέστησε
984 496 1121 567 (27),
1150 496 1328 566 φήσας
1358 496 1507 567 αὐτῷ
1540 499 1710 551 αίτεῖν
1741 499 1902 553 πάλιν

2015 499 2077 552 mi
2116 499 2365 556 beneficii
2408 498 2528 554 loco
2560 498 2885 570 postulavit,
2922 495 3029 554 sibi
3067 502 3127 551 ut
3174 494 3230 551 iu
3268 494 3583 553 Iudaeorum

315 586 344 639 ὃ
374 584 645 654 βούλεται.
676 586 734 641 '0
753 586 812 641 δὲ
838 586 991 641 οὐδὲν
1016 589 1257 658 ¹ᾐτήσατο
1288 587 1426 658 πλὴν
1461 588 1618 641 τοῦτο
1649 589 1903 659 μέγιστον

315 674 565 746 χάρισμα
594 676 778 747 τυχεῖν
802 679 953 748 παρὰ
979 676 1074 730 τοῦ
1104 676 1391 747 βασιλέως,
1416 675 1478 729 τὸ
1510 678 1900 748 ἐπιτραπῆναι,

316 767 415 819 καὶ
435 766 525 820 διὰ
546 766 967 837 προστάγματος
998 764 1278 836 βασιλικοῦ
1310 766 1661 836 οἰκοδομῆσαι
1684 766 1904 837 Χριστῷ

315 856 616 926 ἐκκλησίας
651 857 709 908 ὲν
729 858 848 918 ταῖς
874 854 1062 909 πόλεσι
1101 854 1194 908 καὶ
1223 854 1437 925 κώμαις
1464 855 1572 911 τῶν
1613 856 1900 911 Ἰουδαίων.

321 947 493 1001 Ἔνθα
524 965 609 1011 τις
635 947 891 1000 οὐδέποτε
940 947 1159 1016 ἴσχυσεν
1191 946 1542 1016 οἰκοδομῆσαι
1573 946 1865 1015 ἐκκλησίας
1885 989 1899 1009 ,

316 1039 408 1092 διὰ
436 1039 498 1091 τὸ
519 1040 659 1109 μήτε
674 1038 910 1107 Ἕλληνα
934 1040 1070 1109 μήτε
1099 1038 1445 1109 Σαμαρείτην
1479 1040 1617 1109 μήτε
1641 1040 1683 1090 Χ
1693 1055 1903 1109 ριστια-

316 1132 407 1186 νὸν
442 1131 606 1203 μέσον
646 1130 824 1185 αὐτῶν
855 1125 1012 1185 εἶναι.
1059 1129 1230 1183 Τοῦτο
1277 1130 1334 1184 δὲ
1376 1130 1610 1200 μάλιστα
1649 1132 1707 1182 ὲν
1741 1130 1901 1183 Τιϐε-

318 1223 492 1293 ριάδι,
541 1223 636 1275 καὶ
684 1224 741 1274 ἐν
784 1220 1196 1293 Διοκαισαρείᾳ,
1229 1223 1293 1290 τῇ
1330 1221 1423 1274 καὶ
1451 1221 1778 1289 Σεπφὸυρὶν,
1808 1222 1903 1274 καὶ

314 1313 372 1364 ἐν
410 1311 669 1383 Ναζαρὲτ
690 1353 703 1373 ,
735 1312 831 1364 καὶ
862 1314 919 1364 ὲν
951 1311 1363 1381 Καφαρναοὺμ,
1403 1309 1734 1380 φυλάσσεται
1772 1312 1900 1382 παρ’

314 1399 501 1461 αὐτοῖς
528 1398 622 1450 τοῦ
658 1398 732 1468 μὴ
755 1394 894 1451 εἷναί
926 1417 1046 1453 τινα
1080 1399 1238 1452 ἄλλου
1267 1400 1471 1463 ἔθνους.

386 1491 491 1542 lB'.
529 1488 726 1543 Λαϐὼν
758 1490 813 1543 δὲ
843 1492 871 1543 ὁ
914 1490 1176 1559 Ἰώσηπος
1205 1491 1272 1543 τὰ
1315 1492 1620 1562 γράμματα
1670 1493 1764 1547 καὶ
1804 1493 1900 1562 τὴν

314 1580 568 1645 ἐξουσίαν
615 1581 748 1651 μετὰ
804 1580 898 1634 τοῦ
945 1580 1256 1652 ἀξιώματος
1315 1583 1406 1636 ἐπὶ
1463 1584 1559 1653 τὴν
1608 1583 1899 1654 Τιϐεριάδα

310 1666 472 1744 ἧκεν,
500 1673 640 1744 ἔχων
674 1674 767 1727 καὶ
794 1674 1084 1738 ἐηπιστολὰς
1111 1673 1219 1728 ἀπὸ
1246 1674 1354 1730 τῶν
1393 1674 1688 1745 βασιλικῶν
1717 1676 1901 1729 ἀναλί-

314 1781 493 1829 σκειν,
521 1764 658 1819 ἀλλὰ
703 1766 795 1817 καὶ
840 1764 1002 1828 αὐτὸς
1029 1765 1280 1834 ὀψωνίοις
1328 1767 1479 1838 παρὰ
1510 1767 1604 1820 τοῦ
1638 1768 1899 1838 βασιλέως

2013 587 2167 657 pagis
2198 589 2456 644 omnibus
2477 598 2531 643 et
2560 588 2778 659 oppidis
2802 585 3259 644 exstruendarum
3291 587 3347 641 in
3379 587 3586 643 Christi

2010 678 2276 733 honorem
2318 679 2677 734 ecclesiarum
2727 687 2974 750 potestas
3015 678 3367 749 imperatoris
3404 678 3588 735 edicto

2012 770 2184 825 ﬁeret.
2214 770 2427 837 Quibus
2457 772 2512 826 in
2542 772 2681 828 locis
2714 787 2877 827 nemo
2899 787 3142 842 unquam
3167 772 3432 829 ecclesias
3456 772 3588 827 ardi-

2011 862 2176 916 ﬁcare
2207 869 2499 932 potuerat;
2538 862 2684 933 quod
2717 862 2901 919 nullus
2939 863 3084 918 inter
3112 878 3208 920 eos
3249 880 3426 935 neque
3455 879 3587 935 gen-

2009 952 2144 1018 tilis,
2176 968 2353 1023 neque
2385 953 2788 1021 Samaritanus,
2825 971 3004 1027 neque
3041 956 3395 1012 Christianus
3426 957 3585 1013 habi-

2009 1054 2166 1101 taret.
2194 1044 2612 1115 Praescrtimque
2639 1045 2950 1113 Tiberiade,
2972 1047 3349 1115 Diocaasareae,
3382 1064 3503 1118 quae
3529 1057 3586 1105 ct

2019 1137 2309 1207 Sepliurim
2346 1137 2570 1203 dicitur,
2606 1137 2882 1205 Nazareti,
2916 1141 3341 1210 Capharnat'imi,
3378 1142 3469 1197 ubi
3500 1141 3586 1196 di-

2008 1229 2238 1300 ligenter
2270 1229 2372 1285 hoc
2399 1230 2718 1297 observant,
2749 1246 2912 1288 nemo
2943 1242 3003 1287 ut
3033 1234 3209 1304 gentis
3235 1233 3459 1290 alterius
3486 1233 3587 1289 do-

2007 1320 2271 1374 micilium
2299 1321 2411 1375 illic
2438 1320 2654 1376 habeat.

2078 1490 2193 1544 XII.
2227 1491 2295 1544 At
2329 1490 2605 1561 Josephus
2635 1493 2877 1562 acceptis
2922 1506 3047 1548 cum
3090 1507 3154 1549 ea
3201 1500 3470 1563 potestate
3520 1509 3585 1550 ac

2007 1584 2275 1652 dignitate
2314 1585 2517 1641 litteris
2569 1583 2908 1642 Tiberiadem
2966 1588 3223 1656 perrexit,
3275 1603 3495 1657 unaque
3532 1594 3588 1641 ct

2004 1673 2305 1743 diplomata
2339 1690 2528 1730 secum
2562 1676 2763 1743 attulit,
2814 1677 3019 1747 quibus
3067 1677 3345 1747 impensas
3389 1694 3420 1733 e
3453 1678 3590 1733 ﬁsco

2006 1772 2245 1833 caperet,
2282 1781 2406 1820 cum
2441 1767 2694 1836 privatim
2728 1767 2847 1837 ipse
2880 1766 3153 1837 stipendia
3181 1784 3245 1823 ex
3269 1769 3460 1824 eodem
3493 1784 3587 1824 ac-

237 1907 249 1919 ,
311 1860 698 1929 τετιμημένος.
764 1861 1024 1931 Ἀρχεται
1066 1860 1195 1929 γοῦν
1242 1862 1299 1914 ἐν
1347 1862 1388 1913 Τ
1394 1862 1620 1932 ι6εριάδι
1674 1864 1898 1927 κτίζειν.

2015 1856 2230 1925 ciperet.
2264 1853 2435 1925 Igitur
2459 1856 2752 1913 Tiberiadc
2777 1857 3065 1913 ecclesiam
3090 1858 3363 1914 aadiﬁcarc
3389 1859 3580 1929 cmpit.

315 1950 467 2014 Ναὸς
508 1950 571 2004 δὲ
618 1951 873 2020 μέγιστος
922 1952 980 2003 ὲν
1026 1952 1092 2021 τῇ
1140 1950 1292 2004 πόλει
1334 1953 1684 2023 προϋπῆρχε·
1723 1954 1900 2024 τάχα,

310 2035 495 2109 οἶμαι,
534 2038 859 2110 Ἀδριάνειον
910 2038 1069 2091 τοῦτο
1112 2038 1359 2092 ἐκάλουν.
1416 2040 1626 2103 Ἀτελὲς
1660 2041 1717 2094 δὲ
1743 2042 1904 2095 τοῦτο

312 2132 376 2183 τὸ
412 2129 739 2200 Ἀδριάνειον
764 2130 1013 2202 διαμένον
1033 2129 1174 2201 τάχα
1206 2131 1255 2184 oi
1293 2130 1503 2183 πολῖται
1541 2132 1621 2193 εἰς
1644 2131 1904 2203 δημόσιον

311 2222 542 2291 λουτρὸν
582 2221 879 2291 ἐπειρῶντο
906 2221 1287 2275 ἐπισκευάσαι.
1326 2223 1503 2293 Ὅπερ
1533 2220 1707 2293 εὑρὼν
1738 2224 1766 2275 ὁ
1795 2221 1905 2275 ἰώ-

315 2326 495 2381 ο-ηπος
536 2313 599 2364 ὲκ
641 2310 831 2364 τούτου
875 2311 973 2383 τὴν
1049 2312 1323 2383 πρόφασιν
1369 2310 1514 2381 ἔσχε.
1552 2313 1660 2365 Καὶ
1692 2312 1766 2376 ὡς
1802 2313 1903 2383 ἤδη

314 2398 448 2473 εὗρε
477 2403 566 2457 διὰ
600 2406 956 2474 τετραπήχων
985 2402 1148 2457 λίθων
1180 2404 1549 2475 τετραπέδων.
1595 2404 1704 2468 ἕως
1738 2404 1903 2474 ὕψους

312 2494 467 2559 τινὸς
493 2495 950 2564 ἀνεγηγερμένον,
970 2494 1219 2548 ἐντεῦθεν
1248 2496 1475 2566 ἄρχεται
1500 2497 1774 2550 ποιεῖσθαι
1804 2496 1905 2567 τῆς

316 2586 619 2656 ἐκκλησίας
643 2587 740 2656 τὴν
769 2586 1103 2656 ἐπιμέλειαν.
1140 2586 1430 2640 Ἀσϐἐστου
1459 2588 1513 2641 δὲ
1535 2584 1602 2659 ἦν
1627 2587 1784 2659 χρεία
1809 2588 1906 2643 καὶ

316 2677 420 2745 τῆς
448 2676 613 2747 ἄλλης
638 2676 789 2747 ὕλης.
819 2678 1099 2749 Καμίνους
1140 2679 1318 2732 τοίνυν
1348 2679 1545 2746 ἔξωθεν
1569 2681 1670 2753 τῆς
1696 2680 1905 2747 πόλεως

317 2768 527 2833 πολλὰς
558 2769 856 2841 προσέταξε
889 2770 1159 2838 γενέσθαι,
1183 2770 1325 2841 τάχα
1355 2771 1445 2825 τὸν
1478 2773 1709 2844 ἀριθμὸν
1733 2773 1899 2830 ἑπτά·

319 2862 640 2933 φούρνακας
681 2862 739 2914 δὲ
788 2862 1099 2933 ἐπιχωρίως
1145 2863 1349 2926 ταύτας
1392 2863 1671 2920 καλοῦσιν.
1741 2865 1805 2920 Oi
1848 2864 1904 2919 δὲ

312 2952 508 3014 δεινοὶ,
553 2953 649 3007 καὶ
678 2953 815 3023 πρὸς
842 2955 948 3007 πᾶν
979 2954 1318 3025 ἐπιχείρημα
1349 2954 1599 3026 εὔτολμοι
1642 2956 1903 3025 Ἰουδαῖοι,

319 3043 421 3115 τῆς
455 3044 586 3114 παρ’
617 3044 801 3107 αὐτοῖς
836 3043 921 3096 ἀεὶ
956 3045 1246 3115 γινομένης
1290 3046 1629 3116 μαγγανείας
1669 3049 1770 3100 οὐκ
1800 3050 1905 3102 ἀπ-

316 3135 551 3207 είχοντο.
583 3135 851 3203 Μαγείαις
879 3136 987 3207 γάρ
1022 3154 1130 3189 τισι
1171 3137 1263 3189 καὶ
1315 3138 1654 3209 περιεργίαις
1698 3138 1758 3191 τὸ
1796 3138 1905 3209 πῦρ

320 3226 627 3297 καταδῆσαι
660 3227 710 3278 οἱ
748 3216 1001 3294 γεννᾶδαι
1056 3226 1295 3279 Ἰουδαῖοι
1345 3228 1743 3299 ἐπετρίϐησανο
1790 3229 1903 3282 ἀλλ’
1934 3206 1975 3261 C

318 3319 425 3371 οὐκ
451 3319 533 3381 είς
558 3317 710 3380 τέλος
736 3318 979 3387 ἴσχυσαν.
1014 3318 1210 3388 Ἤργει
1244 3318 1374 3386 γοῦν
1402 3318 1464 3371 τὸ
1494 3318 1625 3389 πῦρ,
1673 3319 1767 3372 καὶ
1808 3319 1907 3372 οὐκ

317 3408 617 3481 ἔπραττεν,
661 3406 798 3460 ἀλλὰ
838 3409 936 3478 τῆς
972 3407 1125 3470 ἰδίας,
1173 3409 1246 3471 ὡς
1278 3409 1472 3472 εἰπεῖν,
1505 3408 1721 3477 φύσεως
1751 3410 1909 3471 ἐκτὸς

320 3499 566 3567 ἐγένετο.
604 3500 693 3563 Ὠς
736 3498 793 3551 δὲ
825 3500 875 3551 οί
913 3498 1012 3569 τὴν
1042 3500 1343 3570 καυστικὴν
1375 3500 1509 3571 ὓλην
1542 3502 1908 3572 παραϐάλλειν

320 3592 401 3662 τῷ
436 3592 569 3662 πυρὶ
613 3590 1050 3660 ἐπιτεταγμένοι,
1083 3591 1228 3660 φημὶ
1256 3590 1313 3643 δὲ
1350 3590 1644 3661 ρώπακας,
1688 3594 1785 3646 εἴτ’
1816 3591 1910 3648 οὖν

322 3681 582 3754 φρύγανα
602 3722 618 3744 ,
648 3680 985 3753 παραθέντες
1012 3681 1112 3733 οὐκ
1140 3682 1425 3752 ἐνήργουν,
1452 3682 1531 3754 τῷ
1567 3685 1814 3756 Ἰωσήπῳ
1850 3686 1911 3740 τὸ

322 3773 573 3845 πραχθὲν
603 3774 904 3843 ἐσήμαναν.
948 3771 1177 3843 Δηχθεὶς
1225 3769 1317 3826 οὖν
1354 3774 1451 3845 τὴν
1489 3776 1661 3847 φρένα
1688 3779 1717 3830 ὁ
1747 3778 1909 3849 ἀνὴρ,

324 3867 424 3920 καὶ
469 3865 619 3937 ζήλῳ
648 3864 834 3936 ἀρθεὶς
866 3864 943 3936 τῷ
977 3864 1113 3936 πρὸς
1140 3866 1230 3918 τὸν
1275 3859 1499 3937 Κύριον,
1533 3868 1768 3941 ἔδραμεν
1806 3870 1911 3936 ἔξω

323 3961 425 4029 τῆς
459 3958 666 4021 πόλεως
685 3970 698 3983 ’
731 3959 824 4012 καὶ
860 3958 1003 4027 ὕδωρ
1031 3957 1294 4022 κελεύσας
1323 3961 1611 4031 ἐνεχθῆναι
1643 3965 1701 4017 ἐν
1726 3964 1908 4034 ἄγγει,

322 4053 382 4102 ὲν
422 4050 689 4121 καμψὲαῃ
732 4052 905 4123 φημὶ,
958 4051 1247 4106 κακούὸιον
1277 4054 1334 4107 δὲ
1377 4053 1537 4106 τοῦτο
1567 4055 1677 4125 (28)
1706 4057 1756 4109 oi
1795 4057 1914 4110 ὲπι-

326 4140 523 4213 χὼριοι
549 4140 794 4205 καλοῦσι,
829 4140 1008 4196 λαϐὼν
1039 4143 1097 4195 τὸ
1123 4144 1257 4197 αὐτὸ
1290 4145 1457 4213 ἄγγος
1489 4143 1581 4197 τοῦ
1610 4143 1802 4211 ὕδατος
1831 4149 1913 4200 ὲν-

401 4297 516 4366 (27)
555 4298 793 4366 Κόμητα
840 4298 950 4367 γὰρ
991 4299 1178 4351 αὑτὸν
1236 4299 1593 4367 κατέστησε.
1637 4298 1912 4356 Comitum

325 4365 571 4437 dignitas
596 4365 775 4421 nudus
798 4365 922 4423 sine
946 4370 1264 4439 magistratu
1290 4384 1354 4421 ac
1378 4365 1657 4424 iunctione
1675 4371 1915 4439 plerum-

369 4453 440 4492 ue
464 4440 657 4492 titulus
700 4438 793 4492 fuit
817 4455 832 4501 ;
867 4448 924 4492 ut
949 4454 1016 4493 ex
1046 4437 1430 4493 Theodosiano
1458 4440 1645 4494 codice
1673 4437 1911 4496 constat.

381 4522 488 4561 anc
521 4506 916 4578 Constantinus
959 4509 1254 4578 plerisque,
1305 4516 1364 4563 ut
1407 4509 1575 4563 refert
1619 4511 1911 4575 Eusebius,

326 4579 629 4651 concessit.
644 4576 845 4651 Eadem
866 4576 1299 4651 per'lionor'arips
1315 4579 1597 4651 codicillos
1617 4595 1646 4632 a
1666 4580 1912 4651 principe

328 4646 737 4721 conferebatur.
774 4646 890 4721 Qua
926 4647 994 4703 de
1024 4648 1499 4721 readiThcmistii
1537 4646 1681 4703 orat.
1710 4668 1761 4721 tv
1792 4646 1913 4721 plu-

328 4719 491 4771 ribus
535 4719 968 4786 disputavimus,
1018 4718 1107 4773 ubi
1156 4718 1426 4785 ejusmodi
1460 4721 1695 4774 codicilli
1740 4718 1913 4775 δέλτοι

331 4787 669 4857 σφυρήλατοι
687 4789 1029 4857 appellantur
1054 4805 1081 4841 a
1116 4786 1438 4843 Themislio.
1461 4788 1517 4842 ln
1546 4806 1655 4859 quo
1684 4791 1913 4845 ridicula

328 4860 708 4929 estanonymi
741 4860 1196 4927 conjectoris,qui
1232 4858 1298 4912 dc
1325 4858 1721 4915 suburbicariis
1744 4876 1917 4929 nuper

327 4928 576 4999 scripsit,
608 4929 897 4999 oscitantis
932 4943 1057 4999 cum
1092 4930 1207 4998 pari
1245 4929 1575 4997 impudentia
1599 4928 1912 4999 conjuncta.

334 4996 676 5070 Scripserat_
695 4997 1029 5053 Themistius
1084 4996 1333 5052 oratione
1378 4999 1467 5070 illa
1512 5016 1584 5062 tv,
1626 4996 1749 5070 pag.
1782 5000 1913 5056 edit.

333 5076 541 5122 nostra:
577 5068 702 5140 117,
735 5084 815 5126 sc,
847 5084 971 5121 eum
1006 5077 1193 5137 posset
1227 5069 1482 5124 omnibus
1514 5068 1718 5126 illis-eti
1747 5072 1918 5140 impe-

332 5143 541 5209 ratoris
576 5138 904 5209 liberalitate
938 5139 1263 5201 commodis,
1295 5153 1359 5209 ac
1399 5140 1790 5209 voluptatibus,
1824 5138 1918 5193 de-

334 5207 590 5276 liciisque
619 5208 846 5275 perfrui.
881 5209 1055 5260 ὁπόσα
1081 5208 1449 5276 ταῖς-δέλτοις
1484 5207 1767 5262 ἀκολουθεῖ
1799 5214 1918 5274 ταῖς

336 5269 730 5348 σφυρηλάτοις.
756 5279 858 5331 hoc
885 5288 988 5342 est,
1008 5294 1123 5347 qua:
1152 5269 1362 5331 tabulas
1386 5269 1507 5348 illius
1530 5269 1920 5348 consequuntur

333 5347 532 5401 malleo
563 5348 806 5408 ductiles.
842 5349 1226 5404 communibus
1273 5349 1380 5402 illis
1432 5347 1706 5405 fructibus
1748 5350 1922 5405 fuisse

333 5426 680 5476 contentum.
713 5435 851 5487 quos
893 5418 1040 5473 cives
1088 5419 1269 5473 ca:teri
1314 5418 1548 5487 publicis
1584 5420 1807 5487 tesseris
1837 5427 1922 5474 at-

333 5503 448 5556 que
492 5488 841 5556 imperatoris
877 5488 1165 5556 largitione
1206 5486 1691 5556 consequerentur.
1722 5486 1837 5543 Hoc
1866 5491 1920 5543 in

332 5529 465 5611 t'oco
486 5529 707 5621 δέλῑεους
735 5529 1113 5630 σφυρηλὲτρυς
1132 5529 1413 5630 conjecto?-
1432 5559 1567 5630 nihil
1586 5560 1730 5613 aliud
1755 5574 1919 5630 quam

332 5636 580 5699 tesseras
623 5644 747 5683 esse
794 5627 1096 5683 contendit.
1132 5627 1327 5684 Verum
1388 5629 1518 5696 quid
1565 5645 1688 5685 esse
1740 5627 1922 5699 potest

337 5698 663 5757 absurdius,
696 5712 860 5767 quam
903 5714 965 5752 ex
1000 5700 1224 5754 tesseris
1255 5699 1364 5753 illis
1396 5698 1767 5754 frumentariis
1803 5715 1923 5753 cre-

334 5768 471 5839 dere
504 5768 715 5839 μακρόν
746 5768 895 5839 illum
941 5767 1239 5836 κατάλογον
1278 5769 1377 5837 τῆς
1418 5771 1647 5839 τρυφῆς,
1684 5771 1776 5824 καὶ
1825 5770 1922 5838 τῆς

333 5837 634 5899 εὐπαθείας
679 5837 984 5892 redundare
1037 5839 1227 5906 posse?
1286 5837 1596 5892 Praesertim
1642 5856 1785 5900 cum.
1845 5837 1921 5892 uti

662 5931 932 5988 pATltU'..
975 5930 1089 5990 Gtt.
1144 5932 1300 5991 XL].

2008 1947 2136 2000 Erat
2170 1946 2224 2000 in
2267 1947 2458 2003 eadem
2505 1950 2641 2005 urbe
2683 1950 2944 2019 templum
2982 1949 3176 2019 ingens
3208 1950 3338 2003 olim
3369 1962 3588 2006 exstru-

2004 2044 2174 2099 ctum,
2213 2039 2357 2107 quod
2412 2038 2761 2105 Adrianium,
2818 2040 2924 2095 nisi
2988 2040 3167 2104 fallor,
3208 2042 3582 2111 appellabant.

2005 2128 2161 2194 Quod
2201 2145 2326 2184 cum
2366 2130 2747 2201 imperfectum
2780 2132 3049 2186 hactenus
3084 2135 3400 2195 mansisset,
3427 2134 3586 2203 oppi-

2005 2225 2133 2279 dani
2182 2226 2433 2295 publicas
2473 2227 2527 2280 in
2578 2226 2807 2281 balneas
2867 2234 3207 2280 commutare
3268 2225 3582 2281 studebant.

2006 2310 2122 2364 lloc
2152 2310 2427 2383 Iosephus
2459 2323 2675 2377 nactus,
2709 2313 2777 2368 ad
2816 2314 2869 2367 id
2917 2314 3063 2381 quod
3098 2315 3284 2368 animo
3317 2329 3587 2385 concepe-

2005 2409 2087 2456 rat
2120 2404 2539 2459 accommodare
2580 2404 2847 2459 instituit.
2894 2406 2958 2457 Η.
3000 2412 3060 2458 ιιι
3092 2404 3361 2475 quadrato
3405 2404 3587 2475 lapide

2007 2502 2337 2563 quaternum
2374 2495 2689 2550 cubitorum
2739 2504 2946 2552 certam
2991 2498 3057 2552 ad
3093 2496 3437 2551 altitudinem
3468 2511 3587 2551 ere-

2007 2592 2157 2639 ctum
2206 2586 2513 2652 invenerat,
2550 2587 2724 2642 veteri
2767 2595 3059 2642 structura:
3104 2602 3300 2642 novam
3338 2588 3588 2644 ecclesia:

2005 2678 2204 2733 molem
2228 2678 2507 2749 imponere
2539 2683 2752 2735 statuit.
2778 2681 2856 2735 Ad
2888 2680 2941 2735 id
2967 2681 3117 2735 calce
3140 2680 3256 2735 viva
3285 2696 3424 2749 opus
3446 2689 3584 2745 erat,

2006 2770 2332 2840 reliquaque
2369 2771 2518 2824 omni
2552 2771 2803 2827 materia.
2838 2770 3007 2842 lgitur
3034 2772 3280 2827 caminos
3310 2778 3466 2825 extra
3497 2786 3588 2825 ur-

2006 2863 2129 2918 bem
2161 2861 2279 2918 ﬁeri
2317 2877 2427 2916 non
2486 2877 2694 2933 paucos
2737 2863 2989 2933 imperat,
3046 2871 3304 2934 septenos
3344 2863 3587 2929 circiter,

2008 2968 2149 3023 quos
2182 2953 2347 3023 vulgo
2376 2952 2631 3009 fornaces
2666 2954 2973 3008 nominant.
3014 2952 3129 3008 Sub
3162 2955 3276 3008 haec
3314 2953 3484 3008 Judaei
3520 2954 3587 3008 ad

2007 3045 2261 3101 audenda
2296 3044 2553 3114 quaelibet
2582 3044 2812 3114 projeeti
2844 3044 2911 3098 ad
2945 3044 3145 3099 usitata
3171 3046 3217 3097 ei
3249 3046 3395 3115 genti
3420 3044 3590 3099 male-

2009 3137 2132 3191 ﬁcia
2183 3136 2524 3208 confugiunt.
2586 3136 2800 3191 Etenim
2856 3135 3084 3205 magicis
3140 3137 3477 3191 carminibus
3524 3150 3589 3190 ac

2010 3231 2305 3303 prmstigiis
2337 3230 2447 3285 vim
2491 3229 2635 3301 ignis
2671 3228 2937 3299 impedire
2969 3228 3173 3299 egregii
3210 3229 3459 3284 homines
3492 3245 3589 3299 ag-

2008 3322 2185 3392 gressi
2218 3330 2383 3387 sunt;
2419 3321 2514 3376 sed
2544 3336 2653 3374 non
2688 3328 2954 3391 perpetuo
2990 3328 3303 3389 potuerunt.
3337 3319 3404 3373 At
3429 3320 3588 3373 initio

2009 3421 2192 3466 tamen
2250 3413 2504 3467 cessabat
2558 3412 2721 3481 ignis,
2758 3411 3006 3480 nihilque
3049 3411 3338 3480 coquebat.
3376 3420 3591 3465 natura:

2011 3521 2123 3562 Suae
2160 3506 2306 3559 velut
2339 3503 2516 3559 oﬂieio
2543 3503 2862 3559 destitutus.
2892 3502 3029 3557 Tum
3062 3502 3155 3572 qui
3190 3502 3592 3572 suppeditando

2012 3597 2122 3666 igni
2157 3596 2380 3667 pabulo,
2417 3595 2669 3666 virgultis
2709 3596 2924 3651 scilicet
2971 3608 3035 3650 ac
3066 3594 3393 3649 fructicibus
3434 3602 3593 3649 erant

2012 3687 2267 3756 appositi,
2312 3700 2437 3741 cum
2483 3686 2622 3741 nihil
2670 3702 2729 3742 se
2768 3686 3033 3755 proiicere
3071 3685 3590 3753 animadverterent,

2012 3796 2127 3836 rem
2172 3780 2241 3835 ad
2272 3778 2575 3850 Joseplium
2608 3779 2888 3836 deterunt.
2923 3778 3157 3850 Pupugit
3182 3794 3247 3834 ea
3289 3793 3376 3834 res
3416 3778 3594 3834 homi-

2013 3887 2159 3935 nem,
2202 3871 2498 3941 statimque
2538 3872 2750 3928 cmlesti
2785 3872 2841 3926 in
2890 3872 3178 3926 Dominum
3228 3871 3426 3926 ardore
3467 3887 3592 3928 suc-

2014 3978 2216 4018 census
2253 3971 2408 4017 extra
2438 3963 2630 4018 urbem
2665 3964 2921 4030 advolat;
2959 3978 3159 4033 aquam
3199 3964 3475 4032 postulat;
3512 3964 3594 4016 af—

2017 4052 2186 4107 fertur
2220 4053 2276 4106 in
2320 4067 2472 4107 aeneo
2513 4067 2666 4119 vase,
2710 4052 2859 4122 quod
2902 4066 3227 4121 campsacen
3262 4053 3444 4123 vulgo,
3482 4052 3593 4107 illic

2013 4143 2303 4198 caeubium
2341 4149 2557 4198 vocant.
2592 4140 2670 4197 Eo
2695 4156 2877 4197 coram
2908 4142 3165 4197 omnibus
3196 4150 3420 4212 accepto
3443 4143 3591 4214 (nam

2014 4297 2149 4357 dixi,
2186 4304 2520 4350 tesserarum
2577 4294 2666 4349 illa
2717 4295 3027 4361 commoda,
3058 4311 3179 4366 qua:
3210 4311 3332 4350 cum
3385 4296 3595 4351 caeteris

2015 4368 2327 4437 communia
2381 4374 2618 4434 caperet,
2654 4366 2759 4421 illis
2806 4373 3069 4437 opponat,
3100 4381 3220 4435 qua:
3246 4368 3363 4427 ταῖς
3390 4366 3596 4428 δέλτοις

2015 4436 2297 4507 ἀκολουθεῖ
2324 4438 2440 4499 ταῖς
2472 4434 2863 4507 σφυρηλάτοιςξ
2884 4434 2994 4507 Age
3017 4434 3182 4507 vero;
3214 4451 3337 4490 cum
3369 4445 3593 4507 orat.v1,

1946 4540 1987 4595 ι)
2017 4524 2136 4595 βεδε·
2170 4506 2291 4595 ¹.6ἒίε
2323 4504 3322 4595 ’ξεεξξξιέῖέίκέκεέγιᾱῆζδέξτιθτλιιι
3370 4504 3596 4595 sese:

2017 4575 2159 4649 χίαν,
2194 4577 2297 4631 hoc
2318 4575 2581 4649 est‘urbis
2599 4575 2998 4649 przefccturatn,
3018 4575 3345 4649 obtinuerat,
3374 4575 3596 4649 gloriari

2018 4644 2172 4709 sese;
2237 4646 2330 4701 sed
2394 4644 2469 4718 de
2500 4644 2612 4699 alia
2656 4648 2858 4718 potius.
2920 4646 2985 4718 ἢν
3032 4647 3132 4700 οὐκ
3178 4644 3437 4718 ἐποίησαν
3471 4646 3597 4718 θέλε-

2019 4718 2349 4788 φαντουργοι
2366 4716 2814 4788 οὐδὲ-χρυσοχόοι,
2846 4716 2951 4769 hoc
2969 4724 3053 4788 est
3079 4717 3423 4785 imperatoris
3461 4716 3593 4788 lilio,

2019 4803 2180 4857 quem
2232 4786 2429 4856 parens
2476 4786 2598 4840 ﬁdei
2652 4786 2766 4844 sua:
2807 4787 3180 4849 commiserat,
3206 4794 3365 4857 estne
3393 4786 3601 4857 U_l_fl‘llf

2023 4853 2344 4911 uitentariani
2374 4865 2638 4911 tesseram
2676 4858 2954 4925 conjector
2983 4857 3069 4909 hic
3100 4856 3373 4912 somniet?
3421 4853 3490 4908 Ut
3531 4856 3597 4908 ad

2019 4926 2316 4996 .losephnm
2349 4925 2591 4996 redeam,
2624 4927 2814 4981 confer
2842 4942 2966 4980 cum
3005 4927 3106 4979 hoc
3143 4927 3262 4980 loco
3291 4940 3411 4993 qum
3442 4925 3602 4996 Eusc-

2023 4994 2211 5051 bius'tt
2240 5003 2294 5049 et
2328 5012 2383 5047 Ill
2421 4994 2494 5048 De
2528 4998 2633 5049 vim
2657 4996 2994 5051 Constantini
3040 4996 3225 5060 refert,
3274 5005 3477 5063 quanto
3513 4994 3600 5046 hic

2023 5066 2531 5121 constituendarum
2560 5069 2759 5134 ubique
2789 5066 3147 5120 ecclesiarum
3181 5066 3366 5118 studio
3402 5064 3600 5134 llagraf

2026 5147 2183 5201 \‘t'l‘ll,
2219 5145 2385 5204 utque
2415 5136 2634 5190 easdem
2669 5132 2904 5207 publicis
2927 5137 3240 5205 Sttttiptibus
3269 5132 3600 5188 exaediﬁcari

2026 5209 2275 5260 voluerit.

2096 5278 2208 5345 (‘28)
2248 5277 2582 5330 Κίικούϐιον
2629 5276 2698 5329 δὲ
2744 5276 2940 5331 τοῦτο.
3019 5274 3180 5330 Forte
3236 5271 3600 5345 Κουκούμιον.

2028 5342 2207 5403 Ιιιιὶιεε
2245 5346 2331 5401 hic
2364 5362 2518 5415 aqua:
2554 5347 2930 5401 benedictione
2960 5354 3292 5400 consecrata:
3321 5357 3480 5399 usum
3517 5342 3604 5395 in-

2028 5419 2236 5481 signem
2276 5425 2440 5486 atque
2487 5416 2747 5472 fructum.
2779 5417 2898 5479 Cui,
2930 5432 3054 5470 cum
3112 5416 3227 5470 haec
3281 5415 3601 5486 scriberem,

2028 5488 2184 5541 aliine
2217 5484 2473 5555 quiddam
2502 5502 2564 5540 ac
2596 5488 2871 5556 geminum
2896 5486 3136 5540 occurrit
3158 5485 3301 5556 apud
3326 5484 3602 5556 l‘hotium,

2030 5575 2179 5612 num.
2215 5553 2303 5618 96,
2339 5574 2405 5610 ex
2454 5553 2687 5627 Georgio
2735 5557 3106 5627 Alexandrino
3134 5553 3211 5627 in
3242 5555 3411 5627 Actis,
3437 5553 3608 5627 sancti

2029 5628 2410 5698 Cltrysoslomi.
2458 5626 2560 5698 Ubi
2600 5622 2742 5681 inter
2765 5634 2959 5680 caetera
2995 5626 3195 5680 Euclim
3222 5626 3507 5698 cujusdam
3548 5622 3609 5674 ti-

2032 5694 2173 5769 liun't
2211 5698 2375 5751 refert
2422 5712 2453 5749 a
2503 5697 2560 5750 Β.
2596 5698 2989 5769 (Ihrysostotno
3038 5712 3212 5765 aqua).
3242 5698 3353 5769 cui
3393 5694 3608 5769 signum

2031 5768 2212 5824 crucis
2265 5770 2649 5835 impresserat,
2711 5766 3031 5837 aspersione
3084 5766 3532 5836 desperatissitno
3581 5777 3611 5812 a

2035 5840 2224 5894 morbo
2256 5839 2569 5892 liberatum.

3308 5926 3377 5987 Η
