3982 6426
585 365 694 423 4'21

2009 353 2066 410 S.
2107 353 2446 410 EPIPIJANII

3727 369 3818 428 128

593 483 661 538 ad
701 483 807 536 hoc
842 469 1214 551 spectaculum
1249 475 1562 530 Judmorum
1607 473 1766 528 turba
1809 479 2166 535 convenerat,

2278 469 2442 524 ώπιον
2474 472 2693 526 πάντων
2720 471 3106 548 (συνηθροίσθη
3138 477 3196 531 δέ
3231 477 3434 550 πλῆθος
3469 480 3720 538 Ἰουδαίων
3743 487 3819 540 ἐπὶ

594 581 656 626 ut
698 573 774 626 rei
814 577 1088 634 eventum,
1135 583 1198 622 ac
1246 565 1378 637 quid
1423 565 1641 620 tandem
1681 562 1956 632 Josephus
1988 569 2172 632 ageret

593 662 884 732 viderent),
925 660 1083 730 137
1119 659 1302 712 crucis
1355 657 1570 726 signum
1611 670 1777 725 super
1821 653 1952 708 illud
2005 652 2172 724 digito

594 755 767 819 ducit,
799 769 861 806 ac
891 751 1020 806 Jesu
1059 765 1257 804 nomen
1295 748 1560 802 invocans
1596 761 1792 817 magna
1825 761 1961 802 voce
1989 746 2070 800 sic
2096 746 2172 799 lo-

595 846 780 918 quitur
813 864 825 898 :
867 844 922 898 In
961 844 1179 896 nomine
1212 839 1342 896 Jesu
1377 840 1667 903 Nazareni,
1700 855 1860 909 quem
1887 839 1988 892 mei
2026 837 2172 908 pari-

597 949 680 995 ter
709 945 872 1007 atque
903 936 1101 989 horum
1135 933 1406 998 omnium,
1437 934 1531 1002 qui
1566 933 1653 987 hic
1687 939 1893 994 astant,
1931 931 2172 998 majores

596 1047 649 1085 in
681 1043 898 1084 crucem
931 1033 1182 1098 egerunt,
1204 1025 1320 1080 haec
1352 1039 1494 1096 aqua
1529 1025 1636 1078 vim
1673 1025 1868 1079 habeto
1896 1024 1961 1078 ad
1993 1021 2166 1091 inagi-

591 1137 686 1176 cas
717 1129 884 1182 artes,
935 1115 1311 1186 maleficiaque
1354 1115 1537 1170 omnia
1595 1114 2002 1185 restinguenda,
2051 1129 2171 1183 quae

592 1213 683 1267 isti
717 1215 1128 1278 compararunt,
1168 1207 1236 1261 ab
1264 1207 1564 1276 eademque
1596 1205 1676 1259 vis
1723 1205 1829 1274 igni
1867 1218 1966 1258 sua
2011 1201 2172 1254 resti-

593 1309 800 1366 tuatur,
837 1315 946 1370 quo
977 1298 1189 1354 Domini
1235 1299 1432 1353 domus
1471 1297 1678 1352 absolvi
1715 1295 1908 1365 possit.
1949 1293 2043 1348 llis
2082 1293 2168 1346 di-

599 1397 727 1461 ctis,
768 1393 1087 1449 fornacibus
1107 1392 1340 1463 singulis
1369 1407 1566 1462 aquam
1598 1391 1855 1460 aspergit.
1881 1391 1960 1442 Ita
1989 1389 2170 1443 disso-

2273 565 2371 634 τὴν
2401 563 2549 632 θέαν,
2596 567 2657 620 τὸ
2693 567 3106 640 ἀποϐησόμενον
3139 571 3265 626 ίδεῖν
3297 573 3704 640 σπουδάζοντες,
3742 580 3819 632 καὶ

2273 654 2301 706 ὅ
2333 671 2383 707 τι
2414 657 2812 728 ἐπιχειρήσειεν
2860 658 3122 732 Ἰώσηπος
3157 663 3422 733 πράττειν
3445 666 3486 730 ).
3541 667 3734 739 μεγάλῃ
3765 671 3817 739 τῇ

2275 749 2423 818 φωνῇ
2453 749 2482 800 ὁ
2505 747 2644 821 ἀνὴρ
2673 749 2907 820 σταυροῦ
2941 752 3214 822 σφραγῖδα
3246 753 3454 818 ἐπιθεὶς
3479 755 3557 825 τῷ
3579 756 3724 824 ἄγγει
3747 759 3821 812 διὰ

2273 837 2365 890 τοῦ
2417 837 2550 892 ίδίου
2591 839 2880 906 δακτύλου,
2933 844 3028 896 καὶ
3079 843 3546 914 ἐπικαλεσάμενος
3588 846 3646 899 τὸ
3680 847 3822 918 ὄνομα

2287 930 2460 1000 Ἰησοῦ
2479 971 2493 993 ,
2529 927 2684 986 εἶπεν
2713 934 2912 998 οὓτως·
2960 936 3048 988 Ἐν
3073 935 3300 1006 ὀνόματι
3338 937 3516 1007 Ἰησοῦ
3544 939 3634 992 τοῦ
3659 940 3820 1004 Ναζω-

2277 1022 2448 1092 ραίου,
2492 1018 2554 1078 οὗ
2588 1025 2940 1095 ἐσταύρωσαν
2988 1027 3036 1078 οἱ
3088 1027 3324 1098 πατέρες
3361 1045 3464 1098 μου
3514 1029 3604 1084 καὶ
3648 1030 3820 1084 τούτων

2272 1115 2489 1168 πάντων
2515 1115 2623 1170 τῶν
2651 1116 3056 1188 περιεστώτων,
3083 1119 3310 1189 γένηται
3335 1119 3568 1190 δύναμις
3599 1123 3651 1175 ἐν
3677 1121 3820 1192 τούτῳ

2271 1203 2348 1274 τῷ
2399 1205 2552 1260 ὕδατι
2601 1209 2681 1271 εἰς
2721 1208 2981 1278 ἀθέτησιν
3026 1209 3209 1280 πάσης
3251 1210 3598 1282 φαρμακείας
3627 1212 3711 1264 καὶ
3736 1229 3818 1280 μα-

2271 1297 2447 1366 γείας,
2471 1295 2540 1372 ἧς
2570 1293 2718 1353 οὗτοι
2749 1301 3010 1372 ἔπραξαν,
3043 1303 3138 1356 καλ⁵
3166 1304 3248 1366 είς
3274 1303 3554 1370 ἐνέργειαν
3578 1301 3818 1373 δυνάμεως

2271 1389 2350 1460 τῷ
2381 1392 2518 1461 πυρὶ¹
2544 1393 2624 1456 είς
2657 1392 2719 1445 τὸ
2747 1391 3159 1463 ἐπιτελεσθῆναι
3191 1393 3282 1446 τὸν
3307 1387 3462 1446 οἶκον
3489 1393 3699 1462 Κυρίου.
3730 1395 3818 1446 Καὶ

593 1487 724 1540 lotis
753 1485 1041 1556 praestigiis
1066 1499 1249 1539 coram
1280 1485 1560 1551 omnibus,
1599 1485 1740 1553 ignis
1759 1481 2030 1536 ell‘erbnit.
2049 1481 2169 1547 Quo

2278 1481 2444 1544 οὕτως
2485 1482 2750 1552 λαμϐάνει
2799 1483 2860 1536 τὸ
2908 1483 3054 1554 ὕδωρ
3106 1486 3164 1537 ἐν
3211 1486 3276 1554 τῇ
3326 1483 3494 1556 χειρὶ,
3545 1486 3633 1536 καὶ
3676 1485 3816 1555 ῥαίνει

596 1579 862 1632 miraculo
890 1585 1164 1631 commota
1195 1575 1353 1630 turba
1388 1576 1601 1646 magnis
1639 1574 1867 1629 vocibus
1893 1574 2171 1629 exclama-

2278 1574 2488 1644 ἑκάστῳ
2506 1575 2772 1645 φούρνακι
2791 1576 2853 1627 ἐκ
2879 1574 2972 1628 τοῦ
3001 1574 3212 1640 ὓδατος.
3243 1576 3352 1630 Καὶ
3379 1575 3629 1628 ἀνελύετο
3649 1576 3735 1645 μὲν
3765 1577 3816 1628 τὰ

595 1671 707 1723 vit:
741 1666 896 1724 Unus
913 1677 996 1723 est
1027 1667 1190 1733 Deus,
1221 1668 1312 1738 qui
1340 1667 1683 1724 Christianos
1705 1667 1961 1735 adjuvat;
1989 1666 2171 1735 itaque

2278 1667 2562 1737 φάρμακα,
2595 1667 2656 1720 τὸ
2683 1667 2792 1739 πῦρ
2836 1667 2894 1720 δὲ
2929 1667 3172 1724 ἐνώπιον.
3190 1668 3412 1722 πάντων
3446 1667 3812 1721 ἀνεϐλύστανεν.

595 1761 870 1816 discessit.
903 1762 978 1814 Ac
1011 1777 1153 1830 saepe
1191 1761 1325 1818 alias
1363 1761 1690 1816 vexantibus
1717 1757 1920 1813 Juda'is
1952 1757 2168 1812 tandem

2278 1761 2336 1812 0i
2378 1759 2435 1812 δὲ
2482 1761 2749 1830 παρόντες
2793 1761 2960 1830 ὄχλοι,
3009 1761 3466 1832 κραυγάσαντες,
3509 1757 3602 1826 Εἷς
3643 1763 3758 1826 Θεὸς
3793 1766 3815 1816 ὁ

595 1853 799 1907 veteris
833 1853 1020 1924 templi
1057 1860 1264 1924 partem
1297 1853 1594 1917 exstruxit,
1634 1851 1688 1905 in
1728 1865 1903 1919 eaque
1945 1861 2167 1918 parvam

2278 1848 2485 1920 βοηθῶν
2514 1854 2626 1914 τοῖς
2654 1852 3030 1922 Χριστιανοϊς,
3072 1851 3455 1941 ἀνεχώρησαν.
3499 1855 3741 1918 Πολλάκις
3769 1853 3811 1907 δὲ

593 1943 884 1997 ecclesiam
914 1943 1180 1997 condidit.
1216 1940 1349 1997 Post
1382 1941 1510 1995 inde
1537 1939 1826 1996 discedens
1853 1936 2169 2009 Scythopoli

2278 1941 2584 1995 κακούντων
2625 1943 2715 1996 τὸν
2755 1943 2926 2016 ἄνδρα
2955 1936 3202 2008 ἐκείνων,
3240 1947 3321 2008 είς
3350 1945 3574 2016 ὕστερον
3601 1945 3746 2015 μέρος
3771 1963 3810 1997 τι

594 2033 864 2088 consedit.
926 2033 1276 2088 Diocaesareae
1329 2046 1492 2100 porro
1551 2031 1783 2101 aliisque
1844 2031 1898 2084 in
1954 2027 2171 2098 oppidis

2278 2031 2363 2084 τοῦ
2397 2032 2526 2086 ναοῦ
2562 2035 2620 2086 ἐν
2659 2033 2934 2104 Τιϐεριάδι
2967 2034 3331 2104 οἰκοδομήσας
3352 2076 3367 2098 ,
3406 2037 3499 2088 καὶ
3530 2037 3714 2107 μικράν
3738 2036 3811 2086 ἑκ-

595 2130 873 2193 postremo
909 2122 1170 2178 ecclesias
1207 2121 1514 2177 aediﬁcavit.
1553 2121 1632 2175 Ad
1678 2122 1792 2174 haec
1826 2120 2004 2174 obiter
2041 2133 2166 2171 nar-

595 2215 762 2270 randa
795 2214 1028 2285 digressi
1065 2213 1290 2278 fuimus,
1331 2228 1522 2268 eorum
1558 2215 1849 2266 occasione
1879 2212 2170 2268 librorum.

594 2308 686 2378 qui
725 2309 868 2377 apud
913 2305 1129 2360 Judeeos
1171 2304 1425 2359 translati
1461 2306 1833 2375 reperiuntur,
1863 2301 2171 2372 eujusmodi

591 2409 679 2455 cst
742 2398 972 2454 Joannis
1035 2397 1427 2467 Evangelium,
1485 2404 1538 2451 et
1597 2396 1969 2465 apostolorum
2001 2395 2172 2448 Actus

598 2493 864 2547 lleliraice
890 2488 1165 2545 conversi.
1201 2487 1306 2543 Sed
1347 2486 1414 2542 de
1457 2488 1557 2540 hac
1603 2487 1866 2540 historica
1907 2485 2172 2540 relatione

594 2587 882 2639 hactenus.

2273 2123 2499 2194 κλησίαν
2529 2125 2882 2188 ἀποτελέσας,
2912 2123 3084 2189 οὕτως
3122 2126 3334 2179 ἐκεῖθεν
3361 2125 3706 2197 ἀνεχώρησεν.
3741 2126 3809 2178 Ἐν

2273 2215 2603 2268 Σκυθοπόλει
2632 2216 2689 2268 δὲ
2727 2215 2917 2281 ἐλθὼν,
2951 2217 3294 2286 κατέμεινεν.
3343 2218 3436 2270 Ἐν
3475 2217 3810 2287 Διοκαισαρείᾳ

2271 2305 2327 2358 δὲ
2379 2306 2473 2359 καὶ
2516 2305 2702 2368 ἄλλαις
2744 2293 2856 2358 τισὶ
2901 2306 3123 2370 τελείως
3171 2307 3510 2378 ᾠκοδόμησε.
3563 2307 3730 2360 Ταῦτα
3765 2306 3808 2358 δὲ

2274 2399 2613 2470 πραχθέντα,
2660 2401 2752 2453 καὶ
2797 2399 3031 2454 ἐνταῦθά
3084 2419 3173 2472 μοι
3221 2401 3618 2472 ἐπιμνησθέντα
3660 2401 3808 2454 ἕνεκεν

2272 2489 2370 2557 τῆς
2399 2488 2506 2542 τῶν
2549 2489 2745 2559 βίϐλων
2773 2489 3089 2562 ἑρμηνείας,
3138 2491 3255 2557 πῶς
3302 2492 3414 2546 ἀπὸ
3455 2491 3733 2563 Ἑλληνίδος
3760 2491 3806 2544 τὺ

2273 2579 2416 2633 κατὰ
2454 2579 2706 2651 Ἰωάννην
2753 2581 3086 2650 Εὑαγγέλιον
3127 2584 3209 2646 είς
3255 2583 3517 2655 Ἐϐραῖδα
3565 2582 3803 2653 μετέπεσε,

2274 2674 2368 2724 καὶ
2417 2673 2472 2725 αἱ
2521 2672 2758 2743 Πράξεις
2801 2671 2908 2725 τῶν
2951 2673 3298 2738 ἀποστόλων,
3353 2674 3460 2738 ἓως
3503 2667 3600 2728 ὧδε
3637 2673 3697 2726 τὰ
3728 2675 3804 2742 τῆς

2275 2765 2516 2834 ίστορίας
2548 2763 2643 2816 καὶ
2666 2765 2991 2834 ὑφηγησεως
3023 2764 3212 2835 ἐχέτω.
3661 2823 3669 2830 _

664 2846 804 2904 Xlll.
834 2845 990 2900 Nunc
1030 2843 1096 2898 ad
1133 2841 1447 2898 inchoatam
1482 2841 1550 2896 de
1593 2841 1861 2898 Ebionitis
1893 2843 2167 2899 narratio-

2345 2855 2445 2910 ]l".
2493 2853 2776 2925 Ἐπάνειμι
2819 2855 3006 2926 δὲτὴν
3050 2856 3194 2909 κατά
3231 2857 3487 2922 Ἐδίωνος
3531 2855 3804 2925 ποιούμενος

599 2955 722 2994 nem
761 2936 1068 3008 regredior.
1118 2933 1401 3004 Siquidem
1436 2935 1508 2988 ob
1542 2931 1784 2988 Matthaei
1817 2933 2170 3006 Evangelium

2278 2946 2614 3003 ἀκολουθίαν.
2646 2947 2746 3000 Διὰ
2786 2948 2895 3019 γὰρ
2926 2948 2989 3000 τὸ
3025 2947 3166 3002 κατὰ
3210 2950 3488 3004 Ματθαῖον
3528 2947 3804 3016 Εὑαγγέλιον

593 3052 661 3090 eo
710 3035 936 3103 delapsa
987 3038 1075 3086 est
1113 3031 1316 3094 oratio,
1351 3037 1411 3084 ut
1457 3028 1524 3084 ad
1559 3044 1678 3084 eam
1731 3045 1853 3100 quae
1898 3031 1965 3085 ad
2010 3045 2171 3087 aures

2278 3038 2480 3110 προῖὼν
2509 3042 2539 3093 ὁ
2581 3039 2736 3108 λόγος
2773 3039 2872 3110 τὴν
2919 3039 3239 3094 ἀκολουθίαν
3284 3044 3370 3105 εἰς
3413 3043 3555 3112 ἡμᾶς
3592 3038 3802 3104 ἐλθούσης

597 3139 820 3185 nostras
852 3135 1180 3198 pervenerat
1209 3124 1499 3180 historiam
1531 3125 1898 3179 enarrandam
1925 3140 2171 3180 necessa-

2278 3127 2530 3197 γνώσεως
2557 3128 2896 3200 παραθέσθαι
2937 3130 3264 3200 ἠνάγκασεν.
3315 3131 3404 3185 Ἐν
3451 3129 3524 3200 τῷ
3555 3129 3672 3197 γοῦν
3703 3125 3802 3196 παρ’

597 3224 680 3276 rio
707 3235 832 3276 sese
853 3223 1229 3272 converteret.
1257 3215 1431 3286 Igitur
1468 3216 1522 3269 in
1553 3230 1642 3278 eo,
1671 3213 1815 3284 quod
1851 3231 2020 3285 penes
2047 3216 2170 3270 illos

591 3321 698 3378 est,
754 3309 993 3366 Matthaai
1038 3307 1354 3379 Evangelio,
1407 3321 1722 3376 quanquam
1778 3321 1845 3359 ne
1895 3305 2168 3375 integrum

593 3404 813 3473 quidem
848 3400 984 3456 illud
1015 3400 1242 3465 habent,
1265 3399 1362 3453 sed
1397 3397 1768 3452 adulteratum
1797 3411 1862 3451 ac
1891 3398 2168 3464 mutilum,

596 3495 762 3562 idque
795 3493 977 3562 ipsum
1013 3489 1343 3544 Hebraicum
1367 3501 1587 3555 vocant,
1625 3492 1699 3546 ita
1732 3494 1998 3562 scriptum
2035 3502 2120 3548 est
2155 3511 2168 3548 :

597 3585 792 3640 Fuisse
823 3591 1036 3636 certum
1070 3581 1371 3643 hominem,
1410 3583 1631 3638 nomine
1657 3583 1868 3650 Jesum,
1900 3598 2170 3639 annorum

596 3677 816 3731 circiter
845 3675 1092 3744 triginta,
1123 3673 1215 3742 qui
1251 3688 1352 3728 nos
1384 3675 1608 3744 elegerit
1629 3691 1642 3736 ;
1664 3675 1757 3744 qui
1785 3675 2171 3746 Capharnaum

595 3768 822 3824 veniens
854 3768 910 3820 in
945 3763 1210 3827 Simonis,
1242 3765 1568 3834 cognomine
1595 3765 1762 3832 Petri,
1788 3768 1932 3822 mdes
1961 3767 2174 3838 ingres-

595 3875 695 3915 sus
719 3865 824 3924 est,
858 3863 1158 3928 aperteque
1202 3871 1300 3911 ore
1345 3871 1448 3912 suo
1479 3857 1617 3912 dixit
1651 3857 1822 3912 :Cuzn
1868 3859 2171 3914 secundum

598 3950 908 4007 Tiberiadis
942 3951 1121 4004 locum
1155 3949 1472 4012 transirem,
1513 3949 1778 4006 Joannem
1815 3959 1873 4006 et
1905 3951 2170 4008 Jacobum

599 4041 846 4097 Zebedai
887 4039 1026 4096 filios
1059 4039 1218 4109 elegi,
1261 4047 1315 4095 et
1349 4037 1655 4102 Simonem,
1694 4050 1748 4096 et
1781 4041 2079 4105 Andream,
2119 4051 2175 4097 et

597 4132 950 4192 Thaddaeum.
964 4138 1018 4187 et
1031 4129 1307 4186 Simonem
1325 4129 1572 4197 Zeloten,
1583 4129 1674 4187 etJ
1680 4132 1840 4186 udam
1854 4133 2172 4198 lscarioten,

595 4235 650 4282 et
676 4236 728 4280 te
747 4223 1059 4279 Matthazum
1091 4223 1157 4278 ad
1177 4223 1442 4278 telonium
1461 4224 1738 4280 sedentem
1759 4225 1971 4287 vocavi,
1998 4241 2062 4279 ac
2091 4242 2178 4282 me

597 4319 714 4387 ipse
745 4325 971 4372 secutus
987 4329 1067 4371 es.
1088 4313 1226 4369 Volo
1249 4315 1434 4384 itaque
1455 4314 1746 4370 duodecim
1776 4331 1875 4370 vos
1896 4317 2177 4385 apostolos

595 4425 721 4466 esse
763 4407 832 4461 ad
873 4406 1250 4464 testimonium
1307 4407 1550 4462 lsraelis.
1622 4405 1689 4460 Et
1750 4414 1870 4462 erat
1934 4407 2178 4463 Joannes

2278 3221 2461 3283 αὐτοῖς
2487 3218 2805 3290 Εὑαγγελίῳ
2830 3218 2971 3273 κατά
3013 3219 3293 3272 Ματθαῖον
3327 3219 3703 3291 ὀνομαζομένῳ,
3728 3216 3802 3283 οὐχ

2278 3309 2384 3380 ὅλῳ
2415 3309 2473 3361 δὲ
2515 3308 2896 3380 πληρεστάτη),
2943 3308 3081 3362 άλλά
3112 3309 3504 3382 νενοθευμένῳ,
3544 3309 3626 3364 καὶ
3655 3311 3801 3378 ἠκρω-

2277 3401 2650 3472 τηριασμένῳ,
2688 3400 2976 3472 Ἐϐραῗκδν
3009 3401 3066 3455 δὲ
3114 3402 3271 3456 τοῦτο
3307 3403 3588 3466 καλοῦσιν,
3615 3398 3801 3470 ἐμφέρε-

2277 3511 2388 3560 ται,
2407 3494 2489 3546 ὃτι
2517 3493 2767 3559 Ἐγένετό
2793 3511 2876 3558 τις
2903 3493 3042 3565 ἀνὴρ
3063 3495 3285 3565 ὀνόματι
3317 3495 3542 3567 Ἰησοῦς,
3571 3494 3655 3548 καὶ
3675 3489 3801 3549 αὐτὸς

2279 3587 2355 3649 ὼς
2379 3584 2515 3639 ἐτῶν
2543 3585 2857 3658 τριάκοντα,
2893 3587 2953 3650 ὃς
3004 3585 3284 3652 ἐξελέξατο
3331 3591 3502 3660 ἡμᾶς.
3533 3590 3632 3644 Καὶ
3667 3581 3800 3638 ἐλθὼν

2279 3680 2362 3743 εἰς·
2393 3679 2794 3750 Καφαρναοὺμ,
2843 3677 3090 3749 εἰσῆλθεν
3135 3681 3216 3742 είς
3262 3679 3364 3751 τὴν
3395 3682 3564 3734 οἰκίαν
3605 3678 3800 3748 Σίμωνος

2278 3769 2374 3822 τοῦ
2401 3768 2788 3839 ἐπικληθέντος
2842 3770 3088 3841 Πέτρου,
3137 3770 3232 3822 καὶ
3291 3772 3510 3838 ἀνοίξας
3555 3769 3610 3823 τὸ
3664 3765 3799 3832 στόμα

2281 3858 2450 3914 αὐτοῦ
2487 3859 2633 3928 εἶπε,
2689 3861 3108 3932 Παρερχόμενος
3143 3861 3294 3933 παρὰ
3334 3863 3434 3933 τὴν
3467 3862 3645 3932 λίμνην
3676 3855 3800 3909 Titii-:-

2283 3952 2466 4023 ριάδος
2506 3950 2839 4023 ἐξελεξάμην
2877 3953 3130 4024 Ἰωάννην
3165 3954 3261 4006 καὶ
3303 3953 3552 4008 Ἰάκωϐον
3580 3949 3706 4010 υἱοὺς
3725 3945 3799 3997 Ζε-

2281 4044 2519 4109 ϐεδαίου,
2555 4046 2651 4098 καὶ
2693 4043 2934 4114 Σίμωνα,
2975 4045 3069 4098 καὶ
3116 4045 3392 4116 Ἀνδρέαν,
3443 4045 3534 4098 καὶ
3571 4039 3796 4095 Θαδδαῖον.

2282 4141 2379 4190 καὶ
2424 4136 2645 4208 Σίμωνα
2692 4134 2786 4189 τὸν
2831 4135 3118 4208 Ζηλωτὴν,
3165 4137 3260 4190 καὶ
3301 4137 3504 4191 Ἰούδαν
3545 4135 3626 4188 τὸν
3662 4131 3798 4183 Ἰσκαυ

2287 4227 2508 4300 ριώτην,
2551 4227 2643 4283 καί
2677 4245 2737 4282 σε
2781 4229 2878 4282 τὸν
2911 4229 3188 4284 Ματθαῖον
3232 4230 3584 4302 καθεζόμενον
3623 4223 3700 4278 ἐπὶ
3724 4217 3796 4272 τοῦ

2284 4321 2538 4374 τελωνίου
2568 4320 2824 4386 ἐκάλεσα,
2860 4321 2954 4375 καὶ
2982 4321 3352 4391 ὴκολούθησάς
3393 4340 3498 4394 μοι.
3541 4318 3690 4388 Ὑμᾶς
3725 4307 3796 4365 οὖν

2288 4411 2548 4482 βούλομαι
2593 4407 2734 4465 εἶναι
2771 4410 2998 4464 δεκαδύο
3042 4411 3394 4478 ἀποστόλους,
3433 4413 3510 4473 εἰς
3553 4402 3795 4480 μαρτύριον

600 4497 904 4568 haptizans,
949 4503 1004 4550 et
1039 4496 1288 4550 exierant
1321 4496 1386 4550 ad
1425 4511 1550 4550 eum
1593 4494 1880 4559 Pharisaei,
1928 4497 2090 4568 138
2123 4506 2171 4552 el

2281 4503 2376 4556 τοῦ
2421 4502 2659 4575 Ἰσραήλ.
2699 4503 2811 4555 Καὶ
2849 4503 3068 4572 ἐγένετο
3121 4501 3378 4573 Ἰωάννης
3411 4499 3684 4573 βαπτίζων,
3724 4491 3796 4542 καὶ

600 4588 860 4660 haptizati
894 4595 1046 4651 sunt,
1085 4597 1141 4642 et
1174 4587 1353 4642 omnis
1389 4584 1788 4656 Hierosolyma.
1832 4588 1952 4656 Ipse
1991 4598 2172 4645 autem

595 4681 836 4734 Joannes
865 4678 1102 4733 habebat
1135 4677 1523 4732 vestimentum
1565 4677 1632 4732 de
1675 4679 1800 4747 pilis
1839 4680 2173 4734 camelorum

595 4781 652 4826 et
687 4785 880 4825 zonam
931 4768 1216 4840 pelliceam
1259 4767 1404 4823 circa
1445 4767 1661 4824 lumbos
1703 4785 1838 4826 suos
1879 4789 1893 4824 :
1929 4779 1984 4827 et
2017 4774 2174 4830 cibus

596 4863 717 4933 ejus
757 4869 874 4917 erat
919 4860 1025 4916 mel
1077 4859 1348 4922 silvestre,
1394 4860 1554 4930 cujus
1601 4877 1765 4932 sapor
1803 4874 1921 4918 erat
1962 4881 2176 4922 manna:

597 4954 818 5018 similis,
837 4951 1183 5024 velutlagani
1208 4950 1334 5008 fii'zi
1354 4967 1476 5006 cum
1501 4953 1640 5009 oleo.
1669 4953 1823 5022 Quod
1852 4972 1919 5011 eo
1941 4956 2170 5023 faciunt,

598 5056 656 5102 ut
683 5046 932 5102 veritatis
965 5059 1275 5102 sermonem
1324 5044 1378 5098 in
1424 5045 1770 5100 mendacium
1811 5059 2171 5114 commutent.

594 5151 649 5196 et
680 5156 781 5212 pro
818 5155 883 5196 eo
913 5138 1059 5210 quod
1089 5146 1176 5193 est
1212 5136 1462 5208 ἀκρίδας,
1507 5138 1611 5192 hoc
1651 5149 1736 5195 est
1779 5141 2041 5208 locustas,
2079 5146 2173 5214 ἐγ-

597 5235 810 5306 κρίδας,
845 5233 949 5288 hoc
977 5241 1062 5288 est
1099 5231 1354 5303 epichyia
1385 5231 1586 5287 mellita
1614 5233 1969 5289 substituant.
2002 5235 2174 5294 Porro

599 5324 949 5394 Evangelium
977 5325 1196 5380 illorum
1233 5325 1315 5379 sic
1349 5323 1570 5393 incipit:
1591 5321 1817 5379 Factum
1852 5335 1937 5382 est
1965 5328 2018 5382 in
2052 5329 2170 5386 die-

601 5415 700 5472 bus
733 5413 964 5471 llerodis
997 5417 1142 5486 regis
1173 5413 1392 5478 Judaeee,
1437 5422 1498 5470 ut
1541 5417 1752 5471 veniret
1793 5417 2033 5476 Joannes
2076 5423 2172 5476 ha-

668 5567 782 5641 (29)
823 5565 906 5641 οὗ
942 5572 980 5636 ἡ
1016 5572 1222 5639 γεῦσις
1259 5568 1336 5641 ἦν
1383 5571 1488 5626 τοῦ
1532 5571 1754 5640 μάννα.
1798 5573 1899 5639 Qui
1935 5583 2042 5627 tam
2081 5579 2173 5630 ali-

599 5639 767 5691 Surda
822 5639 1498 5707 interpretationefucum
1535 5639 1676 5704 huic
1730 5645 1848 5698 loco
1901 5645 2174 5701 faciebant

600 5705 946 5780 lrzeretici.ad
966 5705 1028 5761 ea
1049 5711 1440 5780 respiciebant.
1463 5727 1582 5780 qua:
1612 5712 1784 5768 Exod.
1815 5731 1900 5768 xvi
1931 5723 1986 5768 ct
2009 5715 2169 5773 Num.

602 5791 696 5840 xu,
731 5776 799 5831 dc
843 5789 1039 5830 manna
1072 5776 1324 5850 leguntur
1369 5799 1382 5836 :
1421 5776 1578 5852 cujus
1609 5793 1803 5854 gustus
1834 5783 2006 5841 fuisse
2037 5787 2175 5842 dici-

2281 4596 2504 4666 ἐξῆλθον
2529 4595 2665 4668 πρὸς
2695 4594 2856 4648 αὐτὸν
2871 4596 3174 4667 Φαρισαῖοι,
3193 4595 3288 4649 καὶ
3316 4591 3706 4659 ἐϐαπτίσθησαν,
3724 4582 3792 4633 καὶ

2283 4691 2436 4744 πᾶσα
2469 4688 2840 4762 Ἰεροσόλυμα.
2875 4688 2988 4742 Καὶ
3016 4683 3162 4759 εἶχεν
3182 4691 3210 4742 ὁ
3248 4688 3498 4756 Ἰωάννης
3516 4683 3692 4748 ἔνδυμα
3713 4669 3793 4762 ἀπὸ

2281 4780 2485 4853 τριχῶν
2519 4761 2804 4853 καμήλου,
2845 4780 2940 4834 καὶ
2992 4779 3168 4851 ζώνην
3213 4778 3534 4850 δερματίνην
3575 4767 3684 4840 περὶ
3719 4761 3792 4853 τὴν

2281 4852 2452 4939 ὀσφὺν
2505 4852 2703 4926 αὑτοῦ·
2745 4871 2840 4924 καὶ
2883 4871 2942 4924 τὸ
3001 4870 3198 4942 βρῶμα
3259 4869 3455 4933 αὐτοῦ,
3505 4864 3650 4936 φησὶ,
3698 4852 3790 4926 μέλι

2281 4966 2494 5039 anno“
2531 4958 2592 5019 οὗ
2647 4967 2680 5037 ἡ
2713 4965 2901 5034 γεῦσις
2939 4962 3007 5036 ἦν
3039 4966 3133 5020 τοῦ
3170 4966 3346 5037 μάννα
3376 4964 3500 5036 (29),
3540 4961 3606 5023 ὡς
3643 4951 3790 5022 ὲγκρξ

2282 5061 2340 5111 ἐν
2361 5058 2528 5130 ἐλαίῳ
2546 5073 2560 5088 ⁸
2590 5059 2676 5111 ἵνα
2704 5058 2867 5129 δῆθεν
2905 5059 3320 5130 μεταστρέψωσι
3355 5058 3445 5111 τὸν
3472 5056 3563 5125 τῆς
3586 5044 3789 5116 ἀληθείας

2281 5149 2436 5218 λόγον
2459 5153 2539 5214 είς
2565 5150 2780 5220 ψεῦδος,
2814 5153 2907 5204 καὶ
2932 5152 3052 5205 ἀντὶ
3081 5151 3320 5224 ἀκρίδων
3345 5151 3618 5220 ποιήσωσιν
3645 5131 3786 5205 ἐγκρί-

2279 5240 2374 5304 δας
2403 5243 2460 5294 ἐν
2494 5242 2690 5312 μέλιτι.
2738 5242 2801 5296 Ἡ
2836 5243 3071 5314 δέ“ἁρχὴ
3100 5243 3194 5297 τοῦ
3231 5245 3362 5314 παρ’
3402 5240 3570 5300 αὐτοῖς
3594 5232 3786 5320 Εὐστγεὶ

2281 5330 2394 5382 λίου
2416 5330 2552 5400 ἔχει,
2577 5333 2658 5384 ὅτι
2717 5333 2967 5400 Ἐγένετο
3005 5336 3062 5386 ἐν
3093 5335 3214 5395 ταῖς
3236 5335 3462 5404 ἡμέραις
3489 5321 3694 5396 Ἡρώδου
3714 5329 3783 5366 του

2283 5421 2549 5492 βασιλέως
2593 5423 2692 5494 τῆς
2741 5423 3032 5490 Ἰουδαίας,
3076 5421 3240 5496 ἦλθεν
3295 5423 3534 5489 Ἰωάννης
3565 5407 3784 5487 βαπτίζων

2282 5587 2388 5654 tur,
2419 5580 2496 5643 ὡς
2517 5581 2708 5654 ἐγκρλς
2735 5583 2790 5654 ἐν
2821 5582 3004 5654 ἐλαίῳ.
3037 5582 3141 5638 Sed
3177 5599 3278 5640 nec
3305 5583 3477 5636 minus
3505 5567 3698 5654 ridicule
3717 5572 3781 5654 ac:

2281 5632 2388 5703 stri'
2427 5632 2718 5732 ic'mss‘r‘i'sj
2739 5632 3002 5708 issi-aia
3028 5632 3470 5725 adiass'v‘aaei...‘
3493 5640 3686 5715 ἀκρίδας
3708 5632 3779 5684 δε·

2281 5735 2507 5788 pravare
2537 5730 2720 5775 conati
2758 5731 2906 5778 sunt.
