3982 6446
379 343 486 404 429

1055 344 1423 408 Αονειιευδ
1461 329 1804 408 nuntiasse,
1844 351 1970 406 LIB.
2013 349 2053 407 ι.
2095 349 2260 406 Ton.
2303 352 2367 406 ιι.
2410 383 2481 392 -
2519 339 2982 411 ιιΑῖιιεδ.ΧΧΧ.

3552 351 3660 414 13⁸)

385 469 674 541 βάπτισμα
729 471 1018 541 μετανοίας
1069 474 1128 527 ὲν
1183 473 1260 546 τῷ
1307 451 1550 549 Ἰορδάνῃ
1610 475 1871 547 ποταμῷ,
1921 473 1980 538 ὃς

2098 473 2296 543 ptizans
2350 474 2624 546 baptismo
2684 475 3022 546 poenitentiae
3081 475 3134 530 in
3183 473 3422 533 Iordane
3469 476 3656 541 ﬂuvio,

381 560 608 628 ἐλέγετο
650 557 789 614 εἶναι
840 563 904 616 ὲκ
955 563 1146 631 γένους
1191 564 1402 636 Ἀαρὼν
1445 565 1540 620 τοῦ
1587 565 1796 636 ἱερέως,
1845 567 1974 628 παῖς

383 651 659 722 Ζαχαρίου
691 654 789 708 καὶ
829 655 1132 721 Ἐλισάδετ,
1167 657 1260 710 καὶ
1307 656 1599 728 ἐξήρχοντο
1635 657 1772 728 πρὸς
1812 657 1973 710 αὐτὸν

385 746 610 809 πάντες.
644 747 756 801 Καὶ
803 749 939 818 μετὰ
985 747 1045 802 τὸ
1097 750 1272 802 εἰπεῖν
1321 750 1512 814 πολλὰ,
1553 750 1824 821 ἐπιφέρει,
1869 751 1970 813 ὅτι,

385 838 495 892 Τοῦ
530 837 660 894 λαοῦ
705 840 1118 910 βαπτισθέντος,
1152 838 1284 914 ἦλθε
1319 843 1417 896 καὶ
1455 843 1682 912 Ἰησοῦς,
1714 843 1808 896 καὶ
1851 843 1976 894 ὲὸα-

386 932 594 1004 πτίσθη
630 933 733 987 ὑπὸ
766 933 859 988 τοῦ
911 935 1183 990 Ἰωάννου.
1223 935 1332 989 Καὶ
1369 936 1444 998 ὼς
1477 935 1707 1006 ἀνῆλθεν
1747 935 1854 988 ἀπὸ
1879 935 1974 986 τοῦ

389 1024 624 1088 ὕδατος,
658 1027 956 1098 ἠνοίγησαν
1001 1029 1049 1080 οί
1093 1027 1333 1098 οὐρανοὶ,
1375 1028 1468 1080 καὶ
1503 1025 1610 1080 εἶδε
1650 1027 1711 1080 τὸ
1752 1027 1976 1098 Πνεῦμα

386 1118 485 1172 τοῦ
516 1119 653 1172 Θεοῦ
695 1119 755 1171 τὸ
791 1119 944 1188 ἅγιον
991 1122 1047 1173 έν
1083 1118 1215 1173 εἴδει
1251 1121 1578 1192 περιστερᾶς
1611 1120 1978 1190 κατελθοιίσης

385 1210 490 1264 καὶ
522 1210 872 1283 εἰσελθούσης
895 1216 976 1274 είς
994 1212 1178 1265 αὐτόν.
1208 1212 1322 1266 Καὶ
1353 1215 1504 1283 φωνὴ
1534 1213 1755 1280 ἐγένετο
1787 1214 1851 1266 ἐκ
1882 1212 1976 1265 τοῦ

385 1301 647 1372 οὐρανοῦ,
680 1301 914 1370 λέγουσα
929 1317 942 1332 ³
973 1304 1058 1356 Σύ
1083 1320 1202 1372 μου
1223 1298 1279 1356 εἷ
1294 1305 1326 1356 ὁ
1365 1303 1498 1369 Υἱὸς
1515 1305 1546 1357 ό
1566 1302 1892 1372 ἀγαπητὸς,
1911 1303 1980 1356 ἐν

388 1395 496 1448 σοί
530 1393 848 1463 ηὑδόκησα
869 1411 882 1426 ο
924 1395 1018 1448 καὶ
1045 1395 1209 1448 πάλιν
1229 1411 1242 1424 ·
1291 1395 1438 1465 Ἐγὼ
1474 1400 1744 1465 σήμερον
1779 1395 1981 1466 γεγέν-

387 1485 555 1552 νηκὰ
578 1502 668 1540 σε.
689 1487 800 1540 Καὶ
823 1486 985 1550 εὐθὺς
1009 1487 1349 1559 περιέλαμψε
1370 1488 1460 1541 τὸν
1482 1487 1646 1542 τόπον
1673 1487 1788 1555 φῶς
1815 1487 1978 1558 μέγα.

396 1579 469 1630 ’Ὀ
500 1577 644 1640 ἰδὼν,
687 1579 870 1649 φησὶν,
903 1581 932 1633 ὁ
976 1579 1228 1650 Ἰωάννης
1259 1579 1408 1648 λέγει
1439 1577 1588 1649 αὐτῷ
1608 1594 1622 1610 ⁸
1679 1579 1762 1632 Σὺ
1792 1579 1883 1644 τίς
1903 1575 1976 1641 εἷ,

391 1651 578 1737 Κύρίε
595 1687 612 1733 ;
636 1671 746 1724 Καὶ
775 1669 936 1724 πάλιν
962 1672 1113 1742 φωνὴ
1143 1671 1200 1738 ἐξ
1229 1669 1461 1742 οὐρανοῦ
1486 1671 1622 1742 πρὸς
1647 1671 1836 1724 αὐτόν·
1869 1666 1982 1726 Οὗ-

393 1761 502 1826 τός
537 1761 710 1815 ἐστιν
746 1765 780 1816 ὁ
827 1763 959 1829 Υἱός
980 1781 1098 1832 μου
1139 1767 1172 1818 ό
1199 1763 1504 1830 ἀγαπητὸς
1527 1803 1541 1826 ,
1579 1762 1671 1831 ἐφ’
1708 1761 1780 1815 ὃν
1804 1762 1983 1830 ηὐδό-

2075 579 2238 634 quem
2275 563 2526 620 fercb.:nt
2554 583 2619 622 ex
2656 581 2854 636 genere
2892 582 3016 647 esse
3053 567 3288 623 Aaronis
3334 567 3660 638 sacerdotis,

2077 656 2223 711 (ilius
2249 656 2532 712 Zacharias
2567 669 2622 714 et
2652 658 3007 723 Elizabethaa,
3049 667 3105 714 et
3139 659 3564 729 egrediebantur
3595 661 3662 714 ad

2081 748 2234 803 illum
2257 765 2468 806 omnes.
2511 749 2649 804 Tum
2687 752 2846 821 longe.
2883 763 3070 820 postea
3113 750 3436 822 subjungit:
3474 751 3665 820 Bapti-

2076 848 2200 896 zato
2231 841 2430 910 populo
2459 842 2610 896 venit
2642 849 2707 896 ρι-
2727 841 2911 906 .lesus,
2944 851 2999 898 et
3036 857 3067 896 a
3108 841 3320 897 Joanne
3352 843 3664 913 baptizatus

2076 937 2180 986 est.
2207 930 2458 1001 Cumque
2485 933 2828 988 ascendisset
2857 949 2922 987 ex
2947 949 3112 1004 aqua,
3144 935 3321 1004 aperti
3349 942 3480 988 sunt
3512 935 3660 996 caeli.

2078 1031 2133 1079 et
2161 1025 2292 1080 vidit
2324 1023 2589 1096 Spiritum
2626 1025 2720 1080 Dei
2755 1036 3004 1080 sanctum
3035 1027 3300 1082 columbae
3328 1028 3512 1097 specie
3565 1027 3663 1082 de-

2079 1116 2399 1173 scendentis
2427 1127 2480 1173 et
2525 1118 2788 1173 intrantis
2829 1119 2884 1173 in
2915 1135 3056 1176 sese.
3090 1119 3156 1174 Et
3199 1135 3303 1174 vox
3347 1121 3563 1176 reddita
3599 1121 3669 1175 de

2079 1208 2222 1262 coelo
2271 1209 2462 1263 dicens
2511 1227 2522 1262 :
2576 1208 2655 1261 Tu
2701 1226 2755 1262 es
2805 1207 2981 1262 [filius
3023 1223 3166 1262 meus
3207 1209 3453 1274 dilectus,
3513 1211 3566 1263 in
3620 1219 3670 1264 te

2082 1299 2209 1352 mihi
2235 1299 2552 1368 complacui.
2581 1298 2646 1352 Et
2673 1300 2866 1354 iterum
2891 1318 2904 1354 :
2939 1299 3052 1370 Ego
3084 1301 3236 1354 hodie
3267 1302 3420 1370 genui
3453 1311 3522 1354 te.
3551 1299 3670 1354 Sta-

2080 1391 2288 1461 timque
2306 1406 2372 1446 eo
2400 1391 2454 1445 in
2485 1391 2605 1446 loco
2628 1392 2719 1446 lux
2749 1391 2941 1463 ingens
2971 1391 3195 1445 all'ulsit.
3223 1391 3340 1456 Qua
3372 1400 3669 1460 conspecta

2081 1480 2322 1536 Joannes
2362 1483 2442 1538 sic
2482 1475 2605 1539 eum
2649 1484 2947 1554 alloquitur
2981 1503 2993 1537 :
3041 1483 3118 1536 Tu
3144 1484 3261 1554 quis
3295 1501 3372 1548 es,
3412 1484 3671 1540 Domine?

2085 1571 2600 1645 Rursumquelapsa
2633 1591 2737 1630 vox
2768 1577 2836 1631 de
2865 1577 3006 1631 ccelo
3032 1593 3043 1629 :
3079 1577 3182 1630 Hic
3207 1587 3284 1631 est
3315 1575 3494 1632 Filius
3525 1589 3671 1631 mens

2083 1667 2332 1734 dilectus,
2367 1669 2422 1722 in
2451 1685 2553 1738 quo
2585 1669 2714 1722 mihi
2741 1671 3056 1739 complacui.
3083 1671 3161 1724 Ad
3191 1671 3305 1724 haec
3333 1669 3573 1726 Joannes
3603 1671 3674 1725 ad

2085 1758 2207 1827 ejus
2233 1757 2398 1828 pedes
2419 1759 2707 1816 accidens:
2739 1759 2955 1825 Quaeso,
2989 1760 3190 1830 inquit,
3223 1759 3469 1825 Domine,
3507 1768 3563 1813 tu
3595 1767 3675 1815 me

394 1867 586 1919 κησα.
612 1855 720 1907 Καὶ
753 1855 893 1918 τότε,
919 1857 1104 1926 φησὶν,
1128 1856 1156 1908 ὁ
1190 1855 1443 1924 Ἰωάννης
1478 1855 1802 1926 προσπεσὼν
1836 1855 1984 1928 αὐτῷ

2098 1851 2196 1919 ipse
2225 1851 2458 1919 baptiza.
2504 1853 2574 1905 At
2605 1851 2695 1906 ille
2725 1853 3049 1922 prohibebat
3077 1869 3200 1908 eum
3247 1854 3438 1910 dicens
3469 1874 3481 1908 :
3513 1853 3672 1935 Sjne;

395 1942 556 2010 ἔλεγε
577 1959 592 1973 ο
623 1941 836 2012 Δέομαί
867 1960 984 1998 σου
1003 1985 1018 2005 ,
1044 1945 1243 2013 Κύριε,
1271 1946 1352 1998 σύ
1382 1961 1460 2014 με
1483 1944 1810 2009 βάπτισον.
1846 1946 1904 2000 Ὁ
1929 1947 1985 2000 δὲ

395 2033 642 2088 ἐκώλυεν
667 2034 836 2102 αὐτῷ,
863 2034 1038 2106 λέγων
1063 2053 1077 2068 ο
1104 2037 1295 2106 Ἀφες,
1332 2037 1414 2090 ὅτι
1437 2035 1609 2100 οὕτως
1637 2039 1752 2090 ἐστὶ
1775 2039 1984 2109 πρέπον

396 2126 758 2198 πληρωθῆναι
785 2129 985 2184 πάντα.
1025 2175 1036 2178 -

476 2223 577 2275 1Δ’.
627 2221 764 2294 Ὅρα
805 2222 861 2276 δὲ
905 2223 1004 2293 τὴν
1048 2223 1179 2294 παρ’
1227 2223 1412 2286 αὐτοῖς
1461 2225 1986 2296 παραπεποιημένην

398 2303 746 2383 πανταχόθεν
773 2311 1150 2378 διδασκαλίαν,
1176 2312 1294 2376 πῶς
1319 2314 1496 2368 πάντα
1527 2313 1696 2384 χωλὰ,
1720 2314 1868 2382 λοξὰ,
1895 2316 1988 2368 καὶ

398 2403 666 2472 οὐδεμίαν
697 2402 968 2474 ὀρθότητα
995 2401 1210 2474 ἔχοντα.
1246 2404 1304 2456 '0
1338 2405 1435 2475 μὲν
1463 2404 1572 2476 γὰρ
1588 2405 1858 2476 Κήρινθος
1895 2407 1989 2460 καὶ

399 2493 770 2564 Καρποκρᾶς,
806 2493 884 2563 τῷ
924 2492 1075 2564 αὐτῷ
1125 2491 1398 2564 χρώμενοι
1438 2494 1600 2564 δῆθεν
1640 2497 1770 2568 παρ’
1806 2495 1989 2558 αὐτοῖς

401 2583 730 2654 Εὑαγγελίῳ
781 2583 890 2636 ἀπὸ
920 2583 1020 2654 τῆς
1045 2585 1221 2656 ἀρχῆς
1265 2583 1358 2638 τοῦ
1398 2585 1541 2640 κατὰ
1581 2587 1860 2640 Ματθαῖον
1887 2587 1990 2640 Εὑ-

400 2676 664 2744 αγγελίου
708 2675 798 2729 διὰ
837 2677 934 2746 τῆς
969 2677 1344 2746 γενεαλογίας,
1389 2677 1676 2748 βούλονται
1719 2682 1990 2750 παριστᾷν

401 2773 471 2823 ἐκ
503 2769 818 2840 σπέρματος
855 2768 1048 2840 Ἰωσὴφ
1079 2769 1174 2823 καὶ
1204 2771 1421 2840 Μαρίας
1446 2766 1586 2826 εἶναι
1617 2773 1708 2825 τὸν
1734 2775 1988 2844 Χριστόν.

405 2853 575 2914 Οὗτοι
603 2861 663 2914 δὲ
703 2861 837 2916 ἄλλα
862 2861 988 2916 τινὰ
1030 2861 1384 2915 διανοοῦνται.
1419 2864 1844 2934 Παρακὸψαντες
1883 2865 1994 2938 γὰρ

401 2955 508 3018 τὰς
553 2953 704 3024 παρὰ
741 2951 818 3022 τῷ
871 2951 1136 3024 Ματθαίῳ
1179 2953 1548 3023 γενεαλογίας,
1587 2954 1846 3026 ἄρχονται
1894 2957 1993 3028 τὴν

403 3046 587 3118 ἀρχὴν
609 3045 898 3108 ποιεῖσθαι,
919 3045 994 3110 ὡς
1021 3047 1302 3116 προεῖπον,
1321 3045 1593 3115 λέγοντες,
1615 3048 1698 3100 ὅτι
1727 3047 1992 3116 Ἐγένετο,
2017 3063 2022 3066 '

403 3141 598 3212 φησιν,
634 3140 692 3192 ὲν
721 3141 842 3202 ταῖς
879 3138 1122 3210 ῆμέραις
1164 3137 1402 3210 Ἡρώδου
1439 3139 1701 3210 βασιλέως
1731 3141 1830 3212 τῆς
1869 3140 1996 3195 Ἰου-
2022 3178 2068 3238 C

403 3231 570 3295 δαίας
620 3231 714 3283 ὲπί
751 3229 1054 3303 ἀρχιερέως
1109 3231 1370 3299 Καῖὰφα,
1419 3226 1554 3302 ἦλθέ
1603 3249 1689 3295 τις
1743 3233 1994 3304 Ἰωάννης

404 3322 641 3392 ὀνόματι
683 3319 966 3391 βαπτίζων
1009 3319 1293 3391 βάπτισμα
1347 3322 1638 3392 μετανοίας
1677 3325 1736 3376 ἐν
1779 3324 1856 3394 τῷ
1901 3342 1998 3378 πο-

404 3411 574 3484 ταμῷ
614 3413 876 3486 Ἰορδάνῃ,
912 3413 1008 3466 καὶ
1042 3412 1116 3466 τὰ
1143 3412 1291 3483 ἑξῆς.
1335 3413 1553 3483 Ἐπειδὴ
1583 3415 1692 3487 γὰρ
1719 3414 1997 3485 βούλονται

407 3505 502 3558 τὸν
533 3505 630 3575 μὲν
666 3505 874 3575 Ἰησοῦν
903 3504 1072 3568 ὅντως
1095 3504 1384 3576 ἄνθρωπον
1411 3503 1570 3570 εἶναι,
1596 3507 1673 3570 ὡς
1713 3511 1995 3579 προεῖπον,

407 3594 647 3666 Χριστὸν
675 3595 732 3648 δὲ
759 3596 817 3648 ὲν
867 3595 1016 3666 αὐτῷ
1057 3595 1382 3666 γεγενῆσθαι
1414 3597 1504 3650 τὸν
1539 3599 1598 3650 ὲν
1623 3601 1954 3670 περιστερᾶς
1978 3601 1994 3631 ¹

409 3685 855 3756 καταϐεϐηκότα,
890 3685 1144 3757 καθάπερ
1168 3686 1270 3756 ῆδη
1305 3687 1400 3740 κοιλ¹
1439 3689 1570 3761 παρ’
1609 3687 1800 3752 ἄλλαις
1843 3690 1989 3762 αίρέ-

413 3793 566 3830 σεσιν
596 3777 921 3847 εὑρίσκομεν
954 3775 1293 3845 συναφθέντα
1331 3775 1502 3849 αὐτῷ,
1534 3779 1629 3832 καὶ
1670 3775 1811 3834 εἶναι
1837 3781 2000 3836 αὑτὸν

406 3871 504 3923 τὸν
535 3870 768 3942 Χριστὸν
799 3871 863 3922 ἐκ
903 3869 1220 3940 σπέρματος
1253 3869 1445 3941 ἀνδρὸς
1478 3871 1571 3924 καὶ
1614 3875 1874 3941 γυναικὸς
1903 3891 2000 3943 γε-

409 3960 738 4030 γενημένον.
760 3959 928 4014 Πάλιν
955 3959 1013 4012 δὲ
1039 3958 1329 4030 ἀρνοῦνται
1357 3955 1498 4014 εἶναι
1526 3961 1692 4015 αὐτὸν
1715 3963 2002 4035 ἄνθρωπον

410 4049 578 4121 δῆθεν
642 4048 752 4102 ἀπὸ
801 4048 897 4102 τοῦ
937 4049 1118 4118 λόγου,
1166 4042 1228 4102 οὗ
1270 4049 1493 4120 εἴρηκεν
1525 4051 1554 4103 ὁ
1593 4051 1782 4124 Σωτὴρ
1825 4054 1884 4107 ὲν
1923 4053 2001 4124 τῷ

412 4141 782 4216 ἀναγγελῆναι
825 4141 1007 4207 αὑτὸν,
1033 4141 1115 4195 ὅτι
1153 4141 1301 4196 Ἰδοὺ
1350 4144 1390 4210 δή
1412 4142 1612 4212 μήτηρ
1650 4157 1767 4200 σου
1816 4147 1915 4199 καί
1944 4149 1999 4201 οἱ

410 4233 668 4304 ἀδελφοί
724 4249 840 4288 σου
888 4231 1004 4297 ἔξω
1041 4232 1396 4299 ἑστήκασιν,
1447 4233 1528 4286 ὅτι
1583 4234 1680 4300 Τίς
1716 4251 1837 4304 μου
1869 4235 2000 4290 ἐστὶ

407 4327 611 4399 μήτηρ
653 4327 755 4379 καί
778 4341 899 4394 μου
938 4323 1225 4394 ἁδελφοίς
1263 4322 1376 4377 Καὶ
1421 4324 1694 4392 ἐκτείνας
1719 4325 1816 4380 ἐπὶ
1860 4327 2004 4392 τοὺς

409 4419 684 4491 μαθητὰς
715 4416 830 4486 τὴν
854 4416 1042 4486 χεῖρα,
1071 4417 1188 4487 ἔφη
1213 4435 1226 4448 ·
1264 4413 1443 4473 Οὗτοί
1467 4419 1627 4471 εἰσιν
1663 4420 1717 4472 oi
1749 4418 2005 4488 ἀδελφοί

2089 1942 2164 1996 ita
2195 1943 2339 1998 enim
2369 1943 2525 1999 decet
2550 1959 2650 1999 nos
2683 1945 2908 2015 implere
2937 1947 3141 2001 omnia;

2163 2207 2302 2261 XIV.
2345 2209 2482 2266 Vide
2519 2226 2682 2281 quam
2734 2213 2799 2268 sit
2841 2223 3032 2268 eorum
3079 2213 3442 2284 undequaq'ue
3481 2214 3680 2286 deprao

2092 2309 2216 2354 vata
2251 2301 2530 2367 doctrina;
2565 2317 2728 2372 quam
2761 2304 3150 2369 claudicantia,
3187 2305 3530 2376 distortaque
3568 2307 3679 2361 sint

2095 2391 2298 2453 omnia,
2334 2407 2435 2446 nec
2467 2392 2602 2446 recti
2643 2392 2944 2462 quidquam
2991 2394 3334 2449 contineant.
3381 2395 3678 2450 Cerinthus

2097 2482 2240 2535 enim
2281 2489 2334 2535 et
2361 2481 2721 2551 Carpocrates
2746 2483 2937 2538 eodem
2964 2481 3222 2546 Matthaei,
3257 2492 3316 2538 ut
3345 2483 3564 2555 quidem
3586 2501 3682 2540 vo-

2097 2572 2239 2636 lunt,
2275 2571 2570 2643 Evangelio
2602 2572 2749 2637 freti,
2786 2589 2851 2628 ex
2884 2574 3007 2643 ejus
3041 2574 3200 2628 initio
3235 2574 3552 2646 Christique
3587 2591 3682 2646 ge-

2097 2667 2347 2737 nealogia
2393 2667 2629 2737 probare
2674 2669 2948 2734 nituntur,
2987 2667 3270 2723 Christum
3305 2682 3336 2724 e
3375 2667 3599 2739 Josephi
3627 2678 3683 2725 et

2099 2758 2281 2813 Mariae
2330 2761 2540 2814 semine
2583 2773 2710 2814 esse
2763 2767 3137 2829 procreatum.
3177 2757 3258 2813 Illi
3301 2766 3492 2814 contra
3534 2760 3684 2814 aliud

2096 2853 2324 2906 omnino
2354 2857 2624 2907 statuunt.
2657 2849 2796 2905 Nam
2833 2852 2982 2906 omni
3015 2852 3107 2906 illa
3139 2853 3453 2924 genealogia
3487 2866 3684 2924 ampu-

2097 2951 2230 3007 tata,
2261 2943 2389 2998 inde
2411 2946 2554 3000 unde
2569 2946 2811 3001 diximus
2838 2945 3058 3000 initium
3090 2945 3370 3000 deducunt
3405 2964 3416 2999 :
3455 2945 3683 3000 Factum

2099 3039 2182 3087 est
2228 3033 2282 3086 in
2331 3033 2524 3088 diebus
2568 3033 2801 3090 Herodis
2834 3035 2980 3106 regis
3019 3035 3241 3098 Judaeze,
3287 3037 3391 3091 sub
3441 3037 3689 3107 prim-ipe

2102 3123 2454 3180 sacerdotum
2503 3124 2736 3196 Caipha,
2793 3134 2855 3180 ut
2886 3127 3102 3182 veniret
3149 3129 3392 3198 quidam,
3446 3126 3687 3184 Joannes

2100 3219 2344 3284 nomine,
2376 3204 2668 3288 baptiians
2702 3218 2977 3289 baptismo
3006 3221 3346 3290 poenitentiae
3369 3221 3422 3274 in
3451 3219 3688 3278 Jordane

2099 3309 2284 3374 ﬂuvio,
2303 3317 2410 3365 etc.
2427 3309 2877 3380 Quandoquidem
2895 3309 3102 3376 Jesum,
3123 3309 3450 3375 utdiximus,
3475 3320 3686 3366 merum

2100 3402 2378 3458 hominem
2424 3402 2706 3459 exstitisse
2749 3409 2980 3474 putant,
3037 3401 3094 3456 in
3127 3418 3302 3472 eoque
3331 3401 3492 3472 139
3526 3418 3679 3458 rese-

2100 3497 2248 3580 disse
2288 3497 2595 3555 Christum.
2643 3498 2739 3568 qui
2788 3497 3060 3552 columbae
3110 3498 3292 3567 specie
3335 3498 3406 3553 sit
3434 3498 3684 3568 illapsus,

2101 3604 2225 3644 cum
2251 3606 2424 3661 eoque
2446 3591 2816 3662 coniunctus;
2849 3590 2902 3645 id
2924 3591 3070 3661 quod
3102 3590 3228 3645 ali-Is
3257 3591 3481 3660 inSuper
3510 3591 3654 3644 hmre
3673 3620 3686 3628 -

2103 3685 2257 3739 sibus
2283 3685 2558 3756 placuisse
2584 3687 2830 3756 reperio;
2855 3687 2930 3739 ita
2950 3683 3137 3740 Jesum
3171 3687 3349 3754 ipsum
3375 3699 3500 3740 esse
3527 3683 3690 3738 Chri-

2103 3785 2248 3833 stum
2269 3791 2334 3832 ex
2352 3777 2642 3847 utriusque
2664 3777 2908 3846 parentis
2931 3777 3139 3832 semine
3170 3783 3520 3846 prognatum.
3549 3773 3692 3829 [iuro

2102 3885 2226 3926 sum
2254 3885 2388 3924 vero
2416 3885 2525 3926 non
2561 3869 2840 3924 hominem
2877 3885 3002 3925 esse
3027 3869 3308 3924 Christum
3339 3885 3405 3924 ex
3439 3869 3543 3923 hoc
3569 3869 3691 3936 ejus

2102 3977 2376 4033 responso
2403 3962 2690 4030 colligunt,
2729 3960 2900 4030 quod,
2930 3975 3054 4014 cum
3096 3960 3473 4014 renuntiatum
3507 3967 3687 4015 eset:

2106 4053 2240 4108 Ecce
2273 4061 2444 4106 mater
2487 4061 2580 4106 tua
2616 4063 2666 4107 et
2709 4055 2906 4123 fratres
2948 4053 3027 4106 tui
3074 4051 3207 4120 foris
3252 4060 3416 4116 stant,
3451 4052 3598 4105 hunc
3633 4051 3690 4106 in

2104 4148 2325 4204 modum
2353 4147 2622 4202 reddidit:
2655 4146 2786 4212 Quae
2810 4155 2884 4200 est
2914 4153 3084 4198 mater
3107 4161 3242 4204 mea,
3265 4153 3314 4198 et
3337 4145 3530 4212 fratres
3554 4144 3691 4200 mei?

2103 4247 2152 4294 ct
2185 4236 2466 4293 extendens
2495 4252 2706 4290 manum
2723 4237 2786 4288 in
2807 4235 3099 4302 discipulos
3128 4233 3305 4288 dixit:
3329 4233 3400 4287 Ili
3421 4243 3544 4288 sunt
3571 4231 3689 4304 ria-

2107 4339 2210 4384 tres
2246 4329 2368 4394 mei,
2408 4335 2458 4382 et
2487 4337 2660 4380 mater
2691 4341 2828 4391 mea,
2861 4327 2952 4396 qui
2983 4327 3190 4396 faciunt
3225 4325 3549 4381 voluntatem
3580 4325 3694 4381 Pa-

2108 4422 2205 4476 tris
2232 4422 2396 4476 mei’.
2432 4419 2572 4475 Hinc
2606 4420 2696 4474 ille
2717 4419 3014 4490 praestigiis
3045 4421 3354 4475 instructus
3389 4419 3563 4474 Ehioii
3596 4437 3694 4474 va-

411 4530 534 4583 μου
562 4511 659 4565 καὶ
697 4511 735 4578 ή
762 4510 982 4580 μήτηρ,
1013 4513 1068 4564 οί
1104 4511 1417 4576 ποιοῦντες
1451 4510 1524 4564 τὰ
1557 4511 1862 4580 θελήματα
1895 4512 1992 4566 τοῦ

2111 4515 2222 4570 rias
2251 4529 2311 4569 se
2355 4515 2410 4568 in
2451 4513 2632 4568 larvas
2674 4519 2837 4582 atque
2866 4511 3070 4582 eﬂigies
3103 4511 3396 4576 deformat,
3430 4519 3488 4564 ut
3522 4527 3587 4567 ex
3625 4512 3692 4566 iis

415 4601 650 4668 Πατρός
677 4617 818 4669 μου.
879 4598 1192 4667 Ἐντεῦθεν,
1231 4599 1304 4664 ὡς
1349 4599 1486 4670 ἔφην
1540 4601 1639 4671 τῆς
1683 4599 1863 4672 πάσης
1904 4618 2003 4655 κυ-

415 4680 574 4750 Gaia;
620 4686 1040 4757 μεμεστωμένος
1083 4689 1112 4741 ὁ
1162 4687 1356 4742 Ἐϐίων
1397 4687 1488 4742 διὰ
1532 4688 1743 4742 πολλῶν
1779 4693 2004 4762 μορφῶν

415 4780 706 4848 ὑποφαίνει
751 4779 971 4834 ἑαυτόνο
1017 4781 1093 4846 ὡς
1124 4777 1263 4835 εἶναι
1296 4783 1582 4854 τεράστιον
1621 4782 1764 4836 κατὰ
1795 4785 1861 4837 τὰ
1893 4785 2006 4840 ἄνω

417 4889 515 4946 μοι
548 4872 1022 4946 προδεδηλωμέναι

493 4964 591 5016 lE'.
622 4957 875 5034 Χρῶνται
903 4964 959 5017 δὲ
992 4963 1084 5017 καὶ
1125 4963 1458 5034 ἄλλαιςτισὶ
1489 4967 1602 5037 (50)
1627 4965 1829 5038 βίϐλοις
1865 5006 1879 5034 ,
1908 4969 2000 5038 δῆ-

416 5057 512 5108 ὃεν
542 5059 661 5119 ταῖς
705 5056 1011 5124 Περιόδοις
1039 5057 1402 5128 καλουμέναις
1459 5058 1714 5128 Πέτρου,
1757 5064 1876 5124 ταῖς
1919 5061 2006 5114 διὰ

416 5148 737 5220 Κλήμεντος
777 5149 1104 5220 γραφείσαις
1125 5187 1140 5212 ,
1188 5149 1542 5212 νοθεύέαντες
1575 5151 1674 5220 μὲν
1707 5151 1775 5204 τὰ
1803 5153 1860 5204 ἐν
1903 5153 2004 5205 αὐ-

416 5242 541 5304 ταῖς
561 5281 576 5304 ,
610 5239 766 5308 ὀλίγα
792 5239 848 5292 δὲ
878 5239 1105 5310 ἀληθινὰ
1137 5240 1399 5302 ἐάσαντες
1418 5279 1432 5304 ,
1461 5241 1538 5304 ὠς
1567 5241 1728 5305 αὐτὸς
1762 5230 2005 5312 ’Κλήμης

416 5332 617 5395 αὐτοὺς
651 5330 793 5384 κατὰ
823 5331 1002 5384 πάντα
1046 5330 1258 5401 ἐλέγχει
1280 5367 1294 5394 ,
1341 5331 1434 5400 ἀφ’
1465 5323 1540 5383 ὧν
1571 5329 1807 5399 ἔγραψεν
1844 5331 2004 5384 Ἐπι-

497 5490 513 5518 ¹
549 5484 752 5558 Sapplc
781 5485 930 5540 εἴδει.
1007 5487 1027 5518 ³
1066 5475 1256 5540 Matth.
1296 5501 1394 5547 xu,
1424 5477 1606 5541 47-50.

495 5646 606 5715 (50)
645 5645 910 5716 Xpt'baftat
943 5642 1012 5716 δὲ
1053 5625 1149 5696 καὶ
1175 5643 1393 5709 ἄλλοις
1423 5645 1564 5698 τισί.
1606 5643 1679 5698 De
1715 5645 1876 5709 llbro,
1911 5647 2004 5716 qui

422 5713 688 5784 κερκίδα
731 5713 958 5781 Πέτρου
991 5715 1288 5784 inscriptus
1331 5723 1470 5778 erat,
1524 5717 1770 5768 meminit
1801 5713 2004 5770 Athan.

419 5792 474 5841 in
517 5789 640 5858 Sy".
671 5796 718 5840 et
750 5788 890 5838 inter
922 5801 1138 5855 πνοι-τῃ
1164 5789 1228 5836 lia
1262 5801 1384 5838 min
1432 5786 1553 5839 aliis
1590 5799 1855 5841 l't't‘t‘nst‘l.
1891 5786 2006 5842 Vel-

2109 4625 2232 4680 quaa
2271 4610 2430 4664 initio
2469 4609 2614 4663 dicta
2648 4615 2778 4663 sunt
2809 4615 3005 4663 tetrum
3036 4619 3090 4664 et
3125 4608 3389 4665 horribile
3417 4606 3692 4680 Quoddam

2107 4719 2230 4758 esse
2261 4711 2567 4756 monstrum
2600 4716 2627 4754 3
2637 4709 2880 4772 ppareat.

2179 4958 2295 5015 XV.
2334 4961 2474 5015 Sunt
2505 4965 2558 5015 et
2585 4958 2676 5014 alii
2714 4963 2836 5016 libri
2875 4957 3077 5032 quibus
3109 4970 3362 5029 utuntur,
3403 4966 3552 5020 velut
3593 4965 3695 5021 Pe-

2111 5052 2182 5104 tri
2229 5053 2483 5106 circuitus
2527 5068 2556 5106 a
2603 5053 2880 5110 Clemente
2930 5057 3267 5124 conscripti,
3307 5072 3416 5126 quo
3457 5057 3512 5112 in
3541 5058 3692 5114 libro

2112 5144 2300 5212 paucis
2329 5145 2472 5198 veris
2513 5146 2722 5201 relictis
2776 5156 2973 5202 caetera
3020 5159 3429 5218 supposuerunt
3460 5168 3473 5203 :
3501 5166 3696 5220 quem-

2087 5237 2404 5293 ‘admodum
2435 5239 2689 5294 Clemens
2719 5239 2834 5308 ipse
2859 5239 3116 5294 omnibus
3143 5239 3266 5294 illos
3299 5240 3476 5296 modis
3511 5241 3699 5296 redar-

2111 5329 2227 5399 guit
2260 5329 2328 5384 iis
2361 5327 2617 5398 Epistolis
2649 5330 3025 5393 circularibus,
3052 5347 3172 5401 quae
3207 5333 3277 5388 ab
3305 5347 3372 5386 eo
3397 5337 3616 5404 scriptae
3641 5337 3696 5390 in

2115 5647 2190 5722 uti
2220 5655 2346 5722 sunt
2392 5644 2641 5722 ξῖερίοδοι
2679 5645 2906 5722 ῌέτρου,
2965 5645 3219 5722 ⁵Περίοδοι
3244 5649 3512 5722 fundentia.
3543 5649 3704 5722 Περί.

2111 5717 2219 5790 ρδοι
2248 5717 2459 5790 (εξςομᾶη
2477 5715 3206 5790 Εὑαγγέλιονῌκατὰ-Θωμᾷ,
3239 5719 3437 5790 Διδαχὴ
3465 5715 3692 5790 astopia-

2111 5787 2238 5850 λων,
2270 5785 2602 5855 Κλημέιτια,
2629 5796 2732 5838 etc.
2773 5784 2932 5856 [Vide
2971 5784 3122 5842 Ρηίνί
3154 5787 3246 5843 Gr.
3277 5801 3316 5843 ι.
3359 5784 3460 5844 Γὲι
3495 5788 3591 5864 ll.)
