3982 6446
512 340 605 396 451

1921 351 1976 407 S.
2020 353 2362 413 EPIPHANII

3665 387 3757 444 33!

511 458 883 515 sacrosanctis
917 462 1167 517 ecclesiis
1210 464 1486 536 leguntur.
1518 467 1590 522 Ex
1629 471 1833 541 quibus
1876 484 2065 531 consta

511 542 668 575 ἴλη-..Α
718 552 781 575 ,1,
829 553 892 575 εξ,
934 568 1049 575 ---Μ
1083 554 1131 575 :__
1174 553 1418 575 [Ἰξηυνῃιι
1533 560 1607 575 οη.
1739 564 1753 575 .
1853 566 1864 575 .

2196 482 2432 536 στολῶν
2453 484 2792 553 ἐγκυκλίων
2837 491 2943 543 τῶν
2998 492 3057 546 ἐν
3099 496 3216 560 ταῖς
3250 495 3433 566 ἁγίαις
3462 500 3757 575 ἐκκλησίαις

509 542 671 622 longe
716 552 785 606 ab
827 553 895 608 iis
928 568 1051 622 quae
1082 554 1134 608 in
1172 553 1494 612 Circuitibus
1533 560 1641 617 illis
1671 564 1773 619 sub
1816 566 1935 635 ejus
1986 583 2088 623 no-

508 644 657 698 mine
685 642 994 699 adulterina
1022 655 1262 712 exstant,
1306 649 1454 705 illius
1495 651 1653 707 ﬁdem
1686 670 1749 709 ac
1779 671 2087 714 sermonem

507 734 878 791 abhorruisse.
918 735 1132 791 Etenim
1169 740 1536 809 virginitatem
1566 743 1822 802 Clemens
1845 748 2086 816 edocuit,

506 825 599 880 isti
624 826 916 896 repudiant
950 844 964 882 :
999 827 1091 882 ille
1137 828 1308 883 Eliam
1357 830 1613 889 Davidem
1642 845 1697 890 et
1730 836 2087 909 Sampsnnem

504 931 812 988 omnesque
859 919 1155 989 prophetas
1204 925 1591 992 commendat;
1645 926 1911 986 Ebionitze
1938 934 2088 997 dete-

503 1013 739 1059 stantur.
765 1005 945 1072 Quare
976 1009 1030 1063 in
1064 1007 1390 1067 Circuitibus
1421 1017 1542 1071 istis
1573 1033 1732 1072 suum
1765 1022 1831 1075 ad
1865 1022 2087 1081 institu-

502 1104 614 1150 tum
664 1100 1151 1156 accommodarunt
1197 1105 1404 1168 omnia,
1443 1123 1506 1161 ac
1546 1107 1615 1163 de
1653 1108 1817 1166 Petro
1846 1115 2083 1184 plurima

498 1185 781 1241 mendacia
804 1190 1212 1246 confinxerunt.
1240 1194 1562 1266 Cujusmodi
1591 1211 1674 1255 est
1696 1203 1836 1261 inter
1863 1218 2079 1274 uetera,

496 1277 742 1345 quotidie
780 1280 934 1334 illum
981 1283 1327 1341 castimonia:
1356 1301 1527 1344 causa
1564 1292 1786 1359 lavisse,
1815 1299 1960 1367 quod
1990 1300 2081 1356 isti

497 1368 680 1426 facere
707 1383 1136 1429 consueverunt.
1166 1375 1302 1432 Tum
1350 1383 1418 1435 ab
1450 1383 1709 1441 animatis
1744 1390 1998 1447 omnibus
2027 1401 2082 1447 et

494 1459 781 1523 carnibus,
803 1461 1121 1533 reliquoque
1145 1468 1317 1531 omni,
1335 1471 1480 1539 quod
1510 1487 1674 1529 carne
1695 1486 1932 1545 constet,
1960 1484 2082 1539 abs-

494 1545 761 1611 tinuisse;
807 1550 1067 1618 quoniam
1117 1554 1186 1608 ab
1229 1555 1297 1611 iis
1350 1564 1460 1612 tam
1501 1560 1676 1618 Ebion
1713 1567 1866 1632 olim,
1914 1585 2077 1640 quam

495 1636 662 1692 hodie
690 1637 956 1694 Ebionita‘.
989 1656 1181 1699 omnes
1214 1645 1531 1704 abhorrent.
1567 1652 1814 1725 Cumque
1840 1636 2077 1729 aliquem

494 1742 560 1782 ex
587 1728 694 1784 illis
724 1729 1171 1802 interrogaveris,
1194 1750 1295 1791 cur
1320 1739 1541 1795 tandem
1573 1744 1644 1799 ab
1671 1728 2078 1806 animatisscse

2194 574 2714 647 ἀναγινωσκομένων
2734 621 2748 644 ,
2785 582 2866 635 ὅτι
2892 582 3049 637 ἄλλον
3086 586 3199 657 ἔχει
3227 593 3554 663 χαρακτῆρα
3580 598 3611 667 ἡ
3642 574 3758 652 tau—

2189 665 2284 718 τοῦ
2325 667 2507 731 πίστις
2537 672 2630 723 καὶ
2660 672 2689 723 ό
2719 671 2876 741 λόγος
2902 675 3053 747 παρά
3092 678 3160 731 τὰ
3186 680 3291 733 ὑπὸ
3316 681 3525 739 τούτων
3551 665 3629 751 είς
3653 689 3758 743 ὅνο-

2192 774 2269 827 μα
2296 758 2461 811 αὐτοῦ
2496 761 2553 813 ἐν
2577 765 2699 825 ταῖς
2728 766 3035 834 Περιόδοις
3063 771 3440 843 νενοθευμένα.
3469 777 3638 843 Αὐτὸς
3664 781 3761 854 γάρ

2189 848 2486 919 παρθενίαν
2524 852 2802 920 διδάσκει,
2838 859 2933 911 καὶ
2984 860 3137 915 αὐτοὶ
3179 864 3241 917 οὐ
3290 865 3561 937 δέχονται.
3606 848 3761 938 Αὐτὸς

2187 938 2296 1009 γὰρ
2334 942 2673 1012 ἐγκωμιάζει
2712 946 2899 1001 Ἠλίαν
2930 950 3026 1003 καὶ
3057 953 3222 1007 Δαϐὶδ
3266 956 3362 1011 καὶ
3397 960 3637 1031 Σαμψὼν
3676 969 3760 1019 καὶ

2187 1030 2398 1095 πάντας
2428 1036 2554 1097 τοὺς
2585 1039 2902 1110 προφήτας,
2937 1040 3032 1106 οὓς
3058 1040 3207 1098 οὗτοι
3247 1030 3644 1117 βδελύττονται.
3683 1057 3758 1112 Ἐν
3790 1094 3793 1099 ι

2184 1125 2303 1187 ταῖς
2335 1119 2428 1177 οὖν
2465 1127 2769 1195 Περιόδοις
2795 1131 2857 1184 τὸ
2891 1135 2999 1188 πᾶν
3037 1136 3118 1200 είς
3159 1139 3388 1205 ἑαυτοὺς
3435 1146 3757 1217 μετήνεγκαν

2185 1214 2663 1287 καταψευσάμενοι
2710 1220 2915 1293 Πέτρου
2949 1226 3089 1279 κατὰ
3136 1228 3364 1295 πολλοὺς
3396 1214 3665 1304 τρόπους,
3693 1240 3759 1304 ὡς

2185 1303 2351 1356 αὐτοῦ
2383 1304 2503 1358 καθ’
2547 1308 2759 1378 ἡμέραν
2791 1309 3188 1385 βαπτιζομένου
3242 1303 3520 1392 ἁγνισμοῦ
3566 1303 3753 1393 ἕνεκεν,

2183 1394 2433 1466 καθάπερ
2472 1398 2566 1450 καὶ
2586 1393 2752 1452 οὗτοι·
2779 1401 3044 1474 ἐμψύχων
3069 1423 3129 1458 τε
3155 1408 3247 1462 τὸν
3276 1411 3442 1465 αὐτὸν
3474 1414 3756 1488 ἀπέχεσθαι

2182 1488 2277 1540 καὶ
2322 1489 2500 1558 κρεῶν
2520 1530 2535 1555 ,
2587 1491 2665 1555 ὡς
2694 1494 2788 1546 καὶ
2819 1489 2964 1549 οῦτοι
2989 1537 3003 1560 ,
3034 1501 3128 1551 καὶ
3160 1504 3343 1571 πάσης
3372 1505 3545 1578 ἄλλης
3573 1510 3755 1581 ἐδωδῆς

2180 1578 2277 1647 τῆς
2309 1579 2417 1631 ἀπὸ
2447 1581 2666 1651 σαρκῶν
2711 1578 3089 1658 πεποιημένης
3136 1592 3385 1661 λέγουσιν
3413 1637 3426 1660 ,
3476 1578 3754 1674 ἐπειδήπερ

2182 1670 2274 1721 καὶ
2310 1670 2474 1735 αὐτὸς
2511 1674 2704 1728 Ἐϐίων
2738 1679 2832 1731 καὶ
2878 1680 3184 1736 Ἐϐιωνῖται
3224 1688 3512 1753 παντελῶς
3545 1670 3755 1763 ἀπέχονλ

2180 1775 2269 1812 ται
2306 1760 2530 1816 τούτων.
2572 1765 2740 1819 Ὅταν
2771 1768 2828 1822 δὲ
2857 1772 3142 1845 ἐρωτήσῃς
3174 1776 3270 1831 ἕνα
3305 1779 3417 1832 τῶν
3448 1782 3627 1835 αὐτῶν
3650 1825 3663 1847 ,
3685 1787 3755 1838 τί·

493 1821 798 1886 contincat,
849 1824 998 1879 aliud
1025 1826 1159 1880 nihil
1193 1837 1393 1899 prwter
1424 1832 1529 1888 hoc
1563 1835 1873 1906 imperitum
1908 1852 1961 1897 et
1993 1843 2072 1897 iu-

495 1910 705 1942 gula“...
733 1915 963 1942 ηι-ηεηέηι
1024 1920 1165 1942 -..ηε
1196 1921 1280 1942 ιη-
1321 1938 1338 1942 -
1381 1940 1394 1942 _
1415 1939 1465 1942 μ-
1490 1941 1528 1942 ,,
1773 1932 1804 1942 ._

2180 1866 2268 1913 νος
2291 1851 2478 1905 ἐνεκεν
2514 1854 2775 1925 ἐμψύχων
2815 1821 3387 1934 οὺιμετάλάμϐάνουσι
3407 1909 3421 1931 ,
3458 1871 3533 1942 μὴ
3560 1825 3753 1942 ἔχοντές

495 1910 706 1969 sulsum
732 1915 986 1984 excipiet,
1020 1920 1166 1986 quod
1196 1921 1287 1975 illa
1312 1938 1343 1977 e
1370 1939 1666 1995 corporum
1698 1932 1848 1987 coitu
1872 1948 2076 1990 concu-

498 2002 724 2072 bituque
751 2005 1067 2076 gignantur,
1106 2025 1165 2064 se
1202 2012 1409 2069 idcirco
1440 2032 1549 2071 non
1578 2020 1744 2075 vesci.
1769 2021 1847 2078 Ex
1880 2040 1990 2095 quo
2015 2027 2077 2080 il-

497 2092 586 2146 Iud
618 2108 967 2167 consequens
1016 2109 1122 2165 est,
1177 2102 1278 2160 hos
1330 2106 1481 2176 ipsos
1516 2113 1609 2181 qui
1649 2128 1715 2169 ex
1747 2116 1937 2172 eodem
1973 2120 2074 2175 viri

495 2185 817 2258 feminaeque
852 2192 1141 2261 complexu
1173 2196 1286 2250 nati
1317 2209 1467 2263 sunt,
1507 2203 1905 2265 abominandos
1927 2226 2069 2277 esse,

495 2277 535 2330 si
569 2292 698 2332 vera
728 2288 858 2334 sunt
900 2298 1023 2352 qua:
1071 2300 1134 2339 cx
1171 2301 1265 2342 ore
1293 2303 1397 2344 suo
1423 2293 1592 2349 stulte
1621 2311 1686 2351 ac
1715 2298 1950 2357 ridicule
1977 2318 2076 2359 vo-

492 2380 764 2425 iuuerunt.
1714 2408 1723 2411 '

565 2457 700 2515 XVI.
734 2461 1004 2519 Cmterum
1028 2466 1302 2536 baptismo
1329 2489 1551 2545 quoque
1580 2488 1778 2548 praeter
1804 2486 2076 2554 quotidia-

493 2564 623 2600 num
653 2547 806 2605 illum
839 2553 1152 2622 initiantur,
1207 2568 1262 2614 et
1294 2576 1360 2616 ex
1407 2547 1851 2625 Christianorum
1886 2572 2076 2630 Eccle-

492 2636 696 2706 siaeque
729 2641 1043 2701 imitatione
1071 2651 1337 2718 mysteria
1368 2654 1619 2723 quaedam
1653 2667 1953 2729 quotannis
1984 2681 2075 2721 ce-

495 2728 732 2796 lebrant,
770 2733 932 2806 ιω
960 2736 1017 2792 in
1041 2740 1244 2809 quibus
1281 2758 1451 2813 panes
1484 2728 1729 2820 azymos,
1767 2762 1821 2809 et
1844 2755 1912 2810 ad
1941 2758 2075 2813 alte-

494 2835 611 2877 ram
640 2826 884 2895 mysterii
910 2837 1122 2898 partem
1153 2848 1359 2890 meram
1382 2852 1580 2909 aquam
1600 2843 1877 2903 adhibent.
1905 2847 2072 2919 Duos,

494 2921 554 2967 ut
583 2912 695 2983 jam
732 2916 869 2982 dixi,
903 2932 934 2971 a
968 2919 1079 2975 Deo
1111 2926 1445 2985 constitutos
1480 2944 1760 3002 asserunt,
1794 2939 2074 2997 Christum

492 3011 546 3058 et
590 3004 893 3063 diabolum.
947 3009 1196 3077 Quorum
1246 3017 1323 3071 illi
1371 3020 1567 3089 futuri,
1611 3024 1739 3081 huic
1790 3034 2075 3099 praesentis

495 3093 677 3157 saeculi
712 3104 956 3165 potestas
988 3110 1071 3156 est
1101 3106 1417 3173 commissa,
1451 3109 1616 3181 idque
1646 3093 2074 3190 adeo-Omnipo-

494 3184 661 3239 teutis
695 3186 844 3243 illius
892 3192 1150 3248 mandato
1210 3196 1278 3251 ad
1324 3200 1592 3276 cujusque
1649 3184 2075 3277 postulationem

491 3286 614 3330 esse
641 3275 869 3335 factum.
900 3280 981 3336 0b
1012 3282 1065 3337 id
1100 3282 1288 3342 Jesum
1319 3305 1384 3346 ex
1415 3294 1561 3349 virili
1611 3275 1821 3357 semine
1868 3305 2075 3374 produ-

490 3374 640 3422 ctum
670 3369 963 3438 aliirmant,
1002 3385 1058 3429 et
1087 3377 1318 3434 electum
1347 3399 1361 3448 ;
1409 3384 1592 3456 itaque
1619 3387 1711 3445 Dei
1741 3369 1936 3449 Filium
1981 3412 2074 3468 ap-

491 3458 749 3527 pellatum
797 3462 867 3517 ab
917 3480 983 3519 eo
1028 3466 1333 3535 Christum,
1385 3476 1478 3545 qui
1510 3478 1564 3532 in
1597 3479 1775 3550 ipsum
1808 3458 2074 3562 columbae

495 3547 667 3619 ﬁgura
696 3549 765 3606 de
791 3554 931 3609 ctelo
961 3554 1220 3628 delapsus
1263 3570 1366 3618 est.
1407 3547 1632 3637 Negant
1650 3588 1779 3628 vero
1813 3592 1842 3629 a
1871 3576 1980 3633 Deo
2010 3555 2075 3635 il;

493 3639 604 3694 lum
627 3656 750 3698 esse
782 3642 944 3702 Patre
969 3650 1235 3719 genitum,
1271 3655 1366 3709 sed
1396 3664 1659 3730 tanquam
1688 3681 1858 3723 unum
1891 3688 1953 3726 ex
1986 3689 2073 3727 ar-

489 3731 770 3803 changelis
800 3748 1068 3804 creatum,
1119 3749 1175 3797 et
1227 3745 1295 3801 iis
1344 3755 1852 3827 tamen'majorem;
1890 3764 1982 3832 qui
2017 3774 2071 3820 et

488 3822 736 3892 angelis,
775 3833 829 3881 et
869 3829 1145 3889 universis
1201 3850 1323 3905 quae
1379 3848 1509 3893 sunt
1566 3822 2071 3921 avamnipotente

492 3913 714 3969 condita
746 3915 1078 3987 dominetur,
1096 3934 1149 3979 et
1171 3925 1224 3980 in
1250 3928 1395 3985 hunc
1425 3934 1614 3989 orbem
1644 3942 1878 4010 venerit,
1904 3954 2069 4018 atque

488 4002 614 4071 hoc,
638 4006 784 4075 quod
818 4018 903 4064 est
945 4010 1001 4066 in
1033 4014 1248 4071 illorum
1276 4018 1593 4094 Evangelio,
1624 4002 2064 4109 (ΙοουθτὶιεΕὲο,

446 4099 453 4107 ’
487 4096 686 4166 inquit,
717 4099 787 4156 ad
824 4101 1139 4175 abroganda
1179 4113 1451 4170 sacriﬁcia
1493 4121 1635 4187 veni,
1670 4130 1725 4178 et
1754 4125 1861 4183 nisi
1891 4096 2066 4185 sacri-

483 4184 647 4241 licare
673 4184 974 4258 desieritis,
1004 4192 1097 4250 Dei
1132 4196 1187 4253 in
1215 4215 1311 4256 vos
1338 4204 1420 4257 ira
1453 4220 1567 4262 non
1599 4184 1841 4269 cessabit
1864 4233 1876 4270 :
1896 4215 2061 4287 Ejus-

480 4652 792 4702 armantur.
829 4650 1044 4724 Quippe
1075 4665 1256 4715 certos
1286 4660 1402 4717 illic
1431 4668 1656 4735 gradus,
1685 4671 1739 4725 in
1775 4673 1952 4745 iisque
1968 4676 2061 4733 Ja-

479 4734 605 4790 cobi
634 4741 981 4798 narrationes
1016 4748 1283 4815 quasdam
1313 4734 1609 4824 explicant,
1633 4763 1835 4831 quibus
1863 4766 2058 4823 adver-

477 4838 576 4881 sus
612 4829 876 4898 templum
903 4840 959 4889 et
989 4837 1287 4908 sacriﬁcia,
1325 4844 1615 4915 ignemque
1646 4829 1737 4921 qui
1773 4863 1858 4910 est
1890 4857 1944 4911 in
1982 4861 2057 4913 al-

473 4919 579 4975 tari
615 4920 934 4982 dcclamans
958 4927 1254 4987 inducitur.

542 5208 830 5268 Accedunt
854 5226 908 5272 et
932 5219 1038 5272 alia
1061 5225 1463 5293 quamplurima
1488 5230 1648 5303 longe
1666 5237 2061 5295 stolidissima.'

474 5294 544 5350 Ut
572 5303 656 5357 vel
684 5302 914 5363 Paulum
950 5309 1129 5381 ipsum
1156 5315 1269 5372 illic
1298 5333 1560 5378 accusare
1588 5341 1698 5381 non
1727 5331 2050 5386 erubuerint

474 5392 915 5456 mendacissimis
941 5404 1272 5473 quibusdam
1305 5415 1674 5484 sermonibus,
1711 5435 1849 5490 quos
1879 5422 2045 5479 falso-

472 5494 592 5590 rum
617 5500 682 5539 ex
715 5489 807 5547 illo
840 5509 1001 5566 grege
1042 5505 1416 5570 apostolorum
1450 5524 1606 5567 error
1646 5523 1810 5587 atque
1841 5519 2044 5590 impro-

467 5566 612 5627 bitas
646 5580 995 5649 excogitavit.
1040 5566 1325 5662 Siquidem
1377 5566 2041 5667 Tarsensem‘illumrno-

550 5723 565 5751 ⁸
594 5721 706 5782 Del.
746 5727 888 5785 forte
925 5736 1013 5790 τά.

2176 1959 2230 1994 τι
2259 1941 2644 2014 διηγήσασθαι,
2673 1948 3056 2021 ἀποκρίνονται
3090 1957 3388 2023 ἀσυνέτως,
3416 1962 3511 2014 καὶ
3524 1941 3750 2032 λέγουσι,

2177 2032 2275 2086 Διὰ
2319 2032 2380 2085 τὸ
2408 2035 2471 2085 ἐκ
2507 2038 2791 2103 συνουσίας
2835 2042 2927 2094 καὶ
2961 2044 3162 2112 μίξεως
3201 2050 3477 2119 σωμάτων
3513 2048 3646 2108 εἶναι
3670 2055 3752 2109 αύ-

2175 2124 2263 2187 τὰ,
2290 2126 2351 2178 ού
2385 2129 2875 2203 μεταλαμϐάνομεν
2898 2149 2912 2163 ·
2950 2135 3027 2198 ὡς
3055 2133 3198 2192 εἶναι
3227 2141 3433 2206 αὐτοὺς
3462 2144 3615 2208 ὅλους
3639 2146 3750 2210 τοὺς

2178 2216 2285 2269 ἀπὸ
2321 2218 2603 2289 ἐπιμιξίας
2632 2222 2825 2293 ἀνδρός
2863 2240 2923 2278 τε
2971 2227 3066 2280 καὶ
3116 2233 3376 2298 γυναικὸς
3425 2234 3746 2305 βδελυκτοὺς,

2179 2307 2319 2360 κατὰ
2353 2308 2423 2361 τά
2472 2310 2577 2363 ὑπὸ
2610 2312 2702 2365 τοῦ
2756 2315 3022 2386 στόματος
3070 2321 3252 2375 αὐτῶν
3281 2323 3547 2396 ληρωδῶς
3583 2326 3750 2399 ἐξεμε-

2178 2397 2359 2452 θέντα.

2249 2493 2364 2558 lq'.
2400 2494 2690 2566 Βάπτισμα
2720 2497 2776 2551 δὲ
2809 2501 2902 2552 καὶ
2942 2502 3096 2557 αὐτοὶ
3128 2504 3472 2576 λαμϐάνουσι
3495 2513 3656 2583 χωρὶς
3683 2505 3748 2568 ὧν

2178 2578 2299 2633 καθ’
2336 2582 2550 2653 ἡμέραν
2605 2584 2974 2655 βαπτίζονται.
3016 2593 3311 2667 Μυστήρια
3362 2598 3423 2651 δὲ
3672 2621 3746 2659 τε·

2176 2671 2327 2727 λοῦσι
2349 2675 2491 2728 κατά
2520 2678 2750 2748 μίμησιν
2782 2681 2892 2734 τῶν
2926 2684 3095 2754 ἁγίων
3124 2688 3182 2739 ἐν
3207 2692 3274 2760 τῇ
3316 2671 3617 2767 Ἐκκλησία
3652 2697 3747 2751 ἀπὸ

2177 2765 2425 2819 ἐνιαυτοῦ
2463 2769 2544 2830 είς
2581 2771 2828 2825 ἐνιαυτὸν
2869 2774 2960 2828 διά
2993 2777 3218 2848 ἀζύμων
3247 2821 3262 2844 ,
3295 2784 3395 2836 καὶ
3421 2785 3484 2838 τὸ
3515 2765 3636 2841 ἄλλο
3656 2788 3741 2860 μέ-

2138 2908 2143 2913 ,
2180 2873 2273 2926 ρος
2318 2859 2420 2911 τοῦ
2454 2862 2753 2933 μυστηρίου
2787 2865 2855 2918 δι’
2890 2866 3081 2933 ὓδατος
3114 2872 3296 2941 μόνου.
3334 2876 3446 2930 Δύο
3494 2879 3551 2932 δέ
3589 2897 3743 2946 τινας,

2177 2948 2251 3012 ὡς
2285 2949 2421 3022 ἔφην
2440 2992 2455 3017 ,
2494 2955 2815 3011 συνιστῶσιν
2845 2961 2908 3012 ἐκ
2933 2959 3066 3014 Θεοῦ
3108 2968 3513 3037 τεταγμένους,
3545 2972 3633 3025 ἐνα
3661 2972 3744 3043 μὲν

2177 3043 2268 3097 τὸν
2291 3045 2554 3115 Χριστὸν,
2582 3047 2677 3100 ἕνα
2711 3048 2767 3102 δὲ
2804 3050 2896 3103 τὸν
2932 3051 3174 3108 διάϐολον
3195 3070 3209 3082 ’
3242 3058 3337 3110 καὶ
3372 3059 3467 3112 τὸν
3502 3060 3598 3131 μὲν
3624 3062 3743 3133 Χρι-

2105 3157 2145 3213 C
2180 3134 2303 3188 στὸν
2341 3136 2560 3204 λέγουσι
2609 3139 2704 3192 τοῦ
2765 3141 3050 3211 μέλλοντος
3096 3146 3294 3211 αἰῶνος
3346 3151 3628 3222 εἰληφέναι
3666 3154 3745 3206 τὸν

2179 3227 2378 3299 κλῆρον
2404 3270 2419 3293 ,
2462 3229 2551 3283 τὸν
2594 3229 2651 3283 δέ
2706 3233 2955 3295 διάϐολον
3011 3236 3199 3293 τοῦτον
3251 3245 3642 3300 πεπιστεῦσθαι
3666 3246 3743 3299 τὸν

2177 3318 2369 3382 αἰῶνα,
2392 3322 2456 3374 ἐκ
2485 3324 2799 3394 προσταγῆς
2830 3325 2991 3396 δῆθεν
3020 3329 3116 3383 τοῦ
3147 3328 3597 3409 Παντοκράτορος
3622 3337 3743 3401 κατὰ

2175 3407 2393 3479 αἴτησιν
2430 3410 2708 3482 ἑκατέρων
2747 3413 2951 3467 αὐτῶν.
2985 3418 3095 3470 Καὶ
3117 3419 3305 3473 τούτου
3352 3422 3521 3479 ἓνεκα
3559 3426 3742 3497 Ἰησοῦν

2175 3501 2573 3569 γεγεννημένον
2627 3505 2691 3556 ἐκ
2745 3505 3059 3577 σπέρματος
3111 3511 3303 3581 ἀνδρὸς
3352 3514 3612 3584 λέγουσι,
3662 3518 3741 3571 καὶ

2174 3591 2546 3662 ἐπιλεχθέντα,
2571 3597 2666 3649 καὶ
2692 3597 2836 3652 οὕτω
2868 3601 3010 3656 κατὰ
3048 3604 3278 3677 ἐκλογὴν
3310 3607 3444 3663 Υἰδν
3472 3610 3602 3664 Θεοῦ
3628 3611 3740 3678 κλη-

2174 3680 2369 3745 θέντα,
2413 3685 2524 3739 ἁπὸ
2563 3689 2658 3741 τοῦ
2697 3690 2904 3746 ἄνωθεν
2942 3695 3022 3758 είς
3062 3697 3225 3750 αὐτὸν
3257 3699 3488 3770 ἥκοντος
3527 3703 3737 3775 Χριστοῦ

2172 3776 2228 3828 ἐν
2259 3776 2389 3830 εἴδει
2418 3783 2768 3853 περιστερᾶς.
2806 3784 2879 3837 Οὐ
2912 3785 3253 3855 φάσκουσιδὲ
3282 3792 3346 3845 ἐκ
3388 3794 3524 3847 Θεοῦ
3548 3795 3737 3867 Πατρὸς

2170 3868 2332 3921 αὐτὸν
2360 3872 2717 3944 γεγεννῆσθαι
2736 3916 2752 3938 ,
2781 3876 2915 3931 ἀλλὰ
2946 3879 3190 3936 ἐκτίσθαι
3218 3923 3233 3948 ,
3264 3883 3339 3947 ὡς
3365 3886 3464 3940 ἕνα
3490 3888 3595 3941 τῶν
3620 3888 3737 3959 ἀρχα

2169 3960 2416 4027 αγγέλων
2442 4004 2456 4022 ,
2520 3964 2741 4033 μείζονα
2790 3967 2846 4020 δέ
2905 3970 3085 4026 αὐτῶν
3130 3972 3259 4028 ὄντα
3291 3993 3305 4005 ³
3355 3978 3520 4033 αὑτὸν
3565 3979 3617 4033 δέ
3653 3996 3734 4033 κυ-

2169 4051 2370 4121 ριεύειν
2409 4055 2503 4106 καὶ
2537 4056 2785 4124 ἀγγέλων
2816 4059 2910 4112 καὶ
2935 4064 3153 4117 πάντων
3186 4065 3290 4119 ὑπὸ
3319 4069 3416 4122 τοῦ
3442 4068 3732 4140 Παντοκρά-

2164 4158 2325 4213 τορος
2357 4147 2763 4217 πεποιημένων,
2803 4153 2896 4205 καὶ
2920 4152 3142 4208 ἐλθόντα
3175 4158 3272 4211 καὶ
3306 4160 3727 4233 ὑφηγησάμενον,

2164 4233 2240 4296 ὡς
2273 4234 2332 4286 τὸ
2366 4238 2497 4309 παρ’
2532 4240 2719 4303 αὐτοῖς
2760 4242 3093 4312 Εὐαγγέλιον
3122 4247 3461 4320 καλούμενον
3487 4252 3725 4324 περιέχει,

2043 4340 2062 4351 ·
2162 4326 2243 4380 ὅτι
2273 4323 2476 4383 Ἦλθον
2508 4332 2809 4389 καταλῦσαι
2838 4335 2936 4401 τὰς
2967 4337 3158 4405 θυσίας
3179 4383 3191 4406 ,
3227 4344 3322 4397 καὶ
3356 4345 3454 4400 ἐάν
3488 4323 3568 4418 μὴί
3606 4344 3726 4398 παύ-

2161 4601 2475 4673 τηδεύματα
2498 4646 2511 4669 ,
2569 4606 2802 4677 Πράξεις
2832 4610 2888 4663 δὲ
2929 4611 3095 4676 ἄλλας
3126 4614 3383 4670 καλοῦσιν
3436 4618 3722 4672 ἀποστόλων

2162 4687 2333 4758 εἶναι,
2377 4696 2436 4747 ἐν
2491 4691 2578 4761 αἷς
2616 4697 2787 4752 πολλὰ
2825 4701 2925 4771 τῆς
2976 4704 3228 4769 ἀσεϐείας
3277 4708 3458 4761 αὐτῶν
3508 4708 3716 4780 ἔμπλεα,

2159 4781 2313 4836 ἐνθεν
2349 4784 2418 4838 τὰ
2452 4789 2466 4817 ¹
2502 4788 2565 4841 οὑ
2597 4791 2897 4861 παρέργως
2925 4795 3065 4848 κατὰ
3089 4797 3188 4867 τῆς
3220 4797 3479 4869 ἀληθείας
3516 4799 3719 4861 ἑαυτοὺς

2157 4872 2423 4930 ὥπλισαν.
2473 4877 2845 4950 Ἀναϐαθμοὺς
2875 4883 2983 4954 γάρ
3011 4901 3163 4948 τινας
3201 4888 3293 4940 καὶ
3327 4890 3616 4961 ύφηγήσεις
3643 4888 3719 4956 δῆ-

2158 4963 2253 5018 θεν
2301 4968 2358 5019 ἐν
2412 4972 2528 5032 τοῖς
2575 4971 2913 5042 ἀναϐαθμοῖς
2956 4974 3214 5030 Ἰακώϐου
3249 4980 3613 5043 ὑποτίθενται,
3650 4979 3715 5038 ὡς

2154 5055 2523 5129 ἐξηγουμένου
2555 5063 2697 5116 κατά
2733 5079 2792 5115 τε
2814 5065 2906 5117 τοῦ
2932 5066 3060 5119 ναοῦ
3088 5073 3179 5147 καὶ
3202 5069 3311 5123 τῶν
3350 5070 3564 5134 θυσιῶν,
3591 5068 3714 5124 κατά

2154 5163 2210 5198 τε
2247 5147 2342 5201 τοῦ
2368 5149 2539 5222 πυρὸς
2573 5152 2666 5205 τοῦ
2695 5154 2753 5205 ἐν
2780 5153 2857 5225 τῷ
2886 5155 3274 5230 θυσιαστηρίῳ.
3598 5156 3607 5165 ’

2224 5237 2334 5291 Καὶ
2373 5239 2510 5294 ἄλλα
2547 5241 2717 5296 πολλὰ
2749 5248 3082 5315 κενοφωνίας
3117 5249 3331 5321 ἔμπλεα
3356 5271 3369 5284 ·
3411 5253 3485 5317 ὡς
3517 5253 3603 5307 καὶ
3629 5246 3709 5303 τοῦ

2151 5328 2365 5382 Παύλου
2428 5334 2663 5389 ἐνταῦθα
2727 5339 3161 5410 κατηγοροῦντες
3230 5346 3331 5397 οὐκ
3393 5345 3705 5415 αἰσχύνονται

2150 5424 2508 5491 ἐπιπλάστοις
2573 5430 2685 5483 τισὶ
2746 5428 2851 5503 τῆς
2900 5433 3009 5489 τῶν
3046 5434 3496 5503 ψευδαπόστόλων
3545 5435 3703 5492 αὐτῶν

2149 5519 2486 5588 κακουργίας
2501 5522 2595 5573 καὶ
2618 5522 2828 5595 πλάνης
2865 5523 3043 5594 λόγοις
3070 5531 3472 5599 πεποιημένοις
3505 5525 3701 5599 Ταρσέα

2150 5610 2248 5679 μὲν
2280 5612 2466 5678 αὐτὸν,
2496 5612 2571 5679 ὡς
2603 5615 2765 5680 αὐτὸς
2794 5616 3065 5687 ὁμολογεῖ,
3101 5621 3193 5675 καὶ
3220 5624 3319 5677 οὐκ
3343 5624 3595 5697 ἀρνεῖται,
3619 5616 3698 5671 λέ-
