  <div class='ocr_page' id='page_1' title='image "/cluster/home/n/w/nwhite01/storage/ocr_20150623/41:no.1/coo.31924054869387/222.png"; bbox 0 0 3982 6420; ppageno 0'>
   <div class='ocr_carea' id='block_1_1' title="bbox 265 425 371 481">
    <p class='ocr_par' dir='ltr' id='par_1_1' title="bbox 265 425 371 481">
     <span class='ocr_line' id='line_1_1' title="bbox 265 425 371 481; baseline -0.019 0"><span class='ocrx_word' id='word_1_1' title='bbox 265 425 371 481; x_wconf 68' lang='grc'><strong>455</strong></span> 
     </span>
    </p>
   </div>
   <div class='ocr_carea' id='block_1_2' title="bbox 912 424 1861 490">
    <p class='ocr_par' dir='ltr' id='par_1_2' title="bbox 912 424 1824 486">
     <span class='ocr_line' id='line_1_2' title="bbox 912 424 1824 486; baseline 0.007 -9"><span class='ocrx_word' id='word_1_2' title='bbox 912 424 1230 484; x_wconf 64' lang='grc' dir='ltr'>Αυνειιδυ</span> <span class='ocrx_word' id='word_1_3' title='bbox 1243 428 1281 483; x_wconf 69' lang='grc' dir='ltr'><strong>δ</strong></span> <span class='ocrx_word' id='word_1_4' title='bbox 1318 429 1660 486; x_wconf 67' lang='grc' dir='ltr'><strong>ΗᾹΞΒΕΞΕΞ</strong></span> <span class='ocrx_word' id='word_1_5' title='bbox 1699 430 1824 485; x_wconf 80' lang='lat' dir='ltr'><strong>LIB.</strong></span> 
     </span>
    </p>
   </div>
   <div class='ocr_carea' id='block_1_3' title="bbox 1966 424 2823 490">
    <p class='ocr_par' dir='ltr' id='par_1_3' title="bbox 1966 428 2823 490">
     <span class='ocr_line' id='line_1_3' title="bbox 1966 428 2823 490; baseline 0.006 -6"><span class='ocrx_word' id='word_1_6' title='bbox 1966 428 2108 485; x_wconf 81' lang='grc' dir='ltr'>[ὈΜ.</span> <span class='ocrx_word' id='word_1_7' title='bbox 2152 432 2303 485; x_wconf 84' lang='lat' dir='ltr'><strong>l|.--</strong></span> <span class='ocrx_word' id='word_1_8' title='bbox 2342 432 2614 488; x_wconf 59' lang='lat' dir='ltr'><strong>IL‘ERES.</strong></span> <span class='ocrx_word' id='word_1_9' title='bbox 2654 432 2823 490; x_wconf 75' lang='lat' dir='ltr'><strong>XXX.</strong></span> 
     </span>
    </p>
   </div>
   <div class='ocr_carea' id='block_1_4' title="bbox 3428 434 3531 488">
    <p class='ocr_par' dir='ltr' id='par_1_4' title="bbox 3428 434 3531 488">
     <span class='ocr_line' id='line_1_4' title="bbox 3428 434 3531 488; baseline -0.01 0"><span class='ocrx_word' id='word_1_10' title='bbox 3428 434 3531 488; x_wconf 66' lang='grc'><strong>454</strong></span> 
     </span>
    </p>
   </div>
   <div class='ocr_carea' id='block_1_5' title="bbox 267 542 1861 622">
    <p class='ocr_par' dir='ltr' id='par_1_5' title="bbox 267 542 1854 613">
     <span class='ocr_line' id='line_1_5' title="bbox 267 542 1854 613; baseline 0.005 -19"><span class='ocrx_word' id='word_1_11' title='bbox 267 558 456 612; x_wconf 86' lang='grc' dir='ltr'>γοντες</span> <span class='ocrx_word' id='word_1_12' title='bbox 478 559 492 572; x_wconf 74' lang='grc'><strong><em>⁸</em></strong></span> <span class='ocrx_word' id='word_1_13' title='bbox 534 542 596 609; x_wconf 78' lang='grc' dir='ltr'>ἐξ</span> <span class='ocrx_word' id='word_1_14' title='bbox 640 542 907 613; x_wconf 81' lang='grc' dir='ltr'><strong>Ἑλλήνιον</strong></span> <span class='ocrx_word' id='word_1_15' title='bbox 932 544 986 596; x_wconf 81' lang='grc' dir='ltr'>δὲ</span> <span class='ocrx_word' id='word_1_16' title='bbox 1013 546 1172 598; x_wconf 75' lang='grc' dir='ltr'>αὑτὸν</span> <span class='ocrx_word' id='word_1_17' title='bbox 1202 547 1565 609; x_wconf 84' lang='grc' dir='ltr'>ὑποτίθενται,</span> <span class='ocrx_word' id='word_1_18' title='bbox 1601 549 1854 612; x_wconf 82' lang='grc' dir='ltr'>λαϐόντες</span> 
     </span>
    </p>
   </div>
   <div class='ocr_carea' id='block_1_6' title="bbox 1966 542 3535 622">
    <p class='ocr_par' dir='ltr' id='par_1_6' title="bbox 1966 547 3535 622">
     <span class='ocr_line' id='line_1_6' title="bbox 1966 547 3535 622; baseline 0.001 -20"><span class='ocrx_word' id='word_1_19' title='bbox 1966 550 2217 616; x_wconf 74' lang='lat' dir='ltr'><strong>minent;</strong></span> <span class='ocrx_word' id='word_1_20' title='bbox 2263 550 2316 604; x_wconf 99' lang='lat' dir='ltr'><strong>id</strong></span> <span class='ocrx_word' id='word_1_21' title='bbox 2363 550 2508 620; x_wconf 86' lang='lat' dir='ltr'><strong>quod</strong></span> <span class='ocrx_word' id='word_1_22' title='bbox 2542 550 2660 620; x_wconf 90' lang='lat' dir='ltr'><strong>ipse</strong></span> <span class='ocrx_word' id='word_1_23' title='bbox 2692 564 2802 605; x_wconf 91' lang='lat' dir='ltr'><strong>non</strong></span> <span class='ocrx_word' id='word_1_24' title='bbox 2837 558 3016 622; x_wconf 80' lang='lat' dir='ltr'><strong>negat,</strong></span> <span class='ocrx_word' id='word_1_25' title='bbox 3053 550 3163 605; x_wconf 89' lang='lat' dir='ltr'><strong>imo</strong></span> <span class='ocrx_word' id='word_1_26' title='bbox 3194 547 3373 620; x_wconf 84' lang='lat' dir='ltr'><strong>palam</strong></span> <span class='ocrx_word' id='word_1_27' title='bbox 3407 564 3535 619; x_wconf 89' lang='lat' dir='ltr'><strong>pro-</strong></span> 
     </span>
    </p>
   </div>
   <div class='ocr_carea' id='block_1_7' title="bbox 266 633 1851 710">
    <p class='ocr_par' dir='ltr' id='par_1_7' title="bbox 266 633 1851 710">
     <span class='ocr_line' id='line_1_7' title="bbox 266 633 1851 710; baseline 0.004 -25"><span class='ocrx_word' id='word_1_28' title='bbox 266 633 368 705; x_wconf 82' lang='grc' dir='ltr'>τὴν</span> <span class='ocrx_word' id='word_1_29' title='bbox 420 633 693 704; x_wconf 73' lang='grc' dir='ltr'>πρόφασιν</span> <span class='ocrx_word' id='word_1_30' title='bbox 726 636 790 687; x_wconf 88' lang='grc' dir='ltr'><strong>ἑκ</strong></span> <span class='ocrx_word' id='word_1_31' title='bbox 826 634 916 686; x_wconf 83' lang='grc' dir='ltr'><strong>τοῦ</strong></span> <span class='ocrx_word' id='word_1_32' title='bbox 963 635 1128 688; x_wconf 83' lang='grc' dir='ltr'><strong>τόπου</strong></span> <span class='ocrx_word' id='word_1_33' title='bbox 1172 636 1262 689; x_wconf 74' lang='grc' dir='ltr'><strong>διὰ</strong></span> <span class='ocrx_word' id='word_1_34' title='bbox 1310 638 1372 690; x_wconf 80' lang='grc' dir='ltr'>τὸ</span> <span class='ocrx_word' id='word_1_35' title='bbox 1415 639 1709 710; x_wconf 86' lang='grc' dir='ltr'>φιλάληθες</span> <span class='ocrx_word' id='word_1_36' title='bbox 1762 640 1851 692; x_wconf 79' lang='grc' dir='ltr'><strong>ὑπ’</strong></span> 
     </span>
    </p>
   </div>
   <div class='ocr_carea' id='block_1_8' title="bbox 268 724 1853 799">
    <p class='ocr_par' dir='ltr' id='par_1_8' title="bbox 268 724 1853 799">
     <span class='ocr_line' id='line_1_8' title="bbox 268 724 1853 799; baseline 0.004 -20"><span class='ocrx_word' id='word_1_37' title='bbox 268 724 437 791; x_wconf 63' lang='grc' dir='ltr'>αυτοῦ</span> <span class='ocrx_word' id='word_1_38' title='bbox 482 724 646 796; x_wconf 81' lang='grc' dir='ltr'>ῥηθὲν</span> <span class='ocrx_word' id='word_1_39' title='bbox 668 765 682 789; x_wconf 95' lang='grc'><strong>,</strong></span> <span class='ocrx_word' id='word_1_40' title='bbox 723 725 803 778; x_wconf 81' lang='grc' dir='ltr'>ὅτι</span> <span class='ocrx_word' id='word_1_41' title='bbox 849 727 1109 792; x_wconf 77' lang='grc' dir='ltr'>Ταρσεύς</span> <span class='ocrx_word' id='word_1_42' title='bbox 1144 730 1260 797; x_wconf 79' lang='grc' dir='ltr'>εἰμι</span> <span class='ocrx_word' id='word_1_43' title='bbox 1283 769 1297 792; x_wconf 92' lang='grc'><strong>,</strong></span> <span class='ocrx_word' id='word_1_44' title='bbox 1333 732 1443 783; x_wconf 72' lang='grc' dir='ltr'>οὐκ</span> <span class='ocrx_word' id='word_1_45' title='bbox 1477 730 1717 799; x_wconf 81' lang='grc' dir='ltr'><strong>ἀσήμου</strong></span> <span class='ocrx_word' id='word_1_46' title='bbox 1747 734 1853 785; x_wconf 80' lang='grc' dir='ltr'>πό-</span> 
     </span>
    </p>
   </div>
   <div class='ocr_carea' id='block_1_9' title="bbox 267 810 1853 895">
    <p class='ocr_par' dir='ltr' id='par_1_9' title="bbox 267 810 1853 895">
     <span class='ocr_line' id='line_1_9' title="bbox 267 810 1853 895; baseline 0.003 -26"><span class='ocrx_word' id='word_1_47' title='bbox 267 818 425 881; x_wconf 68' lang='grc' dir='ltr'>λεως</span> <span class='ocrx_word' id='word_1_48' title='bbox 446 814 720 882; x_wconf 68' lang='grc' dir='ltr'>πολίτης.</span> <span class='ocrx_word' id='word_1_49' title='bbox 755 810 887 869; x_wconf 76' lang='grc' dir='ltr'>Εἶτα</span> <span class='ocrx_word' id='word_1_50' title='bbox 918 816 1216 883; x_wconf 83' lang='grc' dir='ltr'><strong>φάσκουσιν</strong></span> <span class='ocrx_word' id='word_1_51' title='bbox 1247 818 1407 871; x_wconf 80' lang='grc' dir='ltr'>αὑτὸν</span> <span class='ocrx_word' id='word_1_52' title='bbox 1430 814 1569 872; x_wconf 71' lang='grc' dir='ltr'>εἶναι</span> <span class='ocrx_word' id='word_1_53' title='bbox 1597 819 1853 895; x_wconf 78' lang='grc' dir='ltr'>Ἕλληνα,</span> 
     </span>
    </p>
   </div>
   <div class='ocr_carea' id='block_1_10' title="bbox 271 904 1849 985">
    <p class='ocr_par' dir='ltr' id='par_1_10' title="bbox 271 904 1849 985">
     <span class='ocr_line' id='line_1_10' title="bbox 271 904 1849 985; baseline 0.004 -26"><span class='ocrx_word' id='word_1_54' title='bbox 271 906 369 959; x_wconf 72' lang='grc' dir='ltr'>καὶ</span> <span class='ocrx_word' id='word_1_55' title='bbox 414 904 714 974; x_wconf 81' lang='grc' dir='ltr'><strong>Ἑλληνίδος</strong></span> <span class='ocrx_word' id='word_1_56' title='bbox 753 906 957 985; x_wconf 75' lang='grc' dir='ltr'>μητρὸς</span> <span class='ocrx_word' id='word_1_57' title='bbox 999 906 1093 960; x_wconf 66' lang='grc' dir='ltr'><strong>καὶ⁹</strong></span> <span class='ocrx_word' id='word_1_58' title='bbox 1131 907 1392 978; x_wconf 78' lang='grc' dir='ltr'><strong>Ἕλληνος</strong></span> <span class='ocrx_word' id='word_1_59' title='bbox 1427 910 1630 982; x_wconf 82' lang='grc' dir='ltr'>πατρὸς</span> <span class='ocrx_word' id='word_1_60' title='bbox 1668 906 1849 965; x_wconf 66' lang='grc' dir='ltr'>παῖδα.</span> 
     </span>
    </p>
   </div>
   <div class='ocr_carea' id='block_1_11' title="bbox 284 997 1857 1074">
    <p class='ocr_par' dir='ltr' id='par_1_11' title="bbox 284 997 1857 1074">
     <span class='ocr_line' id='line_1_11' title="bbox 284 997 1857 1074; baseline 0.005 -25"><span class='ocrx_word' id='word_1_61' title='bbox 284 997 707 1068; x_wconf 79' lang='grc' dir='ltr'>’Δναὸεὸηκέναι</span> <span class='ocrx_word' id='word_1_62' title='bbox 738 998 793 1051; x_wconf 84' lang='grc' dir='ltr'>δὲ</span> <span class='ocrx_word' id='word_1_63' title='bbox 831 1000 910 1061; x_wconf 85' lang='grc' dir='ltr'><strong>είς</strong></span> <span class='ocrx_word' id='word_1_64' title='bbox 955 997 1299 1071; x_wconf 84' lang='grc' dir='ltr'>Ἱεροσόλυμα</span> <span class='ocrx_word' id='word_1_65' title='bbox 1321 1040 1335 1064; x_wconf 94' lang='grc'><strong>,</strong></span> <span class='ocrx_word' id='word_1_66' title='bbox 1382 1003 1476 1057; x_wconf 76' lang='grc' dir='ltr'>καὶ</span> <span class='ocrx_word' id='word_1_67' title='bbox 1514 1003 1703 1074; x_wconf 90' lang='grc' dir='ltr'>χρόνον</span> <span class='ocrx_word' id='word_1_68' title='bbox 1740 1006 1857 1057; x_wconf 80' lang='grc' dir='ltr'>ἐκεῖ</span> 
     </span>
    </p>
   </div>
   <div class='ocr_carea' id='block_1_12' title="bbox 273 1087 1854 1165">
    <p class='ocr_par' dir='ltr' id='par_1_12' title="bbox 273 1087 1854 1165">
     <span class='ocr_line' id='line_1_12' title="bbox 273 1087 1854 1165; baseline 0.005 -26"><span class='ocrx_word' id='word_1_69' title='bbox 273 1087 647 1157; x_wconf 79' lang='grc' dir='ltr'><strong>μεμενηκέναι</strong></span> <span class='ocrx_word' id='word_1_70' title='bbox 681 1105 695 1119; x_wconf 74' lang='grc' dir='ltr'><strong>ο</strong></span> <span class='ocrx_word' id='word_1_71' title='bbox 758 1088 1221 1159; x_wconf 84' lang='grc' dir='ltr'>ὲπιτεθυμηκέναι</span> <span class='ocrx_word' id='word_1_72' title='bbox 1297 1091 1353 1144; x_wconf 85' lang='grc' dir='ltr'>δὲ</span> <span class='ocrx_word' id='word_1_73' title='bbox 1418 1092 1689 1165; x_wconf 87' lang='grc' dir='ltr'>θυγατέρα</span> <span class='ocrx_word' id='word_1_74' title='bbox 1761 1095 1854 1148; x_wconf 85' lang='grc' dir='ltr'><strong>τοῦ</strong></span> 
     </span>
    </p>
   </div>
   <div class='ocr_carea' id='block_1_13' title="bbox 272 1176 1857 1248">
    <p class='ocr_par' dir='ltr' id='par_1_13' title="bbox 272 1176 1857 1248">
     <span class='ocr_line' id='line_1_13' title="bbox 272 1176 1857 1248; baseline 0.004 -21"><span class='ocrx_word' id='word_1_75' title='bbox 272 1176 474 1245; x_wconf 75' lang='grc' dir='ltr'>ἱερέως</span> <span class='ocrx_word' id='word_1_76' title='bbox 510 1176 646 1247; x_wconf 83' lang='grc' dir='ltr'>πρὸς</span> <span class='ocrx_word' id='word_1_77' title='bbox 693 1177 869 1248; x_wconf 81' lang='grc' dir='ltr'><strong>γάμον</strong></span> <span class='ocrx_word' id='word_1_78' title='bbox 919 1176 1221 1245; x_wconf 81' lang='grc' dir='ltr'><strong>ἀγαγέσθαι</strong></span> <span class='ocrx_word' id='word_1_79' title='bbox 1249 1220 1263 1245; x_wconf 89' lang='grc'><strong>,</strong></span> <span class='ocrx_word' id='word_1_80' title='bbox 1315 1180 1408 1232; x_wconf 77' lang='grc' dir='ltr'>καὶ</span> <span class='ocrx_word' id='word_1_81' title='bbox 1450 1180 1641 1233; x_wconf 78' lang='grc' dir='ltr'>τούτου</span> <span class='ocrx_word' id='word_1_82' title='bbox 1694 1180 1857 1234; x_wconf 79' lang='grc' dir='ltr'>ἕνεκα</span> 
     </span>
    </p>
   </div>
   <div class='ocr_carea' id='block_1_14' title="bbox 270 1271 1856 1347">
    <p class='ocr_par' dir='ltr' id='par_1_14' title="bbox 270 1271 1856 1347">
     <span class='ocr_line' id='line_1_14' title="bbox 270 1271 1856 1347; baseline 0.004 -23"><span class='ocrx_word' id='word_1_83' title='bbox 270 1271 616 1343; x_wconf 84' lang='grc' dir='ltr'>προσήλυτον</span> <span class='ocrx_word' id='word_1_84' title='bbox 653 1274 939 1341; x_wconf 87' lang='grc' dir='ltr'>γενέσθαι,</span> <span class='ocrx_word' id='word_1_85' title='bbox 979 1274 1073 1325; x_wconf 75' lang='grc' dir='ltr'>καὶ</span> <span class='ocrx_word' id='word_1_86' title='bbox 1120 1276 1544 1347; x_wconf 81' lang='grc' dir='ltr'>περιτμηθῆναι.</span> <span class='ocrx_word' id='word_1_87' title='bbox 1604 1272 1736 1330; x_wconf 81' lang='grc' dir='ltr'>Εἶτα</span> <span class='ocrx_word' id='word_1_88' title='bbox 1782 1275 1856 1346; x_wconf 80' lang='grc' dir='ltr'>μὴ</span> 
     </span>
    </p>
   </div>
   <div class='ocr_carea' id='block_1_15' title="bbox 266 1363 1855 1439">
    <p class='ocr_par' dir='ltr' id='par_1_15' title="bbox 266 1363 1855 1439">
     <span class='ocr_line' id='line_1_15' title="bbox 266 1363 1855 1439; baseline 0.004 -24"><span class='ocrx_word' id='word_1_89' title='bbox 266 1363 508 1419; x_wconf 80' lang='grc' dir='ltr'>λαϐόντα</span> <span class='ocrx_word' id='word_1_90' title='bbox 562 1365 665 1436; x_wconf 84' lang='grc' dir='ltr'>τὴν</span> <span class='ocrx_word' id='word_1_91' title='bbox 695 1365 861 1437; x_wconf 86' lang='grc' dir='ltr'>κόρην</span> <span class='ocrx_word' id='word_1_92' title='bbox 898 1365 1199 1437; x_wconf 85' lang='grc' dir='ltr'>ὠργίσθαι,</span> <span class='ocrx_word' id='word_1_93' title='bbox 1251 1367 1341 1419; x_wconf 77' lang='grc' dir='ltr'>καὶ</span> <span class='ocrx_word' id='word_1_94' title='bbox 1400 1366 1540 1420; x_wconf 82' lang='grc' dir='ltr'>κατὰ</span> <span class='ocrx_word' id='word_1_95' title='bbox 1591 1368 1855 1439; x_wconf 77' lang='grc' dir='ltr'><strong>ἐπιτομῆς</strong></span> 
     </span>
    </p>
   </div>
   <div class='ocr_carea' id='block_1_16' title="bbox 270 1456 1748 1529">
    <p class='ocr_par' dir='ltr' id='par_1_16' title="bbox 270 1456 1748 1529">
     <span class='ocr_line' id='line_1_16' title="bbox 270 1456 1748 1529; baseline 0.002 -22"><span class='ocrx_word' id='word_1_96' title='bbox 270 1456 645 1527; x_wconf 74' lang='grc' dir='ltr'>γεγραφέναι,</span> <span class='ocrx_word' id='word_1_97' title='bbox 677 1458 771 1510; x_wconf 75' lang='grc' dir='ltr'>καὶ</span> <span class='ocrx_word' id='word_1_98' title='bbox 807 1457 946 1510; x_wconf 84' lang='grc' dir='ltr'>κατὰ</span> <span class='ocrx_word' id='word_1_99' title='bbox 975 1457 1254 1510; x_wconf 72' lang='grc' dir='ltr'>Σαϐϐάτου</span> <span class='ocrx_word' id='word_1_100' title='bbox 1288 1458 1381 1511; x_wconf 73' lang='grc' dir='ltr'>καὶ</span> <span class='ocrx_word' id='word_1_101' title='bbox 1412 1458 1748 1529; x_wconf 79' lang='grc' dir='ltr'><strong>νομοθεσίας.</strong></span> 
     </span>
    </p>
   </div>
   <div class='ocr_carea' id='block_1_17' title="bbox 345 1637 1857 1711">
    <p class='ocr_par' dir='ltr' id='par_1_17' title="bbox 345 1637 1857 1711">
     <span class='ocr_line' id='line_1_17' title="bbox 345 1637 1857 1711; baseline 0.004 -21"><span class='ocrx_word' id='word_1_102' title='bbox 345 1637 445 1690; x_wconf 84' lang='grc' dir='ltr'><strong>ΙΖ’.</strong></span> <span class='ocrx_word' id='word_1_103' title='bbox 484 1637 641 1692; x_wconf 79' lang='grc' dir='ltr'>Ἀλλά</span> <span class='ocrx_word' id='word_1_104' title='bbox 677 1640 817 1694; x_wconf 80' lang='grc' dir='ltr'>κατὰ</span> <span class='ocrx_word' id='word_1_105' title='bbox 849 1639 1025 1693; x_wconf 86' lang='grc' dir='ltr'>πάντα</span> <span class='ocrx_word' id='word_1_106' title='bbox 1047 1639 1248 1711; x_wconf 85' lang='grc' dir='ltr'>τρόπον</span> <span class='ocrx_word' id='word_1_107' title='bbox 1282 1646 1604 1711; x_wconf 74' lang='grc' dir='ltr'>συκοφαντεῖ</span> <span class='ocrx_word' id='word_1_108' title='bbox 1634 1646 1663 1697; x_wconf 85' lang='grc' dir='ltr'>ὁ</span> <span class='ocrx_word' id='word_1_109' title='bbox 1690 1643 1857 1706; x_wconf 79' lang='grc' dir='ltr'>δεινὸς</span> 
     </span>
    </p>
   </div>
   <div class='ocr_carea' id='block_1_18' title="bbox 268 1724 1857 1804">
    <p class='ocr_par' dir='ltr' id='par_1_18' title="bbox 268 1724 1857 1804">
     <span class='ocr_line' id='line_1_18' title="bbox 268 1724 1857 1804; baseline 0.003 -22"><span class='ocrx_word' id='word_1_110' title='bbox 268 1730 399 1798; x_wconf 66' lang='grc' dir='ltr'>ὄφις</span> <span class='ocrx_word' id='word_1_111' title='bbox 424 1724 609 1794; x_wconf 73' lang='grc' dir='ltr'>οὗτος,</span> <span class='ocrx_word' id='word_1_112' title='bbox 642 1731 737 1784; x_wconf 78' lang='grc' dir='ltr'>καὶ</span> <span class='ocrx_word' id='word_1_113' title='bbox 767 1732 978 1801; x_wconf 86' lang='grc' dir='ltr'>πτωχὸς</span> <span class='ocrx_word' id='word_1_114' title='bbox 1007 1735 1072 1802; x_wconf 79' lang='grc' dir='ltr'><strong>τῇ</strong></span> <span class='ocrx_word' id='word_1_115' title='bbox 1114 1732 1341 1804; x_wconf 77' lang='grc' dir='ltr'>διανοίᾳ.</span> <span class='ocrx_word' id='word_1_116' title='bbox 1388 1734 1580 1786; x_wconf 72' lang='grc' dir='ltr'>Ἐϐίων</span> <span class='ocrx_word' id='word_1_117' title='bbox 1609 1734 1717 1803; x_wconf 79' lang='grc' dir='ltr'><strong>γὰρ</strong></span> <span class='ocrx_word' id='word_1_118' title='bbox 1746 1734 1857 1804; x_wconf 84' lang='grc' dir='ltr'>ἔχει</span> 
     </span>
    </p>
   </div>
   <div class='ocr_carea' id='block_1_19' title="bbox 271 1819 1861 1893">
    <p class='ocr_par' dir='ltr' id='par_1_19' title="bbox 271 1819 1861 1893">
     <span class='ocr_line' id='line_1_19' title="bbox 271 1819 1861 1893; baseline 0.004 -22"><span class='ocrx_word' id='word_1_119' title='bbox 271 1819 388 1871; x_wconf 80' lang='grc' dir='ltr'>ἀπὸ</span> <span class='ocrx_word' id='word_1_120' title='bbox 416 1819 706 1891; x_wconf 75' lang='grc' dir='ltr'>Ἐϐραῖκῆς</span> <span class='ocrx_word' id='word_1_121' title='bbox 733 1823 813 1883; x_wconf 88' lang='grc' dir='ltr'><strong>είς</strong></span> <span class='ocrx_word' id='word_1_122' title='bbox 849 1821 1070 1874; x_wconf 82' lang='grc' dir='ltr'>Ἐλλάδα</span> <span class='ocrx_word' id='word_1_123' title='bbox 1089 1821 1269 1892; x_wconf 82' lang='grc' dir='ltr'>φωνὴν</span> <span class='ocrx_word' id='word_1_124' title='bbox 1287 1822 1383 1893; x_wconf 85' lang='grc' dir='ltr'>τὴν</span> <span class='ocrx_word' id='word_1_125' title='bbox 1407 1824 1700 1893; x_wconf 75' lang='grc' dir='ltr'>ἑρμηνείαν</span> <span class='ocrx_word' id='word_1_126' title='bbox 1716 1840 1861 1877; x_wconf 80' lang='grc' dir='ltr'>πτω-</span> 
     </span>
    </p>
   </div>
   <div class='ocr_carea' id='block_1_20' title="bbox 1959 638 3537 711">
    <p class='ocr_par' dir='ltr' id='par_1_20' title="bbox 1959 638 3537 711">
     <span class='ocr_line' id='line_1_20' title="bbox 1959 638 3537 711; baseline 0.001 -20"><span class='ocrx_word' id='word_1_127' title='bbox 1959 638 2161 692; x_wconf 85' lang='lat' dir='ltr'><strong>ﬁtetur.</strong></span> <span class='ocrx_word' id='word_1_128' title='bbox 2196 638 2416 693; x_wconf 90' lang='lat' dir='ltr'><strong>Addunt</strong></span> <span class='ocrx_word' id='word_1_129' title='bbox 2452 649 2503 696; x_wconf 89' lang='lat' dir='ltr'><strong>ct</strong></span> <span class='ocrx_word' id='word_1_130' title='bbox 2550 656 2579 694; x_wconf 93' lang='lat' dir='ltr'><strong>a</strong></span> <span class='ocrx_word' id='word_1_131' title='bbox 2611 641 2908 711; x_wconf 75' lang='lat' dir='ltr'><strong>gentilibus</strong></span> <span class='ocrx_word' id='word_1_132' title='bbox 2936 639 3229 697; x_wconf 88' lang='lat' dir='ltr'><strong>oriundum</strong></span> <span class='ocrx_word' id='word_1_133' title='bbox 3263 654 3409 706; x_wconf 87' lang='lat' dir='ltr'><strong>esse,</strong></span> <span class='ocrx_word' id='word_1_134' title='bbox 3437 655 3537 694; x_wconf 87' lang='lat' dir='ltr'><strong>cu-</strong></span> 
     </span>
    </p>
   </div>
   <div class='ocr_carea' id='block_1_21' title="bbox 1952 729 3537 803">
    <p class='ocr_par' dir='ltr' id='par_1_21' title="bbox 1952 729 3537 803">
     <span class='ocr_line' id='line_1_21' title="bbox 1952 729 3537 803; baseline -0.001 -20"><span class='ocrx_word' id='word_1_135' title='bbox 1952 729 2171 799; x_wconf 89' lang='lat' dir='ltr'><strong>jusdam</strong></span> <span class='ocrx_word' id='word_1_136' title='bbox 2212 731 2503 786; x_wconf 83' lang='lat' dir='ltr'><strong>occasione</strong></span> <span class='ocrx_word' id='word_1_137' title='bbox 2536 731 2664 796; x_wconf 90' lang='lat' dir='ltr'><strong>loci,</strong></span> <span class='ocrx_word' id='word_1_138' title='bbox 2711 732 2767 786; x_wconf 90' lang='lat' dir='ltr'><strong>in</strong></span> <span class='ocrx_word' id='word_1_139' title='bbox 2800 747 2911 803; x_wconf 89' lang='lat' dir='ltr'><strong>quo</strong></span> <span class='ocrx_word' id='word_1_140' title='bbox 2957 731 3075 802; x_wconf 89' lang='lat' dir='ltr'><strong>ipse</strong></span> <span class='ocrx_word' id='word_1_141' title='bbox 3119 731 3266 801; x_wconf 85' lang='lat' dir='ltr'><strong>quod</strong></span> <span class='ocrx_word' id='word_1_142' title='bbox 3298 746 3387 786; x_wconf 85' lang='lat' dir='ltr'><strong>res</strong></span> <span class='ocrx_word' id='word_1_143' title='bbox 3418 736 3537 785; x_wconf 88' lang='lat' dir='ltr'><strong>erat</strong></span> 
     </span>
    </p>
   </div>
   <div class='ocr_carea' id='block_1_22' title="bbox 1957 821 3537 892">
    <p class='ocr_par' dir='ltr' id='par_1_22' title="bbox 1957 821 3537 892">
     <span class='ocr_line' id='line_1_22' title="bbox 1957 821 3537 892; baseline -0.001 -18"><span class='ocrx_word' id='word_1_144' title='bbox 1957 821 2190 890; x_wconf 76' lang='lat' dir='ltr'><strong>ingenue</strong></span> <span class='ocrx_word' id='word_1_145' title='bbox 2234 821 2506 890; x_wconf 85' lang='lat' dir='ltr'><strong>proponit.</strong></span> <span class='ocrx_word' id='word_1_146' title='bbox 2559 822 2862 887; x_wconf 81' lang='lat' dir='ltr'><strong>Tarsensis,</strong></span> <span class='ocrx_word' id='word_1_147' title='bbox 2912 822 3111 892; x_wconf 84' lang='lat' dir='ltr'><strong>inquit,</strong></span> <span class='ocrx_word' id='word_1_148' title='bbox 3142 838 3234 891; x_wconf 85' lang='lat' dir='ltr'><strong>ego</strong></span> <span class='ocrx_word' id='word_1_149' title='bbox 3264 837 3403 885; x_wconf 65' lang='lat' dir='ltr'><strong>sunt,</strong></span> <span class='ocrx_word' id='word_1_150' title='bbox 3446 836 3537 875; x_wconf 84' lang='lat' dir='ltr'><strong>nec</strong></span> 
     </span>
    </p>
   </div>
   <div class='ocr_carea' id='block_1_23' title="bbox 1957 909 3538 982">
    <p class='ocr_par' dir='ltr' id='par_1_23' title="bbox 1957 909 3538 982">
     <span class='ocr_line' id='line_1_23' title="bbox 1957 909 3538 982; baseline 0.001 -20"><span class='ocrx_word' id='word_1_151' title='bbox 1957 909 2101 965; x_wconf 80' lang='lat' dir='ltr'><strong>urbis</strong></span> <span class='ocrx_word' id='word_1_152' title='bbox 2131 909 2366 964; x_wconf 77' lang='lat' dir='ltr'><strong>obscura:</strong></span> <span class='ocrx_word' id='word_1_153' title='bbox 2394 911 2518 965; x_wconf 80' lang='lat' dir='ltr'><strong>civis</strong></span> <span class='ocrx_word' id='word_1_154' title='bbox 2551 913 2589 964; x_wconf 78' lang='grc' dir='ltr'>ι.</span> <span class='ocrx_word' id='word_1_155' title='bbox 2622 912 2701 966; x_wconf 80' lang='lat' dir='ltr'><strong>Ex</strong></span> <span class='ocrx_word' id='word_1_156' title='bbox 2731 926 2840 980; x_wconf 91' lang='lat' dir='ltr'><strong>quo</strong></span> <span class='ocrx_word' id='word_1_157' title='bbox 2873 912 3129 982; x_wconf 78' lang='lat' dir='ltr'><strong>gentilem</strong></span> <span class='ocrx_word' id='word_1_158' title='bbox 3179 910 3350 967; x_wconf 79' lang='lat' dir='ltr'><strong>fuisse</strong></span> <span class='ocrx_word' id='word_1_159' title='bbox 3388 911 3538 965; x_wconf 92' lang='lat' dir='ltr'><strong>colli-</strong></span> 
     </span>
    </p>
   </div>
   <div class='ocr_carea' id='block_1_24' title="bbox 1956 1003 3536 1075">
    <p class='ocr_par' dir='ltr' id='par_1_24' title="bbox 1956 1003 3536 1075">
     <span class='ocr_line' id='line_1_24' title="bbox 1956 1003 3536 1075; baseline 0.001 -20"><span class='ocrx_word' id='word_1_160' title='bbox 1956 1008 2110 1073; x_wconf 80' lang='lat' dir='ltr'><strong>gunt.</strong></span> <span class='ocrx_word' id='word_1_161' title='bbox 2140 1009 2194 1055; x_wconf 92' lang='lat' dir='ltr'><strong>et</strong></span> <span class='ocrx_word' id='word_1_162' title='bbox 2223 1009 2457 1071; x_wconf 90' lang='lat' dir='ltr'><strong>utroque</strong></span> <span class='ocrx_word' id='word_1_163' title='bbox 2483 1010 2709 1071; x_wconf 89' lang='lat' dir='ltr'><strong>parente</strong></span> <span class='ocrx_word' id='word_1_164' title='bbox 2730 1003 2918 1075; x_wconf 70' lang='lat' dir='ltr'><strong>gentili</strong></span> <span class='ocrx_word' id='word_1_165' title='bbox 2950 1012 3323 1073; x_wconf 84' lang='lat' dir='ltr'><strong>procreatum.</strong></span> <span class='ocrx_word' id='word_1_166' title='bbox 3371 1003 3536 1057; x_wconf 88' lang='lat' dir='ltr'><strong>Cum-</strong></span> 
     </span>
    </p>
   </div>
   <div class='ocr_carea' id='block_1_25' title="bbox 1956 1091 3526 1163">
    <p class='ocr_par' dir='ltr' id='par_1_25' title="bbox 1956 1091 3526 1163">
     <span class='ocr_line' id='line_1_25' title="bbox 1956 1091 3526 1163; baseline -0.001 -17"><span class='ocrx_word' id='word_1_167' title='bbox 1956 1108 2062 1162; x_wconf 89' lang='lat' dir='ltr'><strong>que</strong></span> <span class='ocrx_word' id='word_1_168' title='bbox 2090 1091 2532 1163; x_wconf 87' lang='lat' dir='ltr'><strong>llierosolymum</strong></span> <span class='ocrx_word' id='word_1_169' title='bbox 2562 1094 2917 1158; x_wconf 84' lang='lat' dir='ltr'><strong>accessisset,</strong></span> <span class='ocrx_word' id='word_1_170' title='bbox 2964 1102 3019 1148; x_wconf 92' lang='lat' dir='ltr'><strong>et</strong></span> <span class='ocrx_word' id='word_1_171' title='bbox 3051 1093 3254 1149; x_wconf 84' lang='lat' dir='ltr'><strong>ibidem</strong></span> <span class='ocrx_word' id='word_1_172' title='bbox 3280 1092 3526 1162; x_wconf 85' lang='lat' dir='ltr'><strong>aliquan-</strong></span> 
     </span>
    </p>
   </div>
   <div class='ocr_carea' id='block_1_26' title="bbox 1956 1182 3533 1253">
    <p class='ocr_par' dir='ltr' id='par_1_26' title="bbox 1956 1182 3533 1253">
     <span class='ocr_line' id='line_1_26' title="bbox 1956 1182 3533 1253; baseline 0.002 -17"><span class='ocrx_word' id='word_1_173' title='bbox 1956 1182 2048 1236; x_wconf 84' lang='lat' dir='ltr'><strong>diu</strong></span> <span class='ocrx_word' id='word_1_174' title='bbox 2089 1182 2405 1245; x_wconf 84' lang='lat' dir='ltr'><strong>mansisset,</strong></span> <span class='ocrx_word' id='word_1_175' title='bbox 2464 1183 2739 1253; x_wconf 91' lang='lat' dir='ltr'><strong>pontiﬁcis</strong></span> <span class='ocrx_word' id='word_1_176' title='bbox 2787 1185 2952 1240; x_wconf 89' lang='lat' dir='ltr'><strong>ﬁliam</strong></span> <span class='ocrx_word' id='word_1_177' title='bbox 3001 1185 3204 1240; x_wconf 90' lang='lat' dir='ltr'><strong>ducere</strong></span> <span class='ocrx_word' id='word_1_178' title='bbox 3253 1184 3533 1240; x_wconf 86' lang='lat' dir='ltr'><strong>statuisse.</strong></span> 
     </span>
    </p>
   </div>
   <div class='ocr_carea' id='block_1_27' title="bbox 1958 1274 3562 1351">
    <p class='ocr_par' dir='ltr' id='par_1_27' title="bbox 1958 1274 3562 1351">
     <span class='ocr_line' id='line_1_27' title="bbox 1958 1274 3562 1351; baseline 0.001 -24"><span class='ocrx_word' id='word_1_179' title='bbox 1958 1276 2136 1339; x_wconf 82' lang='lat' dir='ltr'><strong>Quare</strong></span> <span class='ocrx_word' id='word_1_180' title='bbox 2184 1274 2520 1345; x_wconf 83' lang='lat' dir='ltr'><strong>proselytum</strong></span> <span class='ocrx_word' id='word_1_181' title='bbox 2576 1290 2636 1331; x_wconf 89' lang='lat' dir='ltr'><strong>se</strong></span> <span class='ocrx_word' id='word_1_182' title='bbox 2693 1276 2913 1340; x_wconf 82' lang='lat' dir='ltr'><strong>fecisse,</strong></span> <span class='ocrx_word' id='word_1_183' title='bbox 2959 1292 3024 1332; x_wconf 91' lang='lat' dir='ltr'><strong>ac</strong></span> <span class='ocrx_word' id='word_1_184' title='bbox 3062 1275 3562 1351; x_wconf 76' lang='lat' dir='ltr'><strong>circumcisionem&#39;</strong></span> 
     </span>
    </p>
   </div>
   <div class='ocr_carea' id='block_1_28' title="bbox 1959 1364 3536 1436">
    <p class='ocr_par' dir='ltr' id='par_1_28' title="bbox 1959 1364 3536 1436">
     <span class='ocr_line' id='line_1_28' title="bbox 1959 1364 3536 1436; baseline 0 -17"><span class='ocrx_word' id='word_1_185' title='bbox 1959 1380 2281 1435; x_wconf 82' lang='lat' dir='ltr'><strong>usurpasse.</strong></span> <span class='ocrx_word' id='word_1_186' title='bbox 2311 1364 2508 1421; x_wconf 79' lang='lat' dir='ltr'><strong>Postea</strong></span> <span class='ocrx_word' id='word_1_187' title='bbox 2549 1366 2693 1435; x_wconf 91' lang='lat' dir='ltr'><strong>quod</strong></span> <span class='ocrx_word' id='word_1_188' title='bbox 2743 1367 2811 1421; x_wconf 84' lang='lat' dir='ltr'><strong>ab</strong></span> <span class='ocrx_word' id='word_1_189' title='bbox 2841 1382 2904 1422; x_wconf 83' lang='lat' dir='ltr'><strong>eo</strong></span> <span class='ocrx_word' id='word_1_190' title='bbox 2933 1367 3193 1436; x_wconf 77' lang='lat' dir='ltr'><strong>coniugio</strong></span> <span class='ocrx_word' id='word_1_191' title='bbox 3220 1366 3536 1435; x_wconf 80' lang='lat' dir='ltr'><strong>excidisset,</strong></span> 
     </span>
    </p>
   </div>
   <div class='ocr_carea' id='block_1_29' title="bbox 1960 1456 3537 1522">
    <p class='ocr_par' dir='ltr' id='par_1_29' title="bbox 1960 1456 3537 1522">
     <span class='ocr_line' id='line_1_29' title="bbox 1960 1456 3537 1522; baseline 0.002 -14"><span class='ocrx_word' id='word_1_192' title='bbox 1960 1456 2161 1510; x_wconf 86' lang='lat' dir='ltr'><strong>iratum</strong></span> <span class='ocrx_word' id='word_1_193' title='bbox 2205 1456 2475 1512; x_wconf 87' lang='lat' dir='ltr'><strong>adversus</strong></span> <span class='ocrx_word' id='word_1_194' title='bbox 2515 1456 2991 1511; x_wconf 87' lang='lat' dir='ltr'><strong>circumcisioncm</strong></span> <span class='ocrx_word' id='word_1_195' title='bbox 3024 1466 3077 1511; x_wconf 89' lang='lat' dir='ltr'><strong>ct</strong></span> <span class='ocrx_word' id='word_1_196' title='bbox 3108 1456 3428 1522; x_wconf 85' lang='lat' dir='ltr'><strong>Sabbatum,</strong></span> <span class='ocrx_word' id='word_1_197' title='bbox 3463 1458 3537 1512; x_wconf 83' lang='lat' dir='ltr'><strong>le-</strong></span> 
     </span>
    </p>
   </div>
   <div class='ocr_carea' id='block_1_30' title="bbox 1957 1547 2525 1617">
    <p class='ocr_par' dir='ltr' id='par_1_30' title="bbox 1957 1547 2525 1617">
     <span class='ocr_line' id='line_1_30' title="bbox 1957 1547 2525 1617; baseline -0.002 -16"><span class='ocrx_word' id='word_1_198' title='bbox 1957 1562 2187 1617; x_wconf 80' lang='lat' dir='ltr'><strong>genique</strong></span> <span class='ocrx_word' id='word_1_199' title='bbox 2217 1547 2525 1616; x_wconf 90' lang='lat' dir='ltr'><strong>scripsisse.</strong></span> 
     </span>
    </p>
   </div>
   <div class='ocr_carea' id='block_1_31' title="bbox 2033 1636 3540 1708">
    <p class='ocr_par' dir='ltr' id='par_1_31' title="bbox 2033 1636 3540 1708">
     <span class='ocr_line' id='line_1_31' title="bbox 2033 1636 3540 1708; baseline 0.003 -18"><span class='ocrx_word' id='word_1_200' title='bbox 2033 1636 2191 1691; x_wconf 76' lang='lat' dir='ltr'><strong>XVII.</strong></span> <span class='ocrx_word' id='word_1_201' title='bbox 2224 1636 2329 1693; x_wconf 89' lang='lat' dir='ltr'><strong>Sed</strong></span> <span class='ocrx_word' id='word_1_202' title='bbox 2359 1648 2599 1708; x_wconf 89' lang='lat' dir='ltr'><strong>apertam</strong></span> <span class='ocrx_word' id='word_1_203' title='bbox 2631 1638 2964 1694; x_wconf 76' lang='lat' dir='ltr'><strong>calunmiam</strong></span> <span class='ocrx_word' id='word_1_204' title='bbox 3005 1640 3169 1696; x_wconf 85' lang='lat' dir='ltr'><strong>struit</strong></span> <span class='ocrx_word' id='word_1_205' title='bbox 3191 1639 3422 1695; x_wconf 87' lang='lat' dir='ltr'><strong>callidus</strong></span> <span class='ocrx_word' id='word_1_206' title='bbox 3452 1640 3540 1695; x_wconf 90' lang='lat' dir='ltr'><strong>ille</strong></span> 
     </span>
    </p>
   </div>
   <div class='ocr_carea' id='block_1_32' title="bbox 1960 1728 3540 1803">
    <p class='ocr_par' dir='ltr' id='par_1_32' title="bbox 1960 1728 3540 1803">
     <span class='ocr_line' id='line_1_32' title="bbox 1960 1728 3540 1803; baseline 0.001 -21"><span class='ocrx_word' id='word_1_207' title='bbox 1960 1744 2207 1798; x_wconf 76' lang='lat' dir='ltr'><strong>serpens,</strong></span> <span class='ocrx_word' id='word_1_208' title='bbox 2224 1730 2516 1799; x_wconf 86' lang='lat' dir='ltr'><strong>animoque</strong></span> <span class='ocrx_word' id='word_1_209' title='bbox 2534 1730 2687 1803; x_wconf 66' lang='grc'><strong>141</strong></span> <span class='ocrx_word' id='word_1_210' title='bbox 2706 1730 3012 1786; x_wconf 78' lang='lat' dir='ltr'><strong>nieudicus.</strong></span> <span class='ocrx_word' id='word_1_211' title='bbox 3027 1729 3199 1784; x_wconf 87' lang='lat' dir='ltr'><strong>Ebion</strong></span> <span class='ocrx_word' id='word_1_212' title='bbox 3218 1730 3417 1799; x_wconf 72' lang='lat' dir='ltr'><strong>quippe</strong></span> <span class='ocrx_word' id='word_1_213' title='bbox 3439 1728 3540 1783; x_wconf 89' lang='lat' dir='ltr'><strong>lle—</strong></span> 
     </span>
    </p>
   </div>
   <div class='ocr_carea' id='block_1_33' title="bbox 1962 1818 3537 1891">
    <p class='ocr_par' dir='ltr' id='par_1_33' title="bbox 1962 1818 3537 1891">
     <span class='ocr_line' id='line_1_33' title="bbox 1962 1818 3537 1891; baseline -0.001 -17"><span class='ocrx_word' id='word_1_214' title='bbox 1962 1820 2148 1874; x_wconf 87' lang='lat' dir='ltr'><strong>braica</strong></span> <span class='ocrx_word' id='word_1_215' title='bbox 2172 1818 2275 1874; x_wconf 64' lang='lat' dir='ltr'><strong>vox</strong></span> <span class='ocrx_word' id='word_1_216' title='bbox 2290 1819 2477 1874; x_wconf 49' lang='lat' dir='ltr'><strong>Graeca</strong></span> <span class='ocrx_word' id='word_1_217' title='bbox 2501 1822 2683 1891; x_wconf 80' lang='lat' dir='ltr'><strong>lingua</strong></span> <span class='ocrx_word' id='word_1_218' title='bbox 2707 1820 3000 1875; x_wconf 81' lang='lat' dir='ltr'><strong>mendicum</strong></span> <span class='ocrx_word' id='word_1_219' title='bbox 3031 1828 3208 1878; x_wconf 86' lang='lat' dir='ltr'><strong>sonat.</strong></span> <span class='ocrx_word' id='word_1_220' title='bbox 3245 1820 3338 1876; x_wconf 87' lang='lat' dir='ltr'><strong>Est</strong></span> <span class='ocrx_word' id='word_1_221' title='bbox 3359 1827 3537 1875; x_wconf 87' lang='lat' dir='ltr'><strong>autem</strong></span> 
     </span>
    </p>
   </div>
   <div class='ocr_carea' id='block_1_34' title="bbox 274 1891 1861 1985">
    <p class='ocr_par' dir='ltr' id='par_1_34' title="bbox 274 1891 1861 1985">
     <span class='ocr_line' id='line_1_34' title="bbox 274 1891 1861 1985; baseline -0.001 -24"><span class='ocrx_word' id='word_1_222' title='bbox 274 1912 406 1977; x_wconf 72' lang='grc' dir='ltr'>κός.</span> <span class='ocrx_word' id='word_1_223' title='bbox 429 1911 647 1980; x_wconf 82' lang='grc' dir='ltr'><strong>Πτωχὸς</strong></span> <span class='ocrx_word' id='word_1_224' title='bbox 662 1911 770 1981; x_wconf 81' lang='grc' dir='ltr'><strong>γὰρ</strong></span> <span class='ocrx_word' id='word_1_225' title='bbox 796 1911 871 1973; x_wconf 81' lang='grc' dir='ltr'><strong>ὡς</strong></span> <span class='ocrx_word' id='word_1_226' title='bbox 882 1911 1094 1981; x_wconf 81' lang='grc' dir='ltr'>ἀληθῶς</span> <span class='ocrx_word' id='word_1_227' title='bbox 1116 1913 1212 1966; x_wconf 79' lang='grc' dir='ltr'><strong>καὶ</strong></span> <span class='ocrx_word' id='word_1_228' title='bbox 1227 1891 1291 1984; x_wconf 84' lang='grc' dir='ltr'>τῇ</span> <span class='ocrx_word' id='word_1_229' title='bbox 1309 1891 1514 1985; x_wconf 68' lang='grc' dir='ltr'>διανοία</span> <span class='ocrx_word' id='word_1_230' title='bbox 1527 1891 1620 1967; x_wconf 75' lang='grc' dir='ltr'>καὶ</span> <span class='ocrx_word' id='word_1_231' title='bbox 1636 1917 1699 1984; x_wconf 80' lang='grc' dir='ltr'><strong>τῇ</strong></span> <span class='ocrx_word' id='word_1_232' title='bbox 1714 1913 1861 1967; x_wconf 79' lang='grc' dir='ltr'>ὲλπί.</span> 
     </span>
    </p>
   </div>
   <div class='ocr_carea' id='block_1_35' title="bbox 1966 1891 3535 1985">
    <p class='ocr_par' dir='ltr' id='par_1_35' title="bbox 1966 1911 3535 1981">
     <span class='ocr_line' id='line_1_35' title="bbox 1966 1911 3535 1981; baseline 0.001 -16"><span class='ocrx_word' id='word_1_233' title='bbox 1966 1911 2248 1966; x_wconf 74' lang='lat' dir='ltr'><strong>haereticus</strong></span> <span class='ocrx_word' id='word_1_234' title='bbox 2267 1912 2369 1966; x_wconf 87' lang='lat' dir='ltr'><strong>iste</strong></span> <span class='ocrx_word' id='word_1_235' title='bbox 2388 1925 2574 1965; x_wconf 80' lang='lat' dir='ltr'><strong>revera</strong></span> <span class='ocrx_word' id='word_1_236' title='bbox 2594 1922 2794 1975; x_wconf 88' lang='lat' dir='ltr'><strong>mente,</strong></span> <span class='ocrx_word' id='word_1_237' title='bbox 2820 1927 2917 1981; x_wconf 79' lang='lat' dir='ltr'><strong>Spe</strong></span> <span class='ocrx_word' id='word_1_238' title='bbox 2940 1911 3208 1981; x_wconf 84' lang='lat' dir='ltr'><strong>factisque</strong></span> <span class='ocrx_word' id='word_1_239' title='bbox 3232 1911 3535 1973; x_wconf 79' lang='lat' dir='ltr'><strong>mendicus,</strong></span> 
     </span>
    </p>
   </div>
   <div class='ocr_carea' id='block_1_36' title="bbox 269 2001 1860 2075">
    <p class='ocr_par' dir='ltr' id='par_1_36' title="bbox 269 2001 1860 2075">
     <span class='ocr_line' id='line_1_36' title="bbox 269 2001 1860 2075; baseline 0.003 -22"><span class='ocrx_word' id='word_1_240' title='bbox 269 2001 324 2053; x_wconf 88' lang='grc' dir='ltr'><strong>δι</strong></span> <span class='ocrx_word' id='word_1_241' title='bbox 357 2003 455 2055; x_wconf 78' lang='grc' dir='ltr'>καὶ</span> <span class='ocrx_word' id='word_1_242' title='bbox 478 2001 557 2071; x_wconf 81' lang='grc' dir='ltr'>τῷ</span> <span class='ocrx_word' id='word_1_243' title='bbox 583 2001 748 2073; x_wconf 76' lang='grc' dir='ltr'>ἔργῳ,</span> <span class='ocrx_word' id='word_1_244' title='bbox 773 2003 1003 2073; x_wconf 82' lang='grc' dir='ltr'>Χριστὸν</span> <span class='ocrx_word' id='word_1_245' title='bbox 1023 2003 1308 2075; x_wconf 78' lang='grc' dir='ltr'>ἄνθρωπον</span> <span class='ocrx_word' id='word_1_246' title='bbox 1324 2004 1478 2072; x_wconf 72' lang='grc' dir='ltr'>ψιλὸν</span> <span class='ocrx_word' id='word_1_247' title='bbox 1504 2005 1749 2075; x_wconf 76' lang='grc' dir='ltr'>νομίσας,</span> <span class='ocrx_word' id='word_1_248' title='bbox 1768 2006 1860 2058; x_wconf 80' lang='grc' dir='ltr'>καὶ</span> 
     </span>
    </p>
   </div>
   <div class='ocr_carea' id='block_1_37' title="bbox 270 2096 1860 2168">
    <p class='ocr_par' dir='ltr' id='par_1_37' title="bbox 270 2096 1860 2168">
     <span class='ocr_line' id='line_1_37' title="bbox 270 2096 1860 2168; baseline 0.003 -21"><span class='ocrx_word' id='word_1_249' title='bbox 270 2096 451 2159; x_wconf 75' lang='grc' dir='ltr'>οὕτως</span> <span class='ocrx_word' id='word_1_250' title='bbox 486 2100 543 2149; x_wconf 86' lang='grc' dir='ltr'><strong>ἑν</strong></span> <span class='ocrx_word' id='word_1_251' title='bbox 577 2096 821 2167; x_wconf 80' lang='grc' dir='ltr'><strong>πτωχείᾳ</strong></span> <span class='ocrx_word' id='word_1_252' title='bbox 869 2097 1101 2161; x_wconf 88' lang='grc' dir='ltr'>πίστεως</span> <span class='ocrx_word' id='word_1_253' title='bbox 1145 2097 1242 2167; x_wconf 79' lang='grc' dir='ltr'>τὴν</span> <span class='ocrx_word' id='word_1_254' title='bbox 1296 2098 1485 2151; x_wconf 79' lang='grc' dir='ltr'>ἐλπίδα</span> <span class='ocrx_word' id='word_1_255' title='bbox 1525 2099 1653 2168; x_wconf 78' lang='grc' dir='ltr'>περὶ</span> <span class='ocrx_word' id='word_1_256' title='bbox 1694 2098 1860 2152; x_wconf 81' lang='grc' dir='ltr'>αὑτοῦ</span> 
     </span>
    </p>
   </div>
   <div class='ocr_carea' id='block_1_38' title="bbox 274 2185 1860 2259">
    <p class='ocr_par' dir='ltr' id='par_1_38' title="bbox 274 2185 1860 2259">
     <span class='ocr_line' id='line_1_38' title="bbox 274 2185 1860 2259; baseline 0.003 -22"><span class='ocrx_word' id='word_1_257' title='bbox 274 2185 633 2255; x_wconf 79' lang='grc' dir='ltr'>κεκτημένος.</span> <span class='ocrx_word' id='word_1_258' title='bbox 687 2187 850 2239; x_wconf 79' lang='grc' dir='ltr'>Αὐτοὶ</span> <span class='ocrx_word' id='word_1_259' title='bbox 898 2187 952 2240; x_wconf 83' lang='grc' dir='ltr'>δὲ</span> <span class='ocrx_word' id='word_1_260' title='bbox 987 2188 1146 2257; x_wconf 87' lang='grc' dir='ltr'>δῆθεν</span> <span class='ocrx_word' id='word_1_261' title='bbox 1197 2187 1587 2259; x_wconf 82' lang='grc' dir='ltr'>σεμνύνονται,</span> <span class='ocrx_word' id='word_1_262' title='bbox 1636 2190 1860 2253; x_wconf 85' lang='grc' dir='ltr'>ἑαυτοὺς</span> 
     </span>
    </p>
   </div>
   <div class='ocr_carea' id='block_1_39' title="bbox 274 2275 1861 2350">
    <p class='ocr_par' dir='ltr' id='par_1_39' title="bbox 274 2275 1861 2350">
     <span class='ocr_line' id='line_1_39' title="bbox 274 2275 1861 2350; baseline 0.003 -22"><span class='ocrx_word' id='word_1_263' title='bbox 274 2275 579 2344; x_wconf 73' lang='grc' dir='ltr'>φάσκοντες</span> <span class='ocrx_word' id='word_1_264' title='bbox 612 2279 859 2347; x_wconf 82' lang='grc' dir='ltr'>πτωχοὺς</span> <span class='ocrx_word' id='word_1_265' title='bbox 879 2318 894 2341; x_wconf 89' lang='grc'><strong>,</strong></span> <span class='ocrx_word' id='word_1_266' title='bbox 931 2277 1020 2331; x_wconf 75' lang='grc' dir='ltr'><strong>διὰ</strong></span> <span class='ocrx_word' id='word_1_267' title='bbox 1046 2278 1107 2331; x_wconf 83' lang='grc' dir='ltr'>τὸ</span> <span class='ocrx_word' id='word_1_268' title='bbox 1129 2321 1141 2342; x_wconf 91' lang='grc'><strong>,</strong></span> <span class='ocrx_word' id='word_1_269' title='bbox 1174 2282 1335 2348; x_wconf 79' lang='grc' dir='ltr'>φασὶν</span> <span class='ocrx_word' id='word_1_270' title='bbox 1360 2322 1374 2346; x_wconf 91' lang='grc'><strong>,</strong></span> <span class='ocrx_word' id='word_1_271' title='bbox 1416 2282 1473 2333; x_wconf 83' lang='grc' dir='ltr'><strong>ἑν</strong></span> <span class='ocrx_word' id='word_1_272' title='bbox 1507 2280 1717 2350; x_wconf 82' lang='grc' dir='ltr'>χρόνοις</span> <span class='ocrx_word' id='word_1_273' title='bbox 1755 2281 1861 2333; x_wconf 83' lang='grc' dir='ltr'>τῶν</span> 
     </span>
    </p>
   </div>
   <div class='ocr_carea' id='block_1_40' title="bbox 275 2366 1862 2442">
    <p class='ocr_par' dir='ltr' id='par_1_40' title="bbox 275 2366 1862 2442">
     <span class='ocr_line' id='line_1_40' title="bbox 275 2366 1862 2442; baseline 0.003 -23"><span class='ocrx_word' id='word_1_274' title='bbox 275 2366 594 2420; x_wconf 76' lang='grc' dir='ltr'>ἀποστόλων</span> <span class='ocrx_word' id='word_1_275' title='bbox 639 2366 838 2419; x_wconf 84' lang='grc' dir='ltr'>πωλεῖν</span> <span class='ocrx_word' id='word_1_276' title='bbox 890 2368 957 2422; x_wconf 77' lang='grc' dir='ltr'><strong>τὰ</strong></span> <span class='ocrx_word' id='word_1_277' title='bbox 1005 2369 1183 2439; x_wconf 35' lang='grc' dir='ltr'>αὑ-τῶν</span> <span class='ocrx_word' id='word_1_278' title='bbox 1215 2371 1527 2442; x_wconf 80' lang='grc' dir='ltr'>ὑπάρχοντα</span> <span class='ocrx_word' id='word_1_279' title='bbox 1550 2413 1563 2437; x_wconf 89' lang='grc'><strong>,</strong></span> <span class='ocrx_word' id='word_1_280' title='bbox 1598 2371 1691 2424; x_wconf 74' lang='grc' dir='ltr'>καὶ</span> <span class='ocrx_word' id='word_1_281' title='bbox 1721 2370 1862 2424; x_wconf 83' lang='grc' dir='ltr'>τιθέ-</span> 
     </span>
    </p>
   </div>
   <div class='ocr_carea' id='block_1_41' title="bbox 276 2460 1860 2531">
    <p class='ocr_par' dir='ltr' id='par_1_41' title="bbox 276 2460 1860 2531">
     <span class='ocr_line' id='line_1_41' title="bbox 276 2460 1860 2531; baseline 0.003 -18"><span class='ocrx_word' id='word_1_282' title='bbox 276 2475 367 2513; x_wconf 81' lang='grc' dir='ltr'><strong>ναι</strong></span> <span class='ocrx_word' id='word_1_283' title='bbox 396 2460 549 2531; x_wconf 84' lang='grc' dir='ltr'>παρὰ</span> <span class='ocrx_word' id='word_1_284' title='bbox 580 2461 704 2523; x_wconf 81' lang='grc' dir='ltr'>τοὺς</span> <span class='ocrx_word' id='word_1_285' title='bbox 750 2462 916 2525; x_wconf 84' lang='grc' dir='ltr'>πόδας</span> <span class='ocrx_word' id='word_1_286' title='bbox 948 2462 1055 2515; x_wconf 81' lang='grc' dir='ltr'><strong>τῶν</strong></span> <span class='ocrx_word' id='word_1_287' title='bbox 1089 2464 1400 2517; x_wconf 82' lang='grc' dir='ltr'>ἀποστόλων</span> <span class='ocrx_word' id='word_1_288' title='bbox 1426 2503 1441 2527; x_wconf 93' lang='grc'><strong>,</strong></span> <span class='ocrx_word' id='word_1_289' title='bbox 1484 2465 1577 2517; x_wconf 78' lang='grc' dir='ltr'>καὶ</span> <span class='ocrx_word' id='word_1_290' title='bbox 1606 2468 1682 2528; x_wconf 87' lang='grc' dir='ltr'><strong>είς</strong></span> <span class='ocrx_word' id='word_1_291' title='bbox 1714 2483 1860 2519; x_wconf 84' lang='grc' dir='ltr'>πτω-</span> 
     </span>
    </p>
   </div>
   <div class='ocr_carea' id='block_1_42' title="bbox 276 2552 1863 2625">
    <p class='ocr_par' dir='ltr' id='par_1_42' title="bbox 276 2552 1863 2625">
     <span class='ocr_line' id='line_1_42' title="bbox 276 2552 1863 2625; baseline 0.004 -21"><span class='ocrx_word' id='word_1_292' title='bbox 276 2553 435 2624; x_wconf 85' lang='grc' dir='ltr'>χείαν</span> <span class='ocrx_word' id='word_1_293' title='bbox 482 2554 576 2606; x_wconf 71' lang='grc' dir='ltr'>καὶ</span> <span class='ocrx_word' id='word_1_294' title='bbox 621 2552 919 2617; x_wconf 80' lang='grc' dir='ltr'>ἀποταξίαν</span> <span class='ocrx_word' id='word_1_295' title='bbox 960 2555 1399 2625; x_wconf 79' lang='grc' dir='ltr'>μετεληλυθέναι.</span> <span class='ocrx_word' id='word_1_296' title='bbox 1441 2558 1547 2610; x_wconf 64' lang='grc' dir='ltr'><strong>Καὶ</strong></span> <span class='ocrx_word' id='word_1_297' title='bbox 1577 2557 1663 2609; x_wconf 67' lang='grc' dir='ltr'><strong>διὰ</strong></span> <span class='ocrx_word' id='word_1_298' title='bbox 1705 2556 1863 2610; x_wconf 78' lang='grc' dir='ltr'>τοῦτο</span> 
     </span>
    </p>
   </div>
   <div class='ocr_carea' id='block_1_43' title="bbox 277 2642 1861 2718">
    <p class='ocr_par' dir='ltr' id='par_1_43' title="bbox 277 2642 1861 2718">
     <span class='ocr_line' id='line_1_43' title="bbox 277 2642 1861 2718; baseline 0.003 -23"><span class='ocrx_word' id='word_1_299' title='bbox 277 2642 560 2697; x_wconf 85' lang='grc' dir='ltr'>καλεῖσθαι</span> <span class='ocrx_word' id='word_1_300' title='bbox 594 2644 702 2697; x_wconf 83' lang='grc' dir='ltr'><strong>ὑπὸ</strong></span> <span class='ocrx_word' id='word_1_301' title='bbox 758 2644 973 2699; x_wconf 87' lang='grc' dir='ltr'>πάντων</span> <span class='ocrx_word' id='word_1_302' title='bbox 1008 2647 1141 2716; x_wconf 73' lang='grc' dir='ltr'>φασὶ</span> <span class='ocrx_word' id='word_1_303' title='bbox 1184 2647 1408 2718; x_wconf 90' lang='grc' dir='ltr'>πτωχοί.</span> <span class='ocrx_word' id='word_1_304' title='bbox 1443 2649 1577 2701; x_wconf 78' lang='grc' dir='ltr'><strong>Οὐδὲ</strong></span> <span class='ocrx_word' id='word_1_305' title='bbox 1606 2648 1763 2701; x_wconf 83' lang='grc' dir='ltr'>τοῦτο</span> <span class='ocrx_word' id='word_1_306' title='bbox 1806 2648 1861 2701; x_wconf 81' lang='grc' dir='ltr'>δὲ</span> 
     </span>
    </p>
   </div>
   <div class='ocr_carea' id='block_1_44' title="bbox 273 2733 1862 2807">
    <p class='ocr_par' dir='ltr' id='par_1_44' title="bbox 273 2733 1862 2807">
     <span class='ocr_line' id='line_1_44' title="bbox 273 2733 1862 2807; baseline 0.003 -20"><span class='ocrx_word' id='word_1_307' title='bbox 273 2733 479 2802; x_wconf 85' lang='grc' dir='ltr'>ἀληθὲς</span> <span class='ocrx_word' id='word_1_308' title='bbox 533 2735 661 2806; x_wconf 85' lang='grc' dir='ltr'>παρ’</span> <span class='ocrx_word' id='word_1_309' title='bbox 715 2736 932 2800; x_wconf 82' lang='grc' dir='ltr'>αὐτοῖς,</span> <span class='ocrx_word' id='word_1_310' title='bbox 974 2736 1110 2791; x_wconf 83' lang='grc' dir='ltr'><strong>ἀλλά</strong></span> <span class='ocrx_word' id='word_1_311' title='bbox 1165 2739 1324 2807; x_wconf 79' lang='grc' dir='ltr'>φύσει</span> <span class='ocrx_word' id='word_1_312' title='bbox 1371 2744 1446 2807; x_wconf 79' lang='grc' dir='ltr'>τῷ</span> <span class='ocrx_word' id='word_1_313' title='bbox 1502 2738 1612 2790; x_wconf 80' lang='grc' dir='ltr'>δντι</span> <span class='ocrx_word' id='word_1_314' title='bbox 1672 2738 1862 2792; x_wconf 78' lang='grc' dir='ltr'>Ἑϐίων</span> 
     </span>
    </p>
   </div>
   <div class='ocr_carea' id='block_1_45' title="bbox 275 2824 1864 2900">
    <p class='ocr_par' dir='ltr' id='par_1_45' title="bbox 275 2824 1864 2900">
     <span class='ocr_line' id='line_1_45' title="bbox 275 2824 1864 2900; baseline 0.003 -23"><span class='ocrx_word' id='word_1_315' title='bbox 275 2824 556 2889; x_wconf 82' lang='grc' dir='ltr'>ἐκαλεῖτο,</span> <span class='ocrx_word' id='word_1_316' title='bbox 586 2827 724 2881; x_wconf 84' lang='grc' dir='ltr'>κατὰ</span> <span class='ocrx_word' id='word_1_317' title='bbox 750 2830 1103 2900; x_wconf 81' lang='grc' dir='ltr'>προφητείαν,</span> <span class='ocrx_word' id='word_1_318' title='bbox 1133 2826 1304 2900; x_wconf 73' lang='grc' dir='ltr'>οἶμαι,</span> <span class='ocrx_word' id='word_1_319' title='bbox 1340 2832 1368 2883; x_wconf 86' lang='grc' dir='ltr'>ὁ</span> <span class='ocrx_word' id='word_1_320' title='bbox 1407 2829 1618 2900; x_wconf 77' lang='grc' dir='ltr'>πτωχὸς</span> <span class='ocrx_word' id='word_1_321' title='bbox 1650 2830 1741 2882; x_wconf 74' lang='grc' dir='ltr'>καὶ</span> <span class='ocrx_word' id='word_1_322' title='bbox 1770 2830 1864 2883; x_wconf 85' lang='grc' dir='ltr'>τά·</span> 
     </span>
    </p>
   </div>
   <div class='ocr_carea' id='block_1_46' title="bbox 273 2915 1861 2993">
    <p class='ocr_par' dir='ltr' id='par_1_46' title="bbox 273 2915 1861 2993">
     <span class='ocr_line' id='line_1_46' title="bbox 273 2915 1861 2993; baseline 0.003 -26"><span class='ocrx_word' id='word_1_323' title='bbox 273 2916 377 2979; x_wconf 87' lang='grc' dir='ltr'><strong>λας</strong></span> <span class='ocrx_word' id='word_1_324' title='bbox 401 2955 415 2977; x_wconf 88' lang='grc'><strong>,</strong></span> <span class='ocrx_word' id='word_1_325' title='bbox 449 2915 510 2968; x_wconf 82' lang='grc' dir='ltr'>τὸ</span> <span class='ocrx_word' id='word_1_326' title='bbox 552 2915 723 2987; x_wconf 74' lang='grc' dir='ltr'>ὄνομα</span> <span class='ocrx_word' id='word_1_327' title='bbox 758 2919 822 2971; x_wconf 80' lang='grc' dir='ltr'><strong>ἑκ</strong></span> <span class='ocrx_word' id='word_1_328' title='bbox 860 2919 1068 2990; x_wconf 81' lang='grc' dir='ltr'>πατρὸς</span> <span class='ocrx_word' id='word_1_329' title='bbox 1091 2920 1257 2973; x_wconf 81' lang='grc' dir='ltr'>αὐτοῦ</span> <span class='ocrx_word' id='word_1_330' title='bbox 1308 2921 1400 2973; x_wconf 80' lang='grc' dir='ltr'>καὶ</span> <span class='ocrx_word' id='word_1_331' title='bbox 1448 2920 1651 2993; x_wconf 81' lang='grc' dir='ltr'>μητρὸς</span> <span class='ocrx_word' id='word_1_332' title='bbox 1698 2919 1861 2974; x_wconf 79' lang='grc' dir='ltr'>αὑτοῦ</span> 
     </span>
    </p>
   </div>
   <div class='ocr_carea' id='block_1_47' title="bbox 278 3008 1861 3083">
    <p class='ocr_par' dir='ltr' id='par_1_47' title="bbox 278 3008 1861 3083">
     <span class='ocr_line' id='line_1_47' title="bbox 278 3008 1861 3083; baseline 0.001 -21"><span class='ocrx_word' id='word_1_333' title='bbox 278 3008 719 3079; x_wconf 79' lang='grc' dir='ltr'>κεκληρωμένος.</span> <span class='ocrx_word' id='word_1_334' title='bbox 782 3011 931 3065; x_wconf 86' lang='grc' dir='ltr'>Πόσα</span> <span class='ocrx_word' id='word_1_335' title='bbox 977 3010 1034 3064; x_wconf 87' lang='grc' dir='ltr'>δὲ</span> <span class='ocrx_word' id='word_1_336' title='bbox 1090 3011 1225 3065; x_wconf 83' lang='grc' dir='ltr'>ἄλλα</span> <span class='ocrx_word' id='word_1_337' title='bbox 1279 3012 1426 3065; x_wconf 78' lang='grc' dir='ltr'>δεινὰ</span> <span class='ocrx_word' id='word_1_338' title='bbox 1468 3015 1561 3065; x_wconf 73' lang='grc' dir='ltr'>καὶ</span> <span class='ocrx_word' id='word_1_339' title='bbox 1611 3030 1861 3083; x_wconf 70' lang='grc' dir='ltr'>παραπε-</span> 
     </span>
    </p>
   </div>
   <div class='ocr_carea' id='block_1_48' title="bbox 280 3100 1861 3175">
    <p class='ocr_par' dir='ltr' id='par_1_48' title="bbox 280 3100 1861 3175">
     <span class='ocr_line' id='line_1_48' title="bbox 280 3100 1861 3175; baseline 0.002 -23"><span class='ocrx_word' id='word_1_340' title='bbox 280 3100 577 3171; x_wconf 86' lang='grc' dir='ltr'>ποιημένα,</span> <span class='ocrx_word' id='word_1_341' title='bbox 605 3101 698 3154; x_wconf 77' lang='grc' dir='ltr'>καὶ</span> <span class='ocrx_word' id='word_1_342' title='bbox 734 3100 1034 3173; x_wconf 77' lang='grc' dir='ltr'>μοχθηρῖας</span> <span class='ocrx_word' id='word_1_343' title='bbox 1061 3100 1299 3172; x_wconf 83' lang='grc' dir='ltr'>γέμοντα</span> <span class='ocrx_word' id='word_1_344' title='bbox 1350 3104 1476 3175; x_wconf 79' lang='grc' dir='ltr'>παρ’</span> <span class='ocrx_word' id='word_1_345' title='bbox 1516 3104 1701 3167; x_wconf 78' lang='grc' dir='ltr'>αὐτοῖς</span> <span class='ocrx_word' id='word_1_346' title='bbox 1742 3105 1861 3155; x_wconf 79' lang='grc' dir='ltr'>ἐπι-</span> 
     </span>
    </p>
   </div>
   <div class='ocr_carea' id='block_1_49' title="bbox 276 3189 1860 3264">
    <p class='ocr_par' dir='ltr' id='par_1_49' title="bbox 276 3189 1860 3264">
     <span class='ocr_line' id='line_1_49' title="bbox 276 3189 1860 3264; baseline 0.004 -23"><span class='ocrx_word' id='word_1_347' title='bbox 276 3189 561 3261; x_wconf 83' lang='grc' dir='ltr'>τηδεύεται</span> <span class='ocrx_word' id='word_1_348' title='bbox 587 3208 600 3255; x_wconf 90' lang='grc'><strong>;</strong></span> <span class='ocrx_word' id='word_1_349' title='bbox 630 3190 799 3245; x_wconf 85' lang='grc' dir='ltr'>Ὅταν</span> <span class='ocrx_word' id='word_1_350' title='bbox 841 3191 948 3263; x_wconf 85' lang='grc' dir='ltr'><strong>γάρ</strong></span> <span class='ocrx_word' id='word_1_351' title='bbox 976 3210 1059 3256; x_wconf 87' lang='grc' dir='ltr'><strong>τις</strong></span> <span class='ocrx_word' id='word_1_352' title='bbox 1083 3191 1144 3257; x_wconf 81' lang='grc' dir='ltr'>ἐξ</span> <span class='ocrx_word' id='word_1_353' title='bbox 1172 3193 1350 3247; x_wconf 82' lang='grc' dir='ltr'>αὐτῶν</span> <span class='ocrx_word' id='word_1_354' title='bbox 1392 3193 1424 3263; x_wconf 81' lang='grc' dir='ltr'>ἢ</span> <span class='ocrx_word' id='word_1_355' title='bbox 1466 3195 1604 3264; x_wconf 84' lang='grc' dir='ltr'>νόσῳ</span> <span class='ocrx_word' id='word_1_356' title='bbox 1632 3194 1860 3264; x_wconf 85' lang='grc' dir='ltr'>περιπέ-</span> 
     </span>
    </p>
   </div>
   <div class='ocr_carea' id='block_1_50' title="bbox 277 3280 1859 3353">
    <p class='ocr_par' dir='ltr' id='par_1_50' title="bbox 277 3280 1859 3353">
     <span class='ocr_line' id='line_1_50' title="bbox 277 3280 1859 3353; baseline 0.005 -21"><span class='ocrx_word' id='word_1_357' title='bbox 277 3297 362 3333; x_wconf 87' lang='grc' dir='ltr'><strong>σοι</strong></span> <span class='ocrx_word' id='word_1_358' title='bbox 384 3280 459 3351; x_wconf 79' lang='grc' dir='ltr'>,ἢ</span> <span class='ocrx_word' id='word_1_359' title='bbox 490 3281 593 3333; x_wconf 78' lang='grc' dir='ltr'><strong>ὑπὸ</strong></span> <span class='ocrx_word' id='word_1_360' title='bbox 619 3281 847 3351; x_wconf 85' lang='grc' dir='ltr'>ἑρπετοῦ</span> <span class='ocrx_word' id='word_1_361' title='bbox 881 3281 1103 3353; x_wconf 77' lang='grc' dir='ltr'>δηχθείη</span> <span class='ocrx_word' id='word_1_362' title='bbox 1126 3323 1139 3345; x_wconf 91' lang='grc'><strong>,</strong></span> <span class='ocrx_word' id='word_1_363' title='bbox 1173 3283 1416 3337; x_wconf 84' lang='grc' dir='ltr'>κάτεισιν</span> <span class='ocrx_word' id='word_1_364' title='bbox 1454 3288 1533 3347; x_wconf 83' lang='grc' dir='ltr'><strong>είς</strong></span> <span class='ocrx_word' id='word_1_365' title='bbox 1563 3285 1631 3337; x_wconf 86' lang='grc' dir='ltr'>τὰ</span> <span class='ocrx_word' id='word_1_366' title='bbox 1671 3284 1859 3349; x_wconf 74' lang='grc' dir='ltr'>ὕδατα,</span> 
     </span>
    </p>
   </div>
   <div class='ocr_carea' id='block_1_51' title="bbox 276 3372 1860 3445">
    <p class='ocr_par' dir='ltr' id='par_1_51' title="bbox 276 3372 1860 3445">
     <span class='ocr_line' id='line_1_51' title="bbox 276 3372 1860 3445; baseline 0.003 -19"><span class='ocrx_word' id='word_1_367' title='bbox 276 3374 375 3426; x_wconf 76' lang='grc' dir='ltr'>καὶ</span> <span class='ocrx_word' id='word_1_368' title='bbox 404 3372 740 3426; x_wconf 75' lang='grc' dir='ltr'>ἐπικαλεῖται</span> <span class='ocrx_word' id='word_1_369' title='bbox 768 3373 866 3437; x_wconf 73' lang='grc' dir='ltr'><strong>τὰς</strong></span> <span class='ocrx_word' id='word_1_370' title='bbox 893 3374 1207 3445; x_wconf 77' lang='grc' dir='ltr'>ἐπωνυμίας</span> <span class='ocrx_word' id='word_1_371' title='bbox 1237 3376 1334 3439; x_wconf 70' lang='grc' dir='ltr'>τὰς</span> <span class='ocrx_word' id='word_1_372' title='bbox 1364 3378 1419 3428; x_wconf 82' lang='grc' dir='ltr'>ἐν</span> <span class='ocrx_word' id='word_1_373' title='bbox 1445 3376 1521 3445; x_wconf 81' lang='grc' dir='ltr'>τῷ</span> <span class='ocrx_word' id='word_1_374' title='bbox 1558 3377 1742 3442; x_wconf 78' lang='grc' dir='ltr'>Ἦλξαῒ</span> <span class='ocrx_word' id='word_1_375' title='bbox 1768 3378 1860 3431; x_wconf 88' lang='grc' dir='ltr'><strong>τοῦ</strong></span> 
     </span>
    </p>
   </div>
   <div class='ocr_carea' id='block_1_52' title="bbox 271 3463 1860 3535">
    <p class='ocr_par' dir='ltr' id='par_1_52' title="bbox 271 3463 1860 3535">
     <span class='ocr_line' id='line_1_52' title="bbox 271 3463 1860 3535; baseline 0.002 -17"><span class='ocrx_word' id='word_1_376' title='bbox 271 3481 336 3518; x_wconf 86' lang='grc' dir='ltr'><strong>τε</strong></span> <span class='ocrx_word' id='word_1_377' title='bbox 366 3463 599 3534; x_wconf 74' lang='grc' dir='ltr'>οὐρανοῦ</span> <span class='ocrx_word' id='word_1_378' title='bbox 634 3466 726 3518; x_wconf 78' lang='grc' dir='ltr'>καὶ</span> <span class='ocrx_word' id='word_1_379' title='bbox 756 3464 855 3534; x_wconf 81' lang='grc' dir='ltr'>τῆς</span> <span class='ocrx_word' id='word_1_380' title='bbox 882 3466 1002 3535; x_wconf 80' lang='grc' dir='ltr'>γῆς,</span> <span class='ocrx_word' id='word_1_381' title='bbox 1034 3468 1131 3534; x_wconf 83' lang='grc' dir='ltr'><strong>τῆς</strong></span> <span class='ocrx_word' id='word_1_382' title='bbox 1161 3484 1218 3518; x_wconf 88' lang='grc' dir='ltr'><strong>τε</strong></span> <span class='ocrx_word' id='word_1_383' title='bbox 1252 3468 1373 3530; x_wconf 83' lang='grc' dir='ltr'>ἁλὸς</span> <span class='ocrx_word' id='word_1_384' title='bbox 1407 3469 1501 3521; x_wconf 76' lang='grc' dir='ltr'>καὶ</span> <span class='ocrx_word' id='word_1_385' title='bbox 1532 3469 1621 3521; x_wconf 85' lang='grc' dir='ltr'><strong>τοῦ</strong></span> <span class='ocrx_word' id='word_1_386' title='bbox 1650 3468 1860 3533; x_wconf 72' lang='grc' dir='ltr'>ὓδατος,</span> 
     </span>
    </p>
   </div>
   <div class='ocr_carea' id='block_1_53' title="bbox 274 3553 1860 3629">
    <p class='ocr_par' dir='ltr' id='par_1_53' title="bbox 274 3553 1860 3629">
     <span class='ocr_line' id='line_1_53' title="bbox 274 3553 1860 3629; baseline 0.002 -23"><span class='ocrx_word' id='word_1_387' title='bbox 274 3553 389 3606; x_wconf 85' lang='grc' dir='ltr'>τῶν</span> <span class='ocrx_word' id='word_1_388' title='bbox 425 3569 486 3605; x_wconf 90' lang='grc' dir='ltr'><strong>τε</strong></span> <span class='ocrx_word' id='word_1_389' title='bbox 514 3554 729 3624; x_wconf 84' lang='grc' dir='ltr'>ἀνέμων</span> <span class='ocrx_word' id='word_1_390' title='bbox 758 3556 851 3608; x_wconf 84' lang='grc' dir='ltr'>καί</span> <span class='ocrx_word' id='word_1_391' title='bbox 888 3555 1135 3623; x_wconf 80' lang='grc' dir='ltr'>ἀγγέλων</span> <span class='ocrx_word' id='word_1_392' title='bbox 1165 3556 1262 3624; x_wconf 75' lang='grc' dir='ltr'>τῆς</span> <span class='ocrx_word' id='word_1_393' title='bbox 1302 3557 1675 3629; x_wconf 81' lang='grc' dir='ltr'>δικαιοσύνης,</span> <span class='ocrx_word' id='word_1_394' title='bbox 1711 3558 1860 3627; x_wconf 70' lang='grc' dir='ltr'>φασὶ,</span> 
     </span>
    </p>
   </div>
   <div class='ocr_carea' id='block_1_54' title="bbox 276 3644 1863 3721">
    <p class='ocr_par' dir='ltr' id='par_1_54' title="bbox 276 3644 1863 3721">
     <span class='ocr_line' id='line_1_54' title="bbox 276 3644 1863 3721; baseline 0.005 -25"><span class='ocrx_word' id='word_1_395' title='bbox 276 3646 378 3697; x_wconf 77' lang='grc' dir='ltr'>καὶ</span> <span class='ocrx_word' id='word_1_396' title='bbox 411 3644 505 3698; x_wconf 85' lang='grc' dir='ltr'><strong>τοῦ</strong></span> <span class='ocrx_word' id='word_1_397' title='bbox 533 3646 695 3716; x_wconf 81' lang='grc' dir='ltr'>ἄρτου</span> <span class='ocrx_word' id='word_1_398' title='bbox 737 3646 831 3698; x_wconf 75' lang='grc' dir='ltr'>καὶ</span> <span class='ocrx_word' id='word_1_399' title='bbox 856 3646 1059 3700; x_wconf 75' lang='grc' dir='ltr'>ελαίου.</span> <span class='ocrx_word' id='word_1_400' title='bbox 1097 3647 1206 3701; x_wconf 75' lang='lat' dir='ltr'><strong>Kal.</strong></span> <span class='ocrx_word' id='word_1_401' title='bbox 1238 3648 1463 3718; x_wconf 82' lang='grc' dir='ltr'>ἄρχεται</span> <span class='ocrx_word' id='word_1_402' title='bbox 1492 3650 1691 3717; x_wconf 73' lang='grc' dir='ltr'>λέγειν,</span> <span class='ocrx_word' id='word_1_403' title='bbox 1728 3651 1863 3721; x_wconf 67' lang='lat' dir='ltr'><strong>Bon--</strong></span> 
     </span>
    </p>
   </div>
   <div class='ocr_carea' id='block_1_55' title="bbox 277 3733 1718 3809">
    <p class='ocr_par' dir='ltr' id='par_1_55' title="bbox 277 3733 1718 3809">
     <span class='ocr_line' id='line_1_55' title="bbox 277 3733 1718 3809; baseline 0.006 -24"><span class='ocrx_word' id='word_1_404' title='bbox 277 3733 411 3804; x_wconf 80' lang='grc' dir='ltr'><strong>θῆτέ</strong></span> <span class='ocrx_word' id='word_1_405' title='bbox 441 3751 551 3804; x_wconf 90' lang='grc' dir='ltr'>μοι,</span> <span class='ocrx_word' id='word_1_406' title='bbox 582 3735 676 3787; x_wconf 71' lang='grc' dir='ltr'>καὶ</span> <span class='ocrx_word' id='word_1_407' title='bbox 715 3734 1060 3801; x_wconf 76' lang='grc' dir='ltr'>ἀπαλλάξατε</span> <span class='ocrx_word' id='word_1_408' title='bbox 1091 3736 1185 3789; x_wconf 81' lang='grc' dir='ltr'><strong>ἀπ’</strong></span> <span class='ocrx_word' id='word_1_409' title='bbox 1217 3737 1352 3805; x_wconf 82' lang='grc' dir='ltr'>ἐμοῦ</span> <span class='ocrx_word' id='word_1_410' title='bbox 1380 3737 1441 3790; x_wconf 80' lang='grc' dir='ltr'>τὸ</span> <span class='ocrx_word' id='word_1_411' title='bbox 1478 3738 1718 3809; x_wconf 73' lang='grc' dir='ltr'>ἄλγημα.</span> 
     </span>
    </p>
   </div>
   <div class='ocr_carea' id='block_1_56' title="bbox 352 3914 1865 3988">
    <p class='ocr_par' dir='ltr' id='par_1_56' title="bbox 352 3914 1865 3988">
     <span class='ocr_line' id='line_1_56' title="bbox 352 3914 1865 3988; baseline 0.001 -20"><span class='ocrx_word' id='word_1_412' title='bbox 352 3914 496 3985; x_wconf 82' lang='grc' dir='ltr'>Ἤδη</span> <span class='ocrx_word' id='word_1_413' title='bbox 518 3915 574 3969; x_wconf 88' lang='grc' dir='ltr'><strong>δέ</strong></span> <span class='ocrx_word' id='word_1_414' title='bbox 608 3932 695 3986; x_wconf 88' lang='grc' dir='ltr'><strong>μοι</strong></span> <span class='ocrx_word' id='word_1_415' title='bbox 725 3916 817 3969; x_wconf 73' lang='grc' dir='ltr'>καὶ</span> <span class='ocrx_word' id='word_1_416' title='bbox 843 3916 1100 3986; x_wconf 81' lang='grc' dir='ltr'>ἀνωτέρω</span> <span class='ocrx_word' id='word_1_417' title='bbox 1129 3916 1522 3988; x_wconf 73' lang='grc' dir='ltr'>προδεδήλωται</span> <span class='ocrx_word' id='word_1_418' title='bbox 1550 3957 1563 3981; x_wconf 92' lang='grc'><strong>,</strong></span> <span class='ocrx_word' id='word_1_419' title='bbox 1597 3916 1671 3981; x_wconf 76' lang='grc' dir='ltr'>ὡς</span> <span class='ocrx_word' id='word_1_420' title='bbox 1696 3917 1865 3971; x_wconf 84' lang='grc' dir='ltr'>ταῦτα</span> 
     </span>
    </p>
   </div>
   <div class='ocr_carea' id='block_1_57' title="bbox 280 4007 1865 4080">
    <p class='ocr_par' dir='ltr' id='par_1_57' title="bbox 280 4007 1865 4080">
     <span class='ocr_line' id='line_1_57' title="bbox 280 4007 1865 4080; baseline 0.001 -19"><span class='ocrx_word' id='word_1_421' title='bbox 280 4008 383 4079; x_wconf 83' lang='grc' dir='ltr'>μὲν</span> <span class='ocrx_word' id='word_1_422' title='bbox 418 4007 610 4061; x_wconf 81' lang='grc' dir='ltr'>Ἐϐίων</span> <span class='ocrx_word' id='word_1_423' title='bbox 640 4010 741 4063; x_wconf 79' lang='grc' dir='ltr'>οὐκ</span> <span class='ocrx_word' id='word_1_424' title='bbox 785 4008 899 4080; x_wconf 64' lang='grc' dir='ltr'><strong>⁴ᾔδει</strong></span> <span class='ocrx_word' id='word_1_425' title='bbox 924 4049 939 4072; x_wconf 95' lang='grc'><strong>,</strong></span> <span class='ocrx_word' id='word_1_426' title='bbox 979 4010 1116 4078; x_wconf 81' lang='grc' dir='ltr'>μετὰ</span> <span class='ocrx_word' id='word_1_427' title='bbox 1149 4010 1339 4079; x_wconf 80' lang='grc' dir='ltr'>καιρὸν</span> <span class='ocrx_word' id='word_1_428' title='bbox 1378 4008 1432 4061; x_wconf 78' lang='grc' dir='ltr'>δὲ</span> <span class='ocrx_word' id='word_1_429' title='bbox 1486 4011 1531 4061; x_wconf 80' lang='grc' dir='ltr'>οἱ</span> <span class='ocrx_word' id='word_1_430' title='bbox 1589 4010 1684 4061; x_wconf 75' lang='grc' dir='ltr'>σὺν</span> <span class='ocrx_word' id='word_1_431' title='bbox 1718 4009 1865 4079; x_wconf 75' lang='grc' dir='ltr'><strong>αὑτῷ</strong></span> 
     </span>
    </p>
   </div>
   <div class='ocr_carea' id='block_1_58' title="bbox 278 4098 1865 4172">
    <p class='ocr_par' dir='ltr' id='par_1_58' title="bbox 278 4098 1865 4172">
     <span class='ocr_line' id='line_1_58' title="bbox 278 4098 1865 4172; baseline 0.001 -21"><span class='ocrx_word' id='word_1_432' title='bbox 278 4098 644 4167; x_wconf 81' lang='grc' dir='ltr'>συναφθέντες</span> <span class='ocrx_word' id='word_1_433' title='bbox 680 4098 760 4170; x_wconf 83' lang='grc' dir='ltr'>τῷ</span> <span class='ocrx_word' id='word_1_434' title='bbox 817 4100 1001 4166; x_wconf 82' lang='grc' dir='ltr'><strong>Ἦλξαῖ</strong></span> <span class='ocrx_word' id='word_1_435' title='bbox 1038 4101 1302 4172; x_wconf 76' lang='grc' dir='ltr'>ἐσχήκασι</span> <span class='ocrx_word' id='word_1_436' title='bbox 1347 4101 1442 4171; x_wconf 86' lang='grc' dir='ltr'>μὲν</span> <span class='ocrx_word' id='word_1_437' title='bbox 1472 4099 1567 4151; x_wconf 89' lang='grc' dir='ltr'><strong>τοῦ</strong></span> <span class='ocrx_word' id='word_1_438' title='bbox 1614 4099 1865 4164; x_wconf 79' lang='grc' dir='ltr'>Ἐϐίωνος</span> 
     </span>
    </p>
   </div>
   <div class='ocr_carea' id='block_1_59' title="bbox 276 4191 1865 4262">
    <p class='ocr_par' dir='ltr' id='par_1_59' title="bbox 276 4191 1865 4262">
     <span class='ocr_line' id='line_1_59' title="bbox 276 4191 1865 4262; baseline 0.002 -20"><span class='ocrx_word' id='word_1_439' title='bbox 276 4192 382 4261; x_wconf 83' lang='grc' dir='ltr'>τὴν</span> <span class='ocrx_word' id='word_1_440' title='bbox 411 4191 711 4262; x_wconf 85' lang='grc' dir='ltr'>περιτομὴν</span> <span class='ocrx_word' id='word_1_441' title='bbox 745 4192 839 4245; x_wconf 72' lang='grc' dir='ltr'><strong>καὶ</strong></span> <span class='ocrx_word' id='word_1_442' title='bbox 883 4191 945 4245; x_wconf 82' lang='grc' dir='ltr'>τὸ</span> <span class='ocrx_word' id='word_1_443' title='bbox 978 4192 1254 4245; x_wconf 77' lang='grc' dir='ltr'>Σάϐϐατον</span> <span class='ocrx_word' id='word_1_444' title='bbox 1301 4192 1395 4244; x_wconf 72' lang='grc' dir='ltr'><strong>καὶ</strong></span> <span class='ocrx_word' id='word_1_445' title='bbox 1427 4191 1496 4245; x_wconf 72' lang='grc' dir='ltr'><strong>τὰ</strong></span> <span class='ocrx_word' id='word_1_446' title='bbox 1525 4191 1649 4262; x_wconf 80' lang='grc' dir='ltr'>έθη-</span> <span class='ocrx_word' id='word_1_447' title='bbox 1691 4192 1784 4245; x_wconf 89' lang='grc' dir='ltr'><strong>τοῦ</strong></span> <span class='ocrx_word' id='word_1_448' title='bbox 1809 4193 1865 4245; x_wconf 88' lang='grc' dir='ltr'>δὲ</span> 
     </span>
    </p>
   </div>
   <div class='ocr_carea' id='block_1_60' title="bbox 291 4281 1866 4354">
    <p class='ocr_par' dir='ltr' id='par_1_60' title="bbox 291 4281 1866 4354">
     <span class='ocr_line' id='line_1_60' title="bbox 291 4281 1866 4354; baseline -0.001 -19"><span class='ocrx_word' id='word_1_449' title='bbox 291 4281 485 4347; x_wconf 81' lang='grc' dir='ltr'><strong>Ἦλξαῒ</strong></span> <span class='ocrx_word' id='word_1_450' title='bbox 509 4282 606 4354; x_wconf 82' lang='grc' dir='ltr'>τὴν</span> <span class='ocrx_word' id='word_1_451' title='bbox 635 4284 932 4352; x_wconf 76' lang='grc' dir='ltr'>φαντασίαν</span> <span class='ocrx_word' id='word_1_452' title='bbox 958 4283 1098 4337; x_wconf 83' lang='grc' dir='ltr'>ὥστε</span> <span class='ocrx_word' id='word_1_453' title='bbox 1125 4284 1367 4354; x_wconf 74' lang='grc' dir='ltr'>νομίζειν</span> <span class='ocrx_word' id='word_1_454' title='bbox 1393 4282 1493 4353; x_wconf 83' lang='grc' dir='ltr'>μὲν</span> <span class='ocrx_word' id='word_1_455' title='bbox 1514 4283 1604 4336; x_wconf 74' lang='grc' dir='ltr'><strong>τὸν</strong></span> <span class='ocrx_word' id='word_1_456' title='bbox 1634 4283 1866 4353; x_wconf 75' lang='grc' dir='ltr'>Χριστὸν</span> 
     </span>
    </p>
   </div>
   <div class='ocr_carea' id='block_1_61' title="bbox 277 4369 1863 4447">
    <p class='ocr_par' dir='ltr' id='par_1_61' title="bbox 277 4369 1863 4447">
     <span class='ocr_line' id='line_1_61' title="bbox 277 4369 1863 4447; baseline 0.002 -22"><span class='ocrx_word' id='word_1_457' title='bbox 277 4369 423 4426; x_wconf 74' lang='grc' dir='ltr'>εἷναί</span> <span class='ocrx_word' id='word_1_458' title='bbox 447 4391 500 4426; x_wconf 91' lang='grc' dir='ltr'><strong>τι</strong></span> <span class='ocrx_word' id='word_1_459' title='bbox 525 4373 895 4445; x_wconf 85' lang='grc' dir='ltr'>ἀνδροείκελον</span> <span class='ocrx_word' id='word_1_460' title='bbox 927 4374 1228 4446; x_wconf 82' lang='grc' dir='ltr'>ἑκτύπωμα</span> <span class='ocrx_word' id='word_1_461' title='bbox 1269 4374 1499 4445; x_wconf 88' lang='grc' dir='ltr'>ἀόρατον</span> <span class='ocrx_word' id='word_1_462' title='bbox 1534 4374 1863 4447; x_wconf 85' lang='grc' dir='ltr'>ἀνθρώποις,</span> 
     </span>
    </p>
   </div>
   <div class='ocr_carea' id='block_1_62' title="bbox 282 4464 1868 4537">
    <p class='ocr_par' dir='ltr' id='par_1_62' title="bbox 282 4464 1868 4537">
     <span class='ocr_line' id='line_1_62' title="bbox 282 4464 1868 4537; baseline 0.001 -20"><span class='ocrx_word' id='word_1_463' title='bbox 282 4464 483 4536; x_wconf 83' lang='grc' dir='ltr'>μιλίων</span> <span class='ocrx_word' id='word_1_464' title='bbox 514 4466 895 4536; x_wconf 81' lang='grc' dir='ltr'>ἑνενηκονταὲξ</span> <span class='ocrx_word' id='word_1_465' title='bbox 930 4466 990 4519; x_wconf 82' lang='grc' dir='ltr'>τὸ</span> <span class='ocrx_word' id='word_1_466' title='bbox 1025 4466 1199 4537; x_wconf 82' lang='grc' dir='ltr'>μῆκος</span> <span class='ocrx_word' id='word_1_467' title='bbox 1220 4506 1234 4530; x_wconf 93' lang='grc'><strong>,</strong></span> <span class='ocrx_word' id='word_1_468' title='bbox 1264 4465 1425 4537; x_wconf 84' lang='grc' dir='ltr'>δῆθεν</span> <span class='ocrx_word' id='word_1_469' title='bbox 1472 4465 1696 4536; x_wconf 84' lang='grc' dir='ltr'>σχοίνων</span> <span class='ocrx_word' id='word_1_470' title='bbox 1726 4468 1868 4519; x_wconf 80' lang='grc' dir='ltr'>εἰκο-</span> 
     </span>
    </p>
   </div>
   <div class='ocr_carea' id='block_1_63' title="bbox 281 4555 1941 4647">
    <p class='ocr_par' dir='ltr' id='par_1_63' title="bbox 281 4555 1941 4647">
     <span class='ocr_line' id='line_1_63' title="bbox 281 4555 1941 4647; baseline 0.002 -39"><span class='ocrx_word' id='word_1_471' title='bbox 281 4555 644 4625; x_wconf 87' lang='grc' dir='ltr'>σιτεσσάρων,</span> <span class='ocrx_word' id='word_1_472' title='bbox 672 4555 732 4608; x_wconf 77' lang='grc' dir='ltr'>τὸ</span> <span class='ocrx_word' id='word_1_473' title='bbox 760 4556 815 4609; x_wconf 80' lang='grc' dir='ltr'>δὲ</span> <span class='ocrx_word' id='word_1_474' title='bbox 846 4556 1047 4619; x_wconf 80' lang='grc' dir='ltr'>πλάτος</span> <span class='ocrx_word' id='word_1_475' title='bbox 1079 4556 1303 4626; x_wconf 89' lang='grc' dir='ltr'>σχοίνων</span> <span class='ocrx_word' id='word_1_476' title='bbox 1330 4556 1408 4621; x_wconf 80' lang='grc' dir='ltr'><strong>ἒξ,</strong></span> <span class='ocrx_word' id='word_1_477' title='bbox 1444 4556 1635 4627; x_wconf 86' lang='grc' dir='ltr'>μιλίων</span> <span class='ocrx_word' id='word_1_478' title='bbox 1666 4558 1867 4619; x_wconf 61' lang='grc' dir='ltr'>είκοσιτ</span> 
     </span>
    </p>
   </div>
   <div class='ocr_carea' id='block_1_64' title="bbox 277 4646 1861 4720">
    <p class='ocr_par' dir='ltr' id='par_1_64' title="bbox 277 4646 1861 4720">
     <span class='ocr_line' id='line_1_64' title="bbox 277 4646 1861 4720; baseline 0.003 -21"><span class='ocrx_word' id='word_1_479' title='bbox 277 4647 597 4716; x_wconf 82' lang='grc' dir='ltr'>τεσσάρων·</span> <span class='ocrx_word' id='word_1_480' title='bbox 628 4646 688 4701; x_wconf 80' lang='grc' dir='ltr'>τὸ</span> <span class='ocrx_word' id='word_1_481' title='bbox 729 4647 900 4716; x_wconf 86' lang='grc' dir='ltr'>πάχος</span> <span class='ocrx_word' id='word_1_482' title='bbox 942 4647 999 4699; x_wconf 82' lang='grc' dir='ltr'>δὲ</span> <span class='ocrx_word' id='word_1_483' title='bbox 1032 4647 1172 4701; x_wconf 81' lang='grc' dir='ltr'>κατὰ</span> <span class='ocrx_word' id='word_1_484' title='bbox 1205 4650 1468 4719; x_wconf 81' lang='grc' dir='ltr'>μέτρησιν</span> <span class='ocrx_word' id='word_1_485' title='bbox 1502 4648 1668 4720; x_wconf 84' lang='grc' dir='ltr'>ἄλλην</span> <span class='ocrx_word' id='word_1_486' title='bbox 1718 4650 1861 4704; x_wconf 86' lang='grc' dir='ltr'>τινά.</span> 
     </span>
    </p>
   </div>
   <div class='ocr_carea' id='block_1_65' title="bbox 291 4738 1866 4813">
    <p class='ocr_par' dir='ltr' id='par_1_65' title="bbox 291 4738 1866 4813">
     <span class='ocr_line' id='line_1_65' title="bbox 291 4738 1866 4813; baseline 0.004 -23"><span class='ocrx_word' id='word_1_487' title='bbox 291 4740 547 4810; x_wconf 82' lang='grc' dir='ltr'>’Λντικρὺ</span> <span class='ocrx_word' id='word_1_488' title='bbox 589 4738 647 4792; x_wconf 85' lang='grc' dir='ltr'>δὲ</span> <span class='ocrx_word' id='word_1_489' title='bbox 681 4739 845 4793; x_wconf 76' lang='grc' dir='ltr'>αὑτοῦ</span> <span class='ocrx_word' id='word_1_490' title='bbox 876 4740 1097 4793; x_wconf 75' lang='grc' dir='ltr'>ἑστάναι</span> <span class='ocrx_word' id='word_1_491' title='bbox 1147 4740 1240 4793; x_wconf 77' lang='grc' dir='ltr'><strong>καὶ</strong></span> <span class='ocrx_word' id='word_1_492' title='bbox 1274 4741 1333 4793; x_wconf 80' lang='grc' dir='ltr'>τὸ</span> <span class='ocrx_word' id='word_1_493' title='bbox 1366 4740 1520 4809; x_wconf 78' lang='grc' dir='ltr'>ἅγιον</span> <span class='ocrx_word' id='word_1_494' title='bbox 1550 4741 1777 4813; x_wconf 80' lang='grc' dir='ltr'>Πνεῦμα</span> <span class='ocrx_word' id='word_1_495' title='bbox 1810 4746 1866 4796; x_wconf 86' lang='grc' dir='ltr'><strong>ἑν</strong></span> 
     </span>
    </p>
   </div>
   <div class='ocr_carea' id='block_1_66' title="bbox 281 4828 1867 4904">
    <p class='ocr_par' dir='ltr' id='par_1_66' title="bbox 281 4828 1867 4904">
     <span class='ocr_line' id='line_1_66' title="bbox 281 4828 1867 4904; baseline 0 -20"><span class='ocrx_word' id='word_1_496' title='bbox 281 4831 419 4884; x_wconf 72' lang='grc' dir='ltr'>εἴδει</span> <span class='ocrx_word' id='word_1_497' title='bbox 471 4828 691 4895; x_wconf 83' lang='grc' dir='ltr'>θηλείας</span> <span class='ocrx_word' id='word_1_498' title='bbox 733 4830 976 4902; x_wconf 80' lang='grc' dir='ltr'>ἀοράτως</span> <span class='ocrx_word' id='word_1_499' title='bbox 1000 4848 1012 4861; x_wconf 69' lang='grc' dir='ltr'><strong>ο</strong></span> <span class='ocrx_word' id='word_1_500' title='bbox 1047 4832 1142 4884; x_wconf 75' lang='grc' dir='ltr'><strong>καὶ</strong></span> <span class='ocrx_word' id='word_1_501' title='bbox 1189 4831 1248 4884; x_wconf 73' lang='grc' dir='ltr'>τὸ</span> <span class='ocrx_word' id='word_1_502' title='bbox 1278 4831 1408 4884; x_wconf 74' lang='grc' dir='ltr'>αὐτὸ</span> <span class='ocrx_word' id='word_1_503' title='bbox 1439 4832 1531 4885; x_wconf 85' lang='grc' dir='ltr'><strong>τοῦ</strong></span> <span class='ocrx_word' id='word_1_504' title='bbox 1572 4832 1735 4887; x_wconf 80' lang='grc' dir='ltr'>αὑτοῦ</span> <span class='ocrx_word' id='word_1_505' title='bbox 1774 4833 1867 4904; x_wconf 86' lang='grc' dir='ltr'>μέ-</span> 
     </span>
    </p>
   </div>
   <div class='ocr_carea' id='block_1_67' title="bbox 286 4922 1869 4997">
    <p class='ocr_par' dir='ltr' id='par_1_67' title="bbox 286 4922 1869 4997">
     <span class='ocr_line' id='line_1_67' title="bbox 286 4922 1869 4997; baseline 0.003 -23"><span class='ocrx_word' id='word_1_506' title='bbox 286 4939 444 4991; x_wconf 85' lang='grc' dir='ltr'>τρου.</span> <span class='ocrx_word' id='word_1_507' title='bbox 487 4924 594 4997; x_wconf 62' lang='grc' dir='ltr'><strong>Καὶ</strong></span> <span class='ocrx_word' id='word_1_508' title='bbox 622 4922 785 4976; x_wconf 87' lang='grc' dir='ltr'>πόθεν</span> <span class='ocrx_word' id='word_1_509' title='bbox 806 4963 820 4986; x_wconf 98' lang='grc'><strong>,</strong></span> <span class='ocrx_word' id='word_1_510' title='bbox 856 4924 1039 4994; x_wconf 76' lang='grc' dir='ltr'>φησὶν,</span> <span class='ocrx_word' id='word_1_511' title='bbox 1075 4923 1246 4991; x_wconf 76' lang='grc' dir='ltr'>ἔγνων</span> <span class='ocrx_word' id='word_1_512' title='bbox 1275 4923 1342 4977; x_wconf 86' lang='grc' dir='ltr'>τὰ</span> <span class='ocrx_word' id='word_1_513' title='bbox 1375 4925 1586 4995; x_wconf 87' lang='grc' dir='ltr'>μέτρα;</span> <span class='ocrx_word' id='word_1_514' title='bbox 1630 4925 1869 4996; x_wconf 73' lang='grc' dir='ltr'>Ἐπειδὴ,</span> 
     </span>
    </p>
   </div>
   <div class='ocr_carea' id='block_1_68' title="bbox 290 5009 1867 5087">
    <p class='ocr_par' dir='ltr' id='par_1_68' title="bbox 290 5009 1867 5087">
     <span class='ocr_line' id='line_1_68' title="bbox 290 5009 1867 5087; baseline 0.004 -23"><span class='ocrx_word' id='word_1_515' title='bbox 290 5012 483 5084; x_wconf 74' lang='grc' dir='ltr'>φησὶν,</span> <span class='ocrx_word' id='word_1_516' title='bbox 510 5009 650 5067; x_wconf 83' lang='grc' dir='ltr'>εῐδον</span> <span class='ocrx_word' id='word_1_517' title='bbox 676 5013 786 5068; x_wconf 77' lang='grc' dir='ltr'>ἀπὸ</span> <span class='ocrx_word' id='word_1_518' title='bbox 809 5015 915 5067; x_wconf 84' lang='grc' dir='ltr'><strong>τῶν</strong></span> <span class='ocrx_word' id='word_1_519' title='bbox 945 5015 1134 5086; x_wconf 84' lang='grc' dir='ltr'>ὀρέων,</span> <span class='ocrx_word' id='word_1_520' title='bbox 1166 5017 1248 5070; x_wconf 82' lang='grc' dir='ltr'>ὅτι</span> <span class='ocrx_word' id='word_1_521' title='bbox 1281 5018 1336 5070; x_wconf 76' lang='grc' dir='ltr'>αἱ</span> <span class='ocrx_word' id='word_1_522' title='bbox 1376 5018 1608 5086; x_wconf 69' lang='grc' dir='ltr'>κεφαλαὶ</span> <span class='ocrx_word' id='word_1_523' title='bbox 1639 5019 1867 5087; x_wconf 79' lang='grc' dir='ltr'>ἔφθανον</span> 
     </span>
    </p>
   </div>
   <div class='ocr_carea' id='block_1_69' title="bbox 286 5105 1871 5178">
    <p class='ocr_par' dir='ltr' id='par_1_69' title="bbox 286 5105 1871 5178">
     <span class='ocr_line' id='line_1_69' title="bbox 286 5105 1871 5178; baseline 0.003 -18"><span class='ocrx_word' id='word_1_524' title='bbox 286 5105 476 5160; x_wconf 76' lang='grc' dir='ltr'>αὐτῶν</span> <span class='ocrx_word' id='word_1_525' title='bbox 499 5123 513 5137; x_wconf 90' lang='grc'><strong>·</strong></span> <span class='ocrx_word' id='word_1_526' title='bbox 547 5107 643 5159; x_wconf 78' lang='grc' dir='ltr'>καὶ</span> <span class='ocrx_word' id='word_1_527' title='bbox 671 5105 733 5157; x_wconf 79' lang='grc' dir='ltr'>τὸ</span> <span class='ocrx_word' id='word_1_528' title='bbox 765 5105 961 5176; x_wconf 81' lang='grc' dir='ltr'>μέτρον</span> <span class='ocrx_word' id='word_1_529' title='bbox 987 5106 1080 5159; x_wconf 85' lang='grc' dir='ltr'><strong>τοῦ</strong></span> <span class='ocrx_word' id='word_1_530' title='bbox 1107 5106 1265 5178; x_wconf 82' lang='grc' dir='ltr'>ὄρους</span> <span class='ocrx_word' id='word_1_531' title='bbox 1296 5108 1627 5178; x_wconf 84' lang='grc' dir='ltr'>καταμαθὼν</span> <span class='ocrx_word' id='word_1_532' title='bbox 1651 5152 1664 5175; x_wconf 97' lang='grc'><strong>,</strong></span> <span class='ocrx_word' id='word_1_533' title='bbox 1700 5109 1871 5177; x_wconf 81' lang='grc' dir='ltr'>ἔγνων</span> 
     </span>
    </p>
   </div>
   <div class='ocr_carea' id='block_1_70' title="bbox 278 5195 1869 5271">
    <p class='ocr_par' dir='ltr' id='par_1_70' title="bbox 278 5195 1869 5271">
     <span class='ocr_line' id='line_1_70' title="bbox 278 5195 1869 5271; baseline 0.003 -22"><span class='ocrx_word' id='word_1_534' title='bbox 278 5195 526 5267; x_wconf 82' lang='grc' dir='ltr'>Χριστοῦ</span> <span class='ocrx_word' id='word_1_535' title='bbox 553 5213 614 5250; x_wconf 90' lang='grc' dir='ltr'><strong>τε</strong></span> <span class='ocrx_word' id='word_1_536' title='bbox 639 5196 730 5250; x_wconf 76' lang='grc' dir='ltr'>καὶ</span> <span class='ocrx_word' id='word_1_537' title='bbox 749 5195 844 5249; x_wconf 86' lang='grc' dir='ltr'><strong>τοῦ</strong></span> <span class='ocrx_word' id='word_1_538' title='bbox 870 5197 1026 5263; x_wconf 83' lang='grc' dir='ltr'>ἁγίου</span> <span class='ocrx_word' id='word_1_539' title='bbox 1055 5197 1371 5268; x_wconf 79' lang='grc' dir='ltr'>Πνεύματος</span> <span class='ocrx_word' id='word_1_540' title='bbox 1400 5199 1467 5252; x_wconf 77' lang='grc' dir='ltr'><strong>τὰ</strong></span> <span class='ocrx_word' id='word_1_541' title='bbox 1498 5200 1693 5270; x_wconf 84' lang='grc' dir='ltr'>μέτρα.</span> <span class='ocrx_word' id='word_1_542' title='bbox 1729 5201 1869 5271; x_wconf 84' lang='grc' dir='ltr'>Ἤδη</span> 
     </span>
    </p>
   </div>
   <div class='ocr_carea' id='block_1_71' title="bbox 238 5287 1869 5361">
    <p class='ocr_par' dir='ltr' id='par_1_71' title="bbox 238 5287 1869 5361">
     <span class='ocr_line' id='line_1_71' title="bbox 238 5287 1869 5361; baseline 0.004 -22"><span class='ocrx_word' id='word_1_543' title='bbox 238 5331 245 5339; x_wconf 94' lang='grc'><strong>.</strong></span> <span class='ocrx_word' id='word_1_544' title='bbox 277 5290 339 5342; x_wconf 82' lang='grc' dir='ltr'><strong>δέ</strong></span> <span class='ocrx_word' id='word_1_545' title='bbox 373 5305 464 5358; x_wconf 85' lang='grc' dir='ltr'><strong>μοι</strong></span> <span class='ocrx_word' id='word_1_546' title='bbox 486 5288 614 5359; x_wconf 74' lang='grc' dir='ltr'>περὶ</span> <span class='ocrx_word' id='word_1_547' title='bbox 646 5287 851 5342; x_wconf 86' lang='grc' dir='ltr'>τούτων</span> <span class='ocrx_word' id='word_1_548' title='bbox 888 5289 1102 5360; x_wconf 85' lang='grc' dir='ltr'>είρηται</span> <span class='ocrx_word' id='word_1_549' title='bbox 1127 5291 1183 5341; x_wconf 84' lang='grc' dir='ltr'><strong>ἑν</strong></span> <span class='ocrx_word' id='word_1_550' title='bbox 1219 5294 1286 5361; x_wconf 82' lang='grc' dir='ltr'><strong>τῇ</strong></span> <span class='ocrx_word' id='word_1_551' title='bbox 1314 5290 1455 5344; x_wconf 86' lang='grc' dir='ltr'><strong>κατά</strong></span> <span class='ocrx_word' id='word_1_552' title='bbox 1493 5291 1756 5345; x_wconf 90' lang='grc' dir='ltr'>Ὀσσαίων</span> <span class='ocrx_word' id='word_1_553' title='bbox 1785 5294 1869 5346; x_wconf 81' lang='grc' dir='ltr'><strong>αἱ·</strong></span> 
     </span>
    </p>
   </div>
   <div class='ocr_carea' id='block_1_72' title="bbox 283 5379 1869 5453">
    <p class='ocr_par' dir='ltr' id='par_1_72' title="bbox 283 5379 1869 5453">
     <span class='ocr_line' id='line_1_72' title="bbox 283 5379 1869 5453; baseline 0.004 -22"><span class='ocrx_word' id='word_1_554' title='bbox 283 5380 459 5452; x_wconf 82' lang='grc' dir='ltr'>ρέσει.</span> <span class='ocrx_word' id='word_1_555' title='bbox 510 5379 599 5432; x_wconf 82' lang='grc' dir='ltr'>Ἑν</span> <span class='ocrx_word' id='word_1_556' title='bbox 630 5379 909 5450; x_wconf 78' lang='grc' dir='ltr'>παρεξόδῳ</span> <span class='ocrx_word' id='word_1_557' title='bbox 940 5380 996 5432; x_wconf 87' lang='grc' dir='ltr'>δὲ</span> <span class='ocrx_word' id='word_1_558' title='bbox 1030 5380 1202 5434; x_wconf 85' lang='grc' dir='ltr'>ταῦτα</span> <span class='ocrx_word' id='word_1_559' title='bbox 1248 5384 1556 5453; x_wconf 86' lang='grc' dir='ltr'>πεποίημαι</span> <span class='ocrx_word' id='word_1_560' title='bbox 1602 5382 1730 5444; x_wconf 84' lang='grc' dir='ltr'>νῦν,</span> <span class='ocrx_word' id='word_1_561' title='bbox 1783 5384 1869 5437; x_wconf 79' lang='grc' dir='ltr'>ἵνα</span> 
     </span>
    </p>
   </div>
   <div class='ocr_carea' id='block_1_73' title="bbox 283 5470 1867 5546">
    <p class='ocr_par' dir='ltr' id='par_1_73' title="bbox 283 5470 1867 5546">
     <span class='ocr_line' id='line_1_73' title="bbox 283 5470 1867 5546; baseline 0.004 -26"><span class='ocrx_word' id='word_1_562' title='bbox 283 5470 366 5541; x_wconf 81' lang='grc' dir='ltr'>μὴ</span> <span class='ocrx_word' id='word_1_563' title='bbox 387 5470 456 5523; x_wconf 86' lang='grc' dir='ltr'><strong>τά</strong></span> <span class='ocrx_word' id='word_1_564' title='bbox 486 5470 615 5539; x_wconf 86' lang='grc' dir='ltr'>παρ’</span> <span class='ocrx_word' id='word_1_565' title='bbox 650 5470 864 5540; x_wconf 83' lang='grc' dir='ltr'>ἑκάστῳ</span> <span class='ocrx_word' id='word_1_566' title='bbox 892 5471 1036 5525; x_wconf 76' lang='grc' dir='ltr'>ἔθνει</span> <span class='ocrx_word' id='word_1_567' title='bbox 1069 5490 1127 5526; x_wconf 84' lang='grc' dir='ltr'><strong>τε</strong></span> <span class='ocrx_word' id='word_1_568' title='bbox 1160 5475 1250 5527; x_wconf 76' lang='grc' dir='ltr'>καὶ</span> <span class='ocrx_word' id='word_1_569' title='bbox 1288 5473 1496 5544; x_wconf 79' lang='grc' dir='ltr'>αἱρέσει</span> <span class='ocrx_word' id='word_1_570' title='bbox 1529 5474 1688 5538; x_wconf 77' lang='grc' dir='ltr'>ὄντα,</span> <span class='ocrx_word' id='word_1_571' title='bbox 1719 5476 1867 5546; x_wconf 83' lang='grc' dir='ltr'>εὑρι-</span> 
     </span>
    </p>
   </div>
   <div class='ocr_carea' id='block_1_74' title="bbox 281 5561 1866 5639">
    <p class='ocr_par' dir='ltr' id='par_1_74' title="bbox 281 5561 1866 5639">
     <span class='ocr_line' id='line_1_74' title="bbox 281 5561 1866 5639; baseline 0.004 -24"><span class='ocrx_word' id='word_1_572' title='bbox 281 5562 529 5631; x_wconf 85' lang='grc' dir='ltr'>σκόμενα</span> <span class='ocrx_word' id='word_1_573' title='bbox 557 5561 613 5616; x_wconf 84' lang='grc' dir='ltr'>δὲ</span> <span class='ocrx_word' id='word_1_574' title='bbox 658 5562 751 5616; x_wconf 76' lang='grc' dir='ltr'>καὶ</span> <span class='ocrx_word' id='word_1_575' title='bbox 790 5565 919 5635; x_wconf 82' lang='grc' dir='ltr'>παρ’</span> <span class='ocrx_word' id='word_1_576' title='bbox 948 5566 1186 5638; x_wconf 79' lang='grc' dir='ltr'>ἑτέροις,</span> <span class='ocrx_word' id='word_1_577' title='bbox 1220 5566 1500 5638; x_wconf 82' lang='grc' dir='ltr'>νομισθείη</span> <span class='ocrx_word' id='word_1_578' title='bbox 1534 5568 1674 5622; x_wconf 86' lang='grc' dir='ltr'><strong>κατά</strong></span> <span class='ocrx_word' id='word_1_579' title='bbox 1697 5567 1866 5639; x_wconf 86' lang='grc' dir='ltr'>λήθην</span> 
     </span>
    </p>
   </div>
   <div class='ocr_carea' id='block_1_75' title="bbox 280 5651 866 5725">
    <p class='ocr_par' dir='ltr' id='par_1_75' title="bbox 280 5651 866 5725">
     <span class='ocr_line' id='line_1_75' title="bbox 280 5651 866 5725; baseline 0.002 -19"><span class='ocrx_word' id='word_1_580' title='bbox 280 5653 378 5723; x_wconf 78' lang='grc' dir='ltr'><strong>ὑφ’</strong></span> <span class='ocrx_word' id='word_1_581' title='bbox 410 5651 569 5725; x_wconf 74' lang='grc' dir='ltr'>ἡμῶν</span> <span class='ocrx_word' id='word_1_582' title='bbox 591 5652 866 5725; x_wconf 71' lang='grc' dir='ltr'>εἰρῆσθαι,</span> 
     </span>
    </p>
   </div>
   <div class='ocr_carea' id='block_1_76' title="bbox 360 5857 1299 5927">
    <p class='ocr_par' dir='ltr' id='par_1_76' title="bbox 360 5857 1299 5927">
     <span class='ocr_line' id='line_1_76' title="bbox 360 5857 1299 5927; baseline 0.007 -17"><span class='ocrx_word' id='word_1_583' title='bbox 360 5857 378 5889; x_wconf 88' lang='grc'>¹</span> <span class='ocrx_word' id='word_1_584' title='bbox 408 5859 531 5913; x_wconf 77' lang='lat' dir='ltr'><strong>Act.</strong></span> <span class='ocrx_word' id='word_1_585' title='bbox 571 5874 683 5927; x_wconf 76' lang='lat' dir='ltr'><strong>ut,</strong></span> <span class='ocrx_word' id='word_1_586' title='bbox 710 5861 797 5919; x_wconf 78' lang='lat'><strong>39.</strong></span> <span class='ocrx_word' id='word_1_587' title='bbox 932 5861 1053 5916; x_wconf 80' lang='lat' dir='ltr'><strong>Act.</strong></span> <span class='ocrx_word' id='word_1_588' title='bbox 1096 5878 1168 5926; x_wconf 85' lang='lat' dir='ltr'><strong>tv,</strong></span> <span class='ocrx_word' id='word_1_589' title='bbox 1211 5863 1299 5917; x_wconf 66' lang='grc'>54.</span> 
     </span>
    </p>
   </div>
   <div class='ocr_carea' id='block_1_77' title="bbox 1961 2003 3535 2072">
    <p class='ocr_par' dir='ltr' id='par_1_77' title="bbox 1961 2003 3535 2072">
     <span class='ocr_line' id='line_1_77' title="bbox 1961 2003 3535 2072; baseline -0.001 -16"><span class='ocrx_word' id='word_1_590' title='bbox 1961 2012 2145 2072; x_wconf 87' lang='lat' dir='ltr'><strong>utpote</strong></span> <span class='ocrx_word' id='word_1_591' title='bbox 2162 2003 2254 2072; x_wconf 91' lang='lat' dir='ltr'><strong>qui</strong></span> <span class='ocrx_word' id='word_1_592' title='bbox 2271 2003 2551 2058; x_wconf 82' lang='lat' dir='ltr'><strong>Christum</strong></span> <span class='ocrx_word' id='word_1_593' title='bbox 2573 2018 2783 2057; x_wconf 88' lang='lat' dir='ltr'><strong>merum</strong></span> <span class='ocrx_word' id='word_1_594' title='bbox 2808 2018 2931 2058; x_wconf 87' lang='lat' dir='ltr'><strong>esse</strong></span> <span class='ocrx_word' id='word_1_595' title='bbox 2952 2003 3225 2058; x_wconf 84' lang='lat' dir='ltr'><strong>hominem</strong></span> <span class='ocrx_word' id='word_1_596' title='bbox 3241 2003 3535 2064; x_wconf 76' lang='lat' dir='ltr'><strong>existimet,</strong></span> 
     </span>
    </p>
   </div>
   <div class='ocr_carea' id='block_1_78' title="bbox 1960 2094 3537 2165">
    <p class='ocr_par' dir='ltr' id='par_1_78' title="bbox 1960 2094 3537 2165">
     <span class='ocr_line' id='line_1_78' title="bbox 1960 2094 3537 2165; baseline -0.002 -15"><span class='ocrx_word' id='word_1_597' title='bbox 1960 2097 2015 2150; x_wconf 91' lang='lat' dir='ltr'><strong>in</strong></span> <span class='ocrx_word' id='word_1_598' title='bbox 2046 2110 2220 2164; x_wconf 87' lang='lat' dir='ltr'><strong>eoque</strong></span> <span class='ocrx_word' id='word_1_599' title='bbox 2244 2110 2395 2165; x_wconf 90' lang='lat' dir='ltr'><strong>spem</strong></span> <span class='ocrx_word' id='word_1_600' title='bbox 2418 2110 2541 2149; x_wconf 91' lang='lat' dir='ltr'><strong>cum</strong></span> <span class='ocrx_word' id='word_1_601' title='bbox 2573 2094 2812 2165; x_wconf 89' lang='lat' dir='ltr'><strong>quadam</strong></span> <span class='ocrx_word' id='word_1_602' title='bbox 2845 2095 2965 2151; x_wconf 88' lang='lat' dir='ltr'><strong>ﬁdei</strong></span> <span class='ocrx_word' id='word_1_603' title='bbox 2997 2094 3345 2151; x_wconf 75' lang='lat' dir='ltr'><strong>mendicitate</strong></span> <span class='ocrx_word' id='word_1_604' title='bbox 3368 2094 3537 2149; x_wconf 50' lang='lat' dir='ltr'><strong>collo-</strong></span> 
     </span>
    </p>
   </div>
   <div class='ocr_carea' id='block_1_79' title="bbox 1959 2185 3538 2259">
    <p class='ocr_par' dir='ltr' id='par_1_79' title="bbox 1959 2185 3538 2259">
     <span class='ocr_line' id='line_1_79' title="bbox 1959 2185 3538 2259; baseline -0.001 -16"><span class='ocrx_word' id='word_1_605' title='bbox 1959 2197 2065 2243; x_wconf 89' lang='lat' dir='ltr'><strong>cet.</strong></span> <span class='ocrx_word' id='word_1_606' title='bbox 2084 2188 2151 2241; x_wconf 85' lang='lat' dir='ltr'><strong>At</strong></span> <span class='ocrx_word' id='word_1_607' title='bbox 2167 2187 2314 2244; x_wconf 87' lang='lat' dir='ltr'><strong>enim</strong></span> <span class='ocrx_word' id='word_1_608' title='bbox 2341 2187 2428 2242; x_wconf 88' lang='lat' dir='ltr'><strong>isti</strong></span> <span class='ocrx_word' id='word_1_609' title='bbox 2454 2187 2520 2242; x_wconf 89' lang='lat' dir='ltr'><strong>de</strong></span> <span class='ocrx_word' id='word_1_610' title='bbox 2549 2203 2609 2242; x_wconf 77' lang='lat' dir='ltr'><strong>ea</strong></span> <span class='ocrx_word' id='word_1_611' title='bbox 2635 2204 2691 2242; x_wconf 89' lang='lat' dir='ltr'><strong>re</strong></span> <span class='ocrx_word' id='word_1_612' title='bbox 2710 2187 3034 2259; x_wconf 75' lang='lat' dir='ltr'><strong>gloriantur,</strong></span> <span class='ocrx_word' id='word_1_613' title='bbox 3061 2202 3228 2257; x_wconf 87' lang='lat' dir='ltr'><strong>seque</strong></span> <span class='ocrx_word' id='word_1_614' title='bbox 3259 2185 3538 2242; x_wconf 90' lang='lat' dir='ltr'><strong>mendicos</strong></span> 
     </span>
    </p>
   </div>
   <div class='ocr_carea' id='block_1_80' title="bbox 1962 2279 3539 2350">
    <p class='ocr_par' dir='ltr' id='par_1_80' title="bbox 1962 2279 3539 2350">
     <span class='ocr_line' id='line_1_80' title="bbox 1962 2279 3539 2350; baseline -0.001 -16"><span class='ocrx_word' id='word_1_615' title='bbox 1962 2279 2277 2350; x_wconf 65' lang='lat' dir='ltr'><strong>praedicant,</strong></span> <span class='ocrx_word' id='word_1_616' title='bbox 2325 2280 2469 2349; x_wconf 89' lang='lat' dir='ltr'><strong>quod</strong></span> <span class='ocrx_word' id='word_1_617' title='bbox 2512 2279 2916 2349; x_wconf 82' lang='lat' dir='ltr'><strong>apostolorum,</strong></span> <span class='ocrx_word' id='word_1_618' title='bbox 2966 2279 3251 2350; x_wconf 88' lang='lat' dir='ltr'><strong>inquiunt,</strong></span> <span class='ocrx_word' id='word_1_619' title='bbox 3299 2287 3539 2349; x_wconf 85' lang='lat' dir='ltr'><strong>tempore</strong></span> 
     </span>
    </p>
   </div>
   <div class='ocr_carea' id='block_1_81' title="bbox 1961 2369 3538 2438">
    <p class='ocr_par' dir='ltr' id='par_1_81' title="bbox 1961 2369 3538 2438">
     <span class='ocr_line' id='line_1_81' title="bbox 1961 2369 3538 2438; baseline -0.001 -13"><span class='ocrx_word' id='word_1_620' title='bbox 1961 2387 2080 2426; x_wconf 90' lang='lat' dir='ltr'><strong>mos</strong></span> <span class='ocrx_word' id='word_1_621' title='bbox 2108 2378 2256 2427; x_wconf 83' lang='lat' dir='ltr'><strong>esset</strong></span> <span class='ocrx_word' id='word_1_622' title='bbox 2286 2371 2425 2425; x_wconf 91' lang='lat' dir='ltr'><strong>bona</strong></span> <span class='ocrx_word' id='word_1_623' title='bbox 2458 2386 2554 2426; x_wconf 92' lang='lat' dir='ltr'><strong>sua</strong></span> <span class='ocrx_word' id='word_1_624' title='bbox 2582 2369 2910 2433; x_wconf 85' lang='lat' dir='ltr'><strong>distrahere,</strong></span> <span class='ocrx_word' id='word_1_625' title='bbox 2935 2378 2990 2425; x_wconf 91' lang='lat' dir='ltr'><strong>et</strong></span> <span class='ocrx_word' id='word_1_626' title='bbox 3022 2370 3086 2424; x_wconf 77' lang='lat' dir='ltr'><strong>ad</strong></span> <span class='ocrx_word' id='word_1_627' title='bbox 3124 2370 3337 2423; x_wconf 90' lang='lat' dir='ltr'><strong>illorum</strong></span> <span class='ocrx_word' id='word_1_628' title='bbox 3375 2369 3538 2438; x_wconf 80' lang='lat' dir='ltr'><strong>pedes</strong></span> 
     </span>
    </p>
   </div>
   <div class='ocr_carea' id='block_1_82' title="bbox 1962 2458 3540 2530">
    <p class='ocr_par' dir='ltr' id='par_1_82' title="bbox 1962 2458 3540 2530">
     <span class='ocr_line' id='line_1_82' title="bbox 1962 2458 3540 2530; baseline 0 -18"><span class='ocrx_word' id='word_1_629' title='bbox 1962 2460 2259 2530; x_wconf 83' lang='lat' dir='ltr'><strong>abjieere&#39;.</strong></span> <span class='ocrx_word' id='word_1_630' title='bbox 2288 2458 2477 2530; x_wconf 85' lang='lat' dir='ltr'><strong>Itaque</strong></span> <span class='ocrx_word' id='word_1_631' title='bbox 2506 2474 2566 2515; x_wconf 88' lang='lat' dir='ltr'><strong>se</strong></span> <span class='ocrx_word' id='word_1_632' title='bbox 2599 2460 2817 2515; x_wconf 89' lang='lat' dir='ltr'><strong>illorum</strong></span> <span class='ocrx_word' id='word_1_633' title='bbox 2848 2460 3099 2529; x_wconf 83' lang='lat' dir='ltr'><strong>exemplo</strong></span> <span class='ocrx_word' id='word_1_634' title='bbox 3126 2458 3193 2513; x_wconf 92' lang='lat' dir='ltr'><strong>ad</strong></span> <span class='ocrx_word' id='word_1_635' title='bbox 3227 2458 3540 2513; x_wconf 86' lang='lat' dir='ltr'><strong>mendicita-</strong></span> 
     </span>
    </p>
   </div>
   <div class='ocr_carea' id='block_1_83' title="bbox 1964 2547 3541 2626">
    <p class='ocr_par' dir='ltr' id='par_1_83' title="bbox 1964 2547 3541 2626">
     <span class='ocr_line' id='line_1_83' title="bbox 1964 2547 3541 2626; baseline 0.001 -25"><span class='ocrx_word' id='word_1_636' title='bbox 1964 2557 2069 2604; x_wconf 89' lang='lat' dir='ltr'><strong>tem</strong></span> <span class='ocrx_word' id='word_1_637' title='bbox 2105 2548 2297 2618; x_wconf 79' lang='lat' dir='ltr'><strong>redigi.</strong></span> <span class='ocrx_word' id='word_1_638' title='bbox 2327 2562 2392 2603; x_wconf 90' lang='lat' dir='ltr'><strong>ac</strong></span> <span class='ocrx_word' id='word_1_639' title='bbox 2419 2548 2580 2603; x_wconf 88' lang='lat' dir='ltr'><strong>bonis</strong></span> <span class='ocrx_word' id='word_1_640' title='bbox 2614 2547 3541 2626; x_wconf 65' lang='lat' dir='ltr'><strong>omnibus-abdicare,proindeque</strong></span> 
     </span>
    </p>
   </div>
   <div class='ocr_carea' id='block_1_84' title="bbox 1964 2638 3543 2711">
    <p class='ocr_par' dir='ltr' id='par_1_84' title="bbox 1964 2638 3543 2711">
     <span class='ocr_line' id='line_1_84' title="bbox 1964 2638 3543 2711; baseline 0.002 -18"><span class='ocrx_word' id='word_1_641' title='bbox 1964 2641 2167 2711; x_wconf 88' lang='lat' dir='ltr'><strong>passim</strong></span> <span class='ocrx_word' id='word_1_642' title='bbox 2196 2640 2477 2696; x_wconf 87' lang='lat' dir='ltr'><strong>mendicos</strong></span> <span class='ocrx_word' id='word_1_643' title='bbox 2508 2641 2788 2711; x_wconf 88' lang='lat' dir='ltr'><strong>appellari.</strong></span> <span class='ocrx_word' id='word_1_644' title='bbox 2823 2638 2928 2695; x_wconf 87' lang='lat' dir='ltr'><strong>Sed</strong></span> <span class='ocrx_word' id='word_1_645' title='bbox 2957 2640 3059 2696; x_wconf 89' lang='lat' dir='ltr'><strong>hoc</strong></span> <span class='ocrx_word' id='word_1_646' title='bbox 3084 2641 3150 2696; x_wconf 88' lang='lat' dir='ltr'><strong>ab</strong></span> <span class='ocrx_word' id='word_1_647' title='bbox 3180 2641 3287 2697; x_wconf 90' lang='lat' dir='ltr'><strong>illis</strong></span> <span class='ocrx_word' id='word_1_648' title='bbox 3306 2656 3373 2696; x_wconf 82' lang='lat' dir='ltr'><strong>ex</strong></span> <span class='ocrx_word' id='word_1_649' title='bbox 3399 2641 3543 2711; x_wconf 78' lang='lat' dir='ltr'><strong>inge-</strong></span> 
     </span>
    </p>
   </div>
   <div class='ocr_carea' id='block_1_85' title="bbox 1964 2729 3545 2802">
    <p class='ocr_par' dir='ltr' id='par_1_85' title="bbox 1964 2729 3545 2802">
     <span class='ocr_line' id='line_1_85' title="bbox 1964 2729 3545 2802; baseline 0.001 -19"><span class='ocrx_word' id='word_1_650' title='bbox 1964 2730 2055 2784; x_wconf 90' lang='lat' dir='ltr'><strong>nio</strong></span> <span class='ocrx_word' id='word_1_651' title='bbox 2084 2729 2378 2787; x_wconf 89' lang='lat' dir='ltr'><strong>conﬁctum</strong></span> <span class='ocrx_word' id='word_1_652' title='bbox 2418 2740 2541 2796; x_wconf 88' lang='lat' dir='ltr'><strong>est;</strong></span> <span class='ocrx_word' id='word_1_653' title='bbox 2588 2746 2713 2786; x_wconf 91' lang='lat' dir='ltr'><strong>nam</strong></span> <span class='ocrx_word' id='word_1_654' title='bbox 2748 2730 2941 2787; x_wconf 86' lang='lat' dir='ltr'><strong>Ebioni</strong></span> <span class='ocrx_word' id='word_1_655' title='bbox 2978 2731 3257 2802; x_wconf 90' lang='lat' dir='ltr'><strong>proprium</strong></span> <span class='ocrx_word' id='word_1_656' title='bbox 3290 2730 3394 2786; x_wconf 91' lang='lat' dir='ltr'><strong>hoc</strong></span> <span class='ocrx_word' id='word_1_657' title='bbox 3427 2737 3545 2786; x_wconf 87' lang='lat' dir='ltr'><strong>erat</strong></span> 
     </span>
    </p>
   </div>
   <div class='ocr_carea' id='block_1_86' title="bbox 1963 2824 3546 2895">
    <p class='ocr_par' dir='ltr' id='par_1_86' title="bbox 1963 2824 3546 2895">
     <span class='ocr_line' id='line_1_86' title="bbox 1963 2824 3546 2895; baseline 0 -18"><span class='ocrx_word' id='word_1_658' title='bbox 1963 2838 2181 2889; x_wconf 88' lang='lat' dir='ltr'><strong>nomen,</strong></span> <span class='ocrx_word' id='word_1_659' title='bbox 2215 2838 2323 2878; x_wconf 92' lang='lat' dir='ltr'><strong>non</strong></span> <span class='ocrx_word' id='word_1_660' title='bbox 2355 2824 2475 2880; x_wconf 86' lang='lat' dir='ltr'><strong>sine</strong></span> <span class='ocrx_word' id='word_1_661' title='bbox 2505 2824 2767 2879; x_wconf 88' lang='lat' dir='ltr'><strong>vaticinio</strong></span> <span class='ocrx_word' id='word_1_662' title='bbox 2802 2831 2987 2879; x_wconf 88' lang='lat' dir='ltr'><strong>tamen</strong></span> <span class='ocrx_word' id='word_1_663' title='bbox 3016 2824 3226 2894; x_wconf 88' lang='lat' dir='ltr'><strong>aliquo,</strong></span> <span class='ocrx_word' id='word_1_664' title='bbox 3253 2837 3362 2895; x_wconf 89' lang='lat' dir='ltr'><strong>quo</strong></span> <span class='ocrx_word' id='word_1_665' title='bbox 3392 2837 3546 2878; x_wconf 87' lang='lat' dir='ltr'><strong>mcu-</strong></span> 
     </span>
    </p>
   </div>
   <div class='ocr_carea' id='block_1_87' title="bbox 1930 2906 3546 2987">
    <p class='ocr_par' dir='ltr' id='par_1_87' title="bbox 1930 2906 3546 2987">
     <span class='ocr_line' id='line_1_87' title="bbox 1930 2906 3546 2987; baseline -0.001 -18"><span class='ocrx_word' id='word_1_666' title='bbox 1930 2906 1943 2918; x_wconf 80' lang='grc'><strong>’</strong></span> <span class='ocrx_word' id='word_1_667' title='bbox 1963 2915 2119 2970; x_wconf 90' lang='lat' dir='ltr'><strong>dicus</strong></span> <span class='ocrx_word' id='word_1_668' title='bbox 2148 2914 2447 2986; x_wconf 79' lang='lat' dir='ltr'><strong>infelixque</strong></span> <span class='ocrx_word' id='word_1_669' title='bbox 2480 2914 2593 2970; x_wconf 80' lang='lat' dir='ltr'><strong>fore</strong></span> <span class='ocrx_word' id='word_1_670' title='bbox 2616 2914 3043 2987; x_wconf 76' lang='lat' dir='ltr'><strong>signiﬁcaretur,</strong></span> <span class='ocrx_word' id='word_1_671' title='bbox 3079 2930 3205 2972; x_wconf 91' lang='lat' dir='ltr'><strong>cum</strong></span> <span class='ocrx_word' id='word_1_672' title='bbox 3245 2930 3274 2969; x_wconf 94' lang='lat' dir='ltr'><strong>a</strong></span> <span class='ocrx_word' id='word_1_673' title='bbox 3305 2914 3546 2985; x_wconf 84' lang='lat' dir='ltr'><strong>parenti—</strong></span> 
     </span>
    </p>
   </div>
   <div class='ocr_carea' id='block_1_88' title="bbox 1965 3002 3546 3076">
    <p class='ocr_par' dir='ltr' id='par_1_88' title="bbox 1965 3002 3546 3076">
     <span class='ocr_line' id='line_1_88' title="bbox 1965 3002 3546 3076; baseline -0.002 -17"><span class='ocrx_word' id='word_1_674' title='bbox 1965 3005 2067 3059; x_wconf 92' lang='lat' dir='ltr'><strong>bus</strong></span> <span class='ocrx_word' id='word_1_675' title='bbox 2116 3004 2169 3059; x_wconf 89' lang='lat' dir='ltr'><strong>id</strong></span> <span class='ocrx_word' id='word_1_676' title='bbox 2222 3005 2461 3059; x_wconf 89' lang='lat' dir='ltr'><strong>nominis</strong></span> <span class='ocrx_word' id='word_1_677' title='bbox 2496 3006 2823 3076; x_wconf 88' lang='lat' dir='ltr'><strong>accepisset.</strong></span> <span class='ocrx_word' id='word_1_678' title='bbox 2860 3005 3036 3071; x_wconf 87' lang='lat' dir='ltr'><strong>Quam</strong></span> <span class='ocrx_word' id='word_1_679' title='bbox 3066 3020 3195 3060; x_wconf 85' lang='lat' dir='ltr'><strong>vero</strong></span> <span class='ocrx_word' id='word_1_680' title='bbox 3225 3004 3331 3058; x_wconf 90' lang='lat' dir='ltr'><strong>alia</strong></span> <span class='ocrx_word' id='word_1_681' title='bbox 3375 3002 3546 3058; x_wconf 90' lang='lat' dir='ltr'><strong>multa</strong></span> 
     </span>
    </p>
   </div>
   <div class='ocr_carea' id='block_1_89' title="bbox 1964 3093 3546 3167">
    <p class='ocr_par' dir='ltr' id='par_1_89' title="bbox 1964 3093 3546 3167">
     <span class='ocr_line' id='line_1_89' title="bbox 1964 3093 3546 3167; baseline -0.002 -17"><span class='ocrx_word' id='word_1_682' title='bbox 1964 3105 2018 3150; x_wconf 88' lang='lat' dir='ltr'><strong>et</strong></span> <span class='ocrx_word' id='word_1_683' title='bbox 2047 3110 2329 3167; x_wconf 80' lang='lat' dir='ltr'><strong>perperam</strong></span> <span class='ocrx_word' id='word_1_684' title='bbox 2354 3095 2625 3160; x_wconf 86' lang='lat' dir='ltr'><strong>all&#39;ectata,</strong></span> <span class='ocrx_word' id='word_1_685' title='bbox 2657 3102 2708 3151; x_wconf 91' lang='lat' dir='ltr'><strong>ct</strong></span> <span class='ocrx_word' id='word_1_686' title='bbox 2734 3097 2999 3152; x_wconf 89' lang='lat' dir='ltr'><strong>scelerata</strong></span> <span class='ocrx_word' id='word_1_687' title='bbox 3028 3110 3090 3149; x_wconf 89' lang='lat' dir='ltr'><strong>ac</strong></span> <span class='ocrx_word' id='word_1_688' title='bbox 3118 3093 3328 3150; x_wconf 79' lang='lat' dir='ltr'><strong>nefaria</strong></span> <span class='ocrx_word' id='word_1_689' title='bbox 3354 3108 3546 3150; x_wconf 91' lang='lat' dir='ltr'><strong>eorum</strong></span> 
     </span>
    </p>
   </div>
   <div class='ocr_carea' id='block_1_90' title="bbox 1912 3186 3544 3267">
    <p class='ocr_par' dir='ltr' id='par_1_90' title="bbox 1912 3186 3544 3267">
     <span class='ocr_line' id='line_1_90' title="bbox 1912 3186 3544 3267; baseline -0.001 -26"><span class='ocrx_word' id='word_1_690' title='bbox 1912 3251 1928 3267; x_wconf 26' lang='grc' dir='ltr'><strong><em>κ</em></strong></span> <span class='ocrx_word' id='word_1_691' title='bbox 1968 3188 2219 3243; x_wconf 90' lang='lat' dir='ltr'><strong>instituto</strong></span> <span class='ocrx_word' id='word_1_692' title='bbox 2251 3190 2546 3259; x_wconf 85' lang='lat' dir='ltr'><strong>geruntur!</strong></span> <span class='ocrx_word' id='word_1_693' title='bbox 2587 3188 2813 3255; x_wconf 82' lang='lat' dir='ltr'><strong>Quoties</strong></span> <span class='ocrx_word' id='word_1_694' title='bbox 2843 3187 2988 3245; x_wconf 87' lang='lat' dir='ltr'><strong>enim</strong></span> <span class='ocrx_word' id='word_1_695' title='bbox 3017 3186 3215 3259; x_wconf 81' lang='lat' dir='ltr'><strong>aliquis</strong></span> <span class='ocrx_word' id='word_1_696' title='bbox 3243 3186 3458 3243; x_wconf 89' lang='lat' dir='ltr'><strong>illorum</strong></span> <span class='ocrx_word' id='word_1_697' title='bbox 3491 3188 3544 3241; x_wconf 92' lang='lat' dir='ltr'><strong>in</strong></span> 
     </span>
    </p>
   </div>
   <div class='ocr_carea' id='block_1_91' title="bbox 1965 3277 3547 3350">
    <p class='ocr_par' dir='ltr' id='par_1_91' title="bbox 1965 3277 3547 3350">
     <span class='ocr_line' id='line_1_91' title="bbox 1965 3277 3547 3350; baseline -0.001 -17"><span class='ocrx_word' id='word_1_698' title='bbox 1965 3280 2214 3335; x_wconf 75' lang='lat' dir='ltr'><strong>morbum</strong></span> <span class='ocrx_word' id='word_1_699' title='bbox 2261 3279 2473 3346; x_wconf 89' lang='lat' dir='ltr'><strong>incidit,</strong></span> <span class='ocrx_word' id='word_1_700' title='bbox 2525 3287 2619 3334; x_wconf 91' lang='lat' dir='ltr'><strong>aut</strong></span> <span class='ocrx_word' id='word_1_701' title='bbox 2664 3296 2694 3335; x_wconf 91' lang='lat' dir='ltr'><strong>a</strong></span> <span class='ocrx_word' id='word_1_702' title='bbox 2744 3287 2997 3350; x_wconf 88' lang='lat' dir='ltr'><strong>serpente</strong></span> <span class='ocrx_word' id='word_1_703' title='bbox 3049 3292 3267 3334; x_wconf 90' lang='lat' dir='ltr'><strong>morsus</strong></span> <span class='ocrx_word' id='word_1_704' title='bbox 3321 3285 3424 3343; x_wconf 90' lang='lat' dir='ltr'><strong>est,</strong></span> <span class='ocrx_word' id='word_1_705' title='bbox 3478 3277 3547 3331; x_wconf 88' lang='lat' dir='ltr'><strong>ad</strong></span> 
     </span>
    </p>
   </div>
   <div class='ocr_carea' id='block_1_92' title="bbox 1965 3364 3551 3441">
    <p class='ocr_par' dir='ltr' id='par_1_92' title="bbox 1965 3364 3551 3441">
     <span class='ocr_line' id='line_1_92' title="bbox 1965 3364 3551 3441; baseline -0.003 -17"><span class='ocrx_word' id='word_1_706' title='bbox 1965 3386 2135 3441; x_wconf 88' lang='lat' dir='ltr'><strong>aquas</strong></span> <span class='ocrx_word' id='word_1_707' title='bbox 2166 3370 2471 3427; x_wconf 90' lang='lat' dir='ltr'><strong>descendit.</strong></span> <span class='ocrx_word' id='word_1_708' title='bbox 2501 3368 2579 3426; x_wconf 90' lang='lat' dir='ltr'><strong>lbi</strong></span> <span class='ocrx_word' id='word_1_709' title='bbox 2610 3371 3007 3441; x_wconf 82' lang='lat' dir='ltr'><strong>appellationes</strong></span> <span class='ocrx_word' id='word_1_710' title='bbox 3056 3383 3268 3431; x_wconf 86' lang='lat' dir='ltr'><strong>omnes,</strong></span> <span class='ocrx_word' id='word_1_711' title='bbox 3304 3382 3425 3437; x_wconf 72' lang='lat' dir='ltr'><strong>qua:</strong></span> <span class='ocrx_word' id='word_1_712' title='bbox 3459 3364 3551 3421; x_wconf 83' lang='lat' dir='ltr'><strong>El-</strong></span> 
     </span>
    </p>
   </div>
   <div class='ocr_carea' id='block_1_93' title="bbox 1964 3460 3546 3532">
    <p class='ocr_par' dir='ltr' id='par_1_93' title="bbox 1964 3460 3546 3532">
     <span class='ocr_line' id='line_1_93' title="bbox 1964 3460 3546 3532; baseline -0.003 -16"><span class='ocrx_word' id='word_1_713' title='bbox 1964 3464 2051 3517; x_wconf 79' lang='lat' dir='ltr'><strong>xai</strong></span> <span class='ocrx_word' id='word_1_714' title='bbox 2083 3463 2400 3532; x_wconf 82' lang='lat' dir='ltr'><strong>complexus</strong></span> <span class='ocrx_word' id='word_1_715' title='bbox 2430 3469 2536 3527; x_wconf 91' lang='lat' dir='ltr'><strong>est,</strong></span> <span class='ocrx_word' id='word_1_716' title='bbox 2575 3462 2814 3528; x_wconf 88' lang='lat' dir='ltr'><strong>invocat,</strong></span> <span class='ocrx_word' id='word_1_717' title='bbox 2842 3462 2967 3517; x_wconf 70' lang='grc' dir='ltr'><strong>θα)ιί</strong></span> <span class='ocrx_word' id='word_1_718' title='bbox 2996 3460 3252 3516; x_wconf 77' lang='lat' dir='ltr'><strong>videlicet</strong></span> <span class='ocrx_word' id='word_1_719' title='bbox 3274 3474 3336 3514; x_wconf 92' lang='lat' dir='ltr'><strong>ac</strong></span> <span class='ocrx_word' id='word_1_720' title='bbox 3367 3467 3546 3521; x_wconf 71' lang='lat' dir='ltr'><strong>terrae,</strong></span> 
     </span>
    </p>
   </div>
   <div class='ocr_carea' id='block_1_94' title="bbox 1965 3554 3548 3624">
    <p class='ocr_par' dir='ltr' id='par_1_94' title="bbox 1965 3554 3548 3624">
     <span class='ocr_line' id='line_1_94' title="bbox 1965 3554 3548 3624; baseline -0.005 -14"><span class='ocrx_word' id='word_1_721' title='bbox 1965 3556 2097 3610; x_wconf 89' lang='lat' dir='ltr'><strong>salis</strong></span> <span class='ocrx_word' id='word_1_722' title='bbox 2149 3562 2202 3608; x_wconf 91' lang='lat' dir='ltr'><strong>ct</strong></span> <span class='ocrx_word' id='word_1_723' title='bbox 2228 3569 2405 3624; x_wconf 64' lang='lat' dir='ltr'><strong>aquae,</strong></span> <span class='ocrx_word' id='word_1_724' title='bbox 2442 3561 2732 3610; x_wconf 85' lang='lat' dir='ltr'><strong>ventorum</strong></span> <span class='ocrx_word' id='word_1_725' title='bbox 2766 3562 2822 3609; x_wconf 88' lang='lat' dir='ltr'><strong>et</strong></span> <span class='ocrx_word' id='word_1_726' title='bbox 2868 3554 3207 3623; x_wconf 82' lang='lat' dir='ltr'><strong>angelorum,</strong></span> <span class='ocrx_word' id='word_1_727' title='bbox 3244 3558 3301 3605; x_wconf 92' lang='lat' dir='ltr'><strong>ut</strong></span> <span class='ocrx_word' id='word_1_728' title='bbox 3331 3557 3548 3611; x_wconf 88' lang='lat' dir='ltr'><strong>vocant,</strong></span> 
     </span>
    </p>
   </div>
   <div class='ocr_carea' id='block_1_95' title="bbox 1960 3642 3554 3715">
    <p class='ocr_par' dir='ltr' id='par_1_95' title="bbox 1960 3642 3554 3715">
     <span class='ocr_line' id='line_1_95' title="bbox 1960 3642 3554 3715; baseline -0.003 -16"><span class='ocrx_word' id='word_1_729' title='bbox 1960 3645 2216 3715; x_wconf 64' lang='lat' dir='ltr'><strong>justitim;</strong></span> <span class='ocrx_word' id='word_1_730' title='bbox 2274 3644 2432 3715; x_wconf 89' lang='lat' dir='ltr'><strong>panis</strong></span> <span class='ocrx_word' id='word_1_731' title='bbox 2481 3644 2612 3699; x_wconf 87' lang='lat' dir='ltr'><strong>item</strong></span> <span class='ocrx_word' id='word_1_732' title='bbox 2664 3653 2718 3699; x_wconf 90' lang='lat' dir='ltr'><strong>et</strong></span> <span class='ocrx_word' id='word_1_733' title='bbox 2766 3646 2893 3700; x_wconf 92' lang='lat' dir='ltr'><strong>olei.</strong></span> <span class='ocrx_word' id='word_1_734' title='bbox 2928 3643 3133 3700; x_wconf 91' lang='lat' dir='ltr'><strong>Deinde</strong></span> <span class='ocrx_word' id='word_1_735' title='bbox 3178 3643 3422 3699; x_wconf 89' lang='lat' dir='ltr'><strong>solemne</strong></span> <span class='ocrx_word' id='word_1_736' title='bbox 3450 3642 3554 3696; x_wconf 87' lang='lat' dir='ltr'><strong>hoc</strong></span> 
     </span>
    </p>
   </div>
   <div class='ocr_carea' id='block_1_96' title="bbox 1966 3732 3555 3807">
    <p class='ocr_par' dir='ltr' id='par_1_96' title="bbox 1966 3732 3555 3807">
     <span class='ocr_line' id='line_1_96' title="bbox 1966 3732 3555 3807; baseline -0.001 -19"><span class='ocrx_word' id='word_1_737' title='bbox 1966 3750 2188 3791; x_wconf 86' lang='lat' dir='ltr'><strong>carmen</strong></span> <span class='ocrx_word' id='word_1_738' title='bbox 2222 3735 2462 3807; x_wconf 88' lang='lat' dir='ltr'><strong>concipit</strong></span> <span class='ocrx_word' id='word_1_739' title='bbox 2494 3752 2507 3790; x_wconf 90' lang='lat'><strong>:</strong></span> <span class='ocrx_word' id='word_1_740' title='bbox 2537 3736 2740 3793; x_wconf 83' lang='lat' dir='ltr'><strong>Adeste</strong></span> <span class='ocrx_word' id='word_1_741' title='bbox 2780 3735 2937 3794; x_wconf 87' lang='lat' dir='ltr'><strong>mihi.</strong></span> <span class='ocrx_word' id='word_1_742' title='bbox 2966 3741 3021 3790; x_wconf 91' lang='lat' dir='ltr'><strong>et</strong></span> <span class='ocrx_word' id='word_1_743' title='bbox 3049 3734 3195 3789; x_wconf 86' lang='lat' dir='ltr'><strong>hunc</strong></span> <span class='ocrx_word' id='word_1_744' title='bbox 3222 3748 3252 3786; x_wconf 91' lang='lat' dir='ltr'><strong>a</strong></span> <span class='ocrx_word' id='word_1_745' title='bbox 3276 3748 3363 3787; x_wconf 89' lang='lat' dir='ltr'><strong>me</strong></span> <span class='ocrx_word' id='word_1_746' title='bbox 3399 3732 3555 3787; x_wconf 92' lang='lat' dir='ltr'><strong>dolo-</strong></span> 
     </span>
    </p>
   </div>
   <div class='ocr_carea' id='block_1_97' title="bbox 1966 3826 2393 3897">
    <p class='ocr_par' dir='ltr' id='par_1_97' title="bbox 1966 3826 2393 3897">
     <span class='ocr_line' id='line_1_97' title="bbox 1966 3826 2393 3897; baseline 0.007 -17"><span class='ocrx_word' id='word_1_747' title='bbox 1966 3842 2079 3882; x_wconf 86' lang='lat' dir='ltr'><strong>rem</strong></span> <span class='ocrx_word' id='word_1_748' title='bbox 2116 3826 2393 3897; x_wconf 85' lang='lat' dir='ltr'><strong>depellite.</strong></span> 
     </span>
    </p>
   </div>
   <div class='ocr_carea' id='block_1_98' title="bbox 2035 3912 3555 3982">
    <p class='ocr_par' dir='ltr' id='par_1_98' title="bbox 2035 3912 3555 3982">
     <span class='ocr_line' id='line_1_98' title="bbox 2035 3912 3555 3982; baseline -0.001 -12"><span class='ocrx_word' id='word_1_749' title='bbox 2035 3915 2153 3970; x_wconf 85' lang='lat' dir='ltr'><strong>Jam</strong></span> <span class='ocrx_word' id='word_1_750' title='bbox 2187 3916 2292 3971; x_wconf 85' lang='lat' dir='ltr'><strong>hoc</strong></span> <span class='ocrx_word' id='word_1_751' title='bbox 2325 3925 2485 3973; x_wconf 89' lang='lat' dir='ltr'><strong>antea</strong></span> <span class='ocrx_word' id='word_1_752' title='bbox 2531 3918 2949 3982; x_wconf 88' lang='lat' dir='ltr'><strong>declaravimus,</strong></span> <span class='ocrx_word' id='word_1_753' title='bbox 2980 3916 3166 3971; x_wconf 90' lang='lat' dir='ltr'><strong>omnia</strong></span> <span class='ocrx_word' id='word_1_754' title='bbox 3222 3915 3339 3970; x_wconf 63' lang='lat' dir='ltr'><strong>haec</strong></span> <span class='ocrx_word' id='word_1_755' title='bbox 3388 3912 3555 3970; x_wconf 84' lang='lat' dir='ltr'><strong>Ebio-</strong></span> 
     </span>
    </p>
   </div>
   <div class='ocr_carea' id='block_1_99' title="bbox 1968 4008 3555 4080">
    <p class='ocr_par' dir='ltr' id='par_1_99' title="bbox 1968 4008 3555 4080">
     <span class='ocr_line' id='line_1_99' title="bbox 1968 4008 3555 4080; baseline -0.002 -17"><span class='ocrx_word' id='word_1_756' title='bbox 1968 4022 2088 4063; x_wconf 89' lang='lat' dir='ltr'><strong>nem</strong></span> <span class='ocrx_word' id='word_1_757' title='bbox 2134 4008 2417 4074; x_wconf 89' lang='lat' dir='ltr'><strong>nescisse;</strong></span> <span class='ocrx_word' id='word_1_758' title='bbox 2456 4009 2686 4080; x_wconf 87' lang='lat' dir='ltr'><strong>ejusque</strong></span> <span class='ocrx_word' id='word_1_759' title='bbox 2738 4009 3042 4079; x_wconf 83' lang='lat' dir='ltr'><strong>discipulos</strong></span> <span class='ocrx_word' id='word_1_760' title='bbox 3097 4008 3378 4076; x_wconf 91' lang='lat' dir='ltr'><strong>aliquanto</strong></span> <span class='ocrx_word' id='word_1_761' title='bbox 3432 4014 3555 4079; x_wconf 90' lang='lat' dir='ltr'><strong>post</strong></span> 
     </span>
    </p>
   </div>
   <div class='ocr_carea' id='block_1_100' title="bbox 1967 4100 3549 4158">
    <p class='ocr_par' dir='ltr' id='par_1_100' title="bbox 1967 4100 3549 4158">
     <span class='ocr_line' id='line_1_100' title="bbox 1967 4100 3549 4158; baseline -0.002 -2"><span class='ocrx_word' id='word_1_762' title='bbox 1967 4116 2092 4156; x_wconf 80' lang='lat' dir='ltr'><strong>cum</strong></span> <span class='ocrx_word' id='word_1_763' title='bbox 2127 4100 2280 4154; x_wconf 80' lang='lat' dir='ltr'><strong>Elxai</strong></span> <span class='ocrx_word' id='word_1_764' title='bbox 2324 4102 2698 4158; x_wconf 87' lang='lat' dir='ltr'><strong>coalescentes</strong></span> <span class='ocrx_word' id='word_1_765' title='bbox 2728 4104 2797 4156; x_wconf 90' lang='lat' dir='ltr'><strong>ab</strong></span> <span class='ocrx_word' id='word_1_766' title='bbox 2828 4101 3036 4157; x_wconf 87' lang='lat' dir='ltr'><strong>Ebione</strong></span> <span class='ocrx_word' id='word_1_767' title='bbox 3064 4100 3549 4156; x_wconf 86' lang='lat' dir='ltr'><strong>circumcisionem</strong></span> 
     </span>
    </p>
   </div>
   <div class='ocr_carea' id='block_1_101' title="bbox 1969 4190 3552 4263">
    <p class='ocr_par' dir='ltr' id='par_1_101' title="bbox 1969 4190 3552 4263">
     <span class='ocr_line' id='line_1_101' title="bbox 1969 4190 3552 4263; baseline 0 -18"><span class='ocrx_word' id='word_1_768' title='bbox 1969 4207 2035 4245; x_wconf 89' lang='lat' dir='ltr'><strong>ac</strong></span> <span class='ocrx_word' id='word_1_769' title='bbox 2079 4190 2404 4258; x_wconf 88' lang='lat' dir='ltr'><strong>Sabbatum,</strong></span> <span class='ocrx_word' id='word_1_770' title='bbox 2438 4193 2688 4263; x_wconf 91' lang='lat' dir='ltr'><strong>aliosque</strong></span> <span class='ocrx_word' id='word_1_771' title='bbox 2731 4194 2872 4249; x_wconf 88' lang='lat' dir='ltr'><strong>ritus</strong></span> <span class='ocrx_word' id='word_1_772' title='bbox 2918 4191 3217 4261; x_wconf 70' lang='lat' dir='ltr'><strong>accepisse.</strong></span> <span class='ocrx_word' id='word_1_773' title='bbox 3268 4191 3352 4246; x_wconf 80' lang='lat' dir='ltr'><strong>Ab</strong></span> <span class='ocrx_word' id='word_1_774' title='bbox 3399 4190 3552 4245; x_wconf 78' lang='lat' dir='ltr'><strong>Elxai</strong></span> 
     </span>
    </p>
   </div>
   <div class='ocr_carea' id='block_1_102' title="bbox 1969 4281 3555 4348">
    <p class='ocr_par' dir='ltr' id='par_1_102' title="bbox 1969 4281 3555 4348">
     <span class='ocr_line' id='line_1_102' title="bbox 1969 4281 3555 4348; baseline 0.003 -13"><span class='ocrx_word' id='word_1_775' title='bbox 1969 4298 2097 4337; x_wconf 87' lang='lat' dir='ltr'><strong>vero</strong></span> <span class='ocrx_word' id='word_1_776' title='bbox 2148 4282 2422 4339; x_wconf 91' lang='lat' dir='ltr'><strong>somnium</strong></span> <span class='ocrx_word' id='word_1_777' title='bbox 2481 4282 2636 4348; x_wconf 89' lang='lat' dir='ltr'><strong>illud,</strong></span> <span class='ocrx_word' id='word_1_778' title='bbox 2699 4292 2757 4338; x_wconf 92' lang='lat' dir='ltr'><strong>ut</strong></span> <span class='ocrx_word' id='word_1_779' title='bbox 2821 4284 3098 4339; x_wconf 87' lang='lat' dir='ltr'><strong>Christum</strong></span> <span class='ocrx_word' id='word_1_780' title='bbox 3157 4281 3385 4336; x_wconf 81' lang='lat' dir='ltr'><strong>formam</strong></span> <span class='ocrx_word' id='word_1_781' title='bbox 3432 4298 3555 4339; x_wconf 85' lang='lat' dir='ltr'><strong>esse</strong></span> 
     </span>
    </p>
   </div>
   <div class='ocr_carea' id='block_1_103' title="bbox 1969 4374 3555 4446">
    <p class='ocr_par' dir='ltr' id='par_1_103' title="bbox 1969 4374 3555 4446">
     <span class='ocr_line' id='line_1_103' title="bbox 1969 4374 3555 4446; baseline 0.003 -19"><span class='ocrx_word' id='word_1_782' title='bbox 1969 4374 2263 4444; x_wconf 82' lang='lat' dir='ltr'><strong>quamdam</strong></span> <span class='ocrx_word' id='word_1_783' title='bbox 2290 4375 2543 4431; x_wconf 76' lang='lat' dir='ltr'><strong>humana:</strong></span> <span class='ocrx_word' id='word_1_784' title='bbox 2569 4376 2826 4442; x_wconf 90' lang='lat' dir='ltr'><strong>similem,</strong></span> <span class='ocrx_word' id='word_1_785' title='bbox 2859 4391 3034 4446; x_wconf 91' lang='lat' dir='ltr'><strong>neque</strong></span> <span class='ocrx_word' id='word_1_786' title='bbox 3061 4375 3375 4431; x_wconf 90' lang='lat' dir='ltr'><strong>hominibus</strong></span> <span class='ocrx_word' id='word_1_787' title='bbox 3403 4391 3555 4446; x_wconf 87' lang='lat' dir='ltr'><strong>aspe-</strong></span> 
     </span>
    </p>
   </div>
   <div class='ocr_carea' id='block_1_104' title="bbox 1970 4464 3550 4541">
    <p class='ocr_par' dir='ltr' id='par_1_104' title="bbox 1970 4464 3550 4541">
     <span class='ocr_line' id='line_1_104' title="bbox 1970 4464 3550 4541; baseline 0.001 -19"><span class='ocrx_word' id='word_1_788' title='bbox 1970 4464 2227 4523; x_wconf 87' lang='lat' dir='ltr'><strong>ctabilem</strong></span> <span class='ocrx_word' id='word_1_789' title='bbox 2260 4484 2385 4525; x_wconf 90' lang='lat' dir='ltr'><strong>esse</strong></span> <span class='ocrx_word' id='word_1_790' title='bbox 2419 4468 2723 4541; x_wconf 76' lang='lat' dir='ltr'><strong>ﬁngerent;</strong></span> <span class='ocrx_word' id='word_1_791' title='bbox 2766 4469 3107 4541; x_wconf 75' lang='lat' dir='ltr'><strong>longitudine</strong></span> <span class='ocrx_word' id='word_1_792' title='bbox 3150 4469 3380 4523; x_wconf 91' lang='lat' dir='ltr'><strong>millium</strong></span> <span class='ocrx_word' id='word_1_793' title='bbox 3406 4484 3550 4535; x_wconf 75' lang='lat' dir='ltr'><strong>xcvi,</strong></span> 
     </span>
    </p>
   </div>
   <div class='ocr_carea' id='block_1_105' title="bbox 1972 4559 3555 4632">
    <p class='ocr_par' dir='ltr' id='par_1_105' title="bbox 1972 4559 3555 4632">
     <span class='ocr_line' id='line_1_105' title="bbox 1972 4559 3555 4632; baseline 0.001 -18"><span class='ocrx_word' id='word_1_794' title='bbox 1972 4561 2065 4630; x_wconf 90' lang='lat' dir='ltr'><strong>qui</strong></span> <span class='ocrx_word' id='word_1_795' title='bbox 2089 4567 2218 4616; x_wconf 92' lang='lat' dir='ltr'><strong>sunt</strong></span> <span class='ocrx_word' id='word_1_796' title='bbox 2243 4560 2456 4617; x_wconf 73' lang='lat' dir='ltr'><strong>schmni</strong></span> <span class='ocrx_word' id='word_1_797' title='bbox 2486 4570 2722 4632; x_wconf 88' lang='lat' dir='ltr'><strong>quatuor</strong></span> <span class='ocrx_word' id='word_1_798' title='bbox 2742 4569 2796 4617; x_wconf 88' lang='lat' dir='ltr'><strong>ct</strong></span> <span class='ocrx_word' id='word_1_799' title='bbox 2819 4561 3047 4631; x_wconf 83' lang='lat' dir='ltr'><strong>viginti;</strong></span> <span class='ocrx_word' id='word_1_800' title='bbox 3073 4559 3363 4615; x_wconf 89' lang='lat' dir='ltr'><strong>latitudine</strong></span> <span class='ocrx_word' id='word_1_801' title='bbox 3382 4561 3555 4616; x_wconf 72' lang='lat' dir='ltr'><strong>schm-</strong></span> 
     </span>
    </p>
   </div>
   <div class='ocr_carea' id='block_1_106' title="bbox 1973 4651 3555 4716">
    <p class='ocr_par' dir='ltr' id='par_1_106' title="bbox 1973 4651 3555 4716">
     <span class='ocr_line' id='line_1_106' title="bbox 1973 4651 3555 4716; baseline 0 -11"><span class='ocrx_word' id='word_1_802' title='bbox 1973 4666 2167 4705; x_wconf 90' lang='lat' dir='ltr'><strong>norum</strong></span> <span class='ocrx_word' id='word_1_803' title='bbox 2198 4667 2275 4716; x_wconf 84' lang='lat' dir='ltr'><strong>vi,</strong></span> <span class='ocrx_word' id='word_1_804' title='bbox 2311 4652 2415 4707; x_wconf 88' lang='lat' dir='ltr'><strong>hoc</strong></span> <span class='ocrx_word' id='word_1_805' title='bbox 2447 4660 2531 4708; x_wconf 91' lang='lat' dir='ltr'><strong>est</strong></span> <span class='ocrx_word' id='word_1_806' title='bbox 2560 4653 2789 4707; x_wconf 91' lang='lat' dir='ltr'><strong>millium</strong></span> <span class='ocrx_word' id='word_1_807' title='bbox 2819 4667 2981 4716; x_wconf 67' lang='lat' dir='ltr'><strong>xxiv;</strong></span> <span class='ocrx_word' id='word_1_808' title='bbox 3015 4651 3369 4707; x_wconf 86' lang='lat' dir='ltr'><strong>crassitudini</strong></span> <span class='ocrx_word' id='word_1_809' title='bbox 3399 4651 3555 4707; x_wconf 86' lang='lat' dir='ltr'><strong>deni-</strong></span> 
     </span>
    </p>
   </div>
   <div class='ocr_carea' id='block_1_107' title="bbox 1973 4740 3556 4813">
    <p class='ocr_par' dir='ltr' id='par_1_107' title="bbox 1973 4740 3556 4813">
     <span class='ocr_line' id='line_1_107' title="bbox 1973 4740 3556 4813; baseline 0.001 -18"><span class='ocrx_word' id='word_1_810' title='bbox 1973 4757 2079 4811; x_wconf 84' lang='lat' dir='ltr'><strong>que</strong></span> <span class='ocrx_word' id='word_1_811' title='bbox 2108 4741 2268 4795; x_wconf 89' lang='lat' dir='ltr'><strong>aliam</strong></span> <span class='ocrx_word' id='word_1_812' title='bbox 2301 4759 2616 4799; x_wconf 87' lang='lat' dir='ltr'><strong>mensuram</strong></span> <span class='ocrx_word' id='word_1_813' title='bbox 2660 4744 2981 4799; x_wconf 87' lang='lat' dir='ltr'><strong>attribuunt.</strong></span> <span class='ocrx_word' id='word_1_814' title='bbox 3020 4740 3195 4813; x_wconf 86' lang='lat' dir='ltr'><strong>Prope</strong></span> <span class='ocrx_word' id='word_1_815' title='bbox 3226 4743 3400 4812; x_wconf 92' lang='lat' dir='ltr'><strong>ipsum</strong></span> <span class='ocrx_word' id='word_1_816' title='bbox 3427 4757 3556 4798; x_wconf 88' lang='lat' dir='ltr'><strong>vero</strong></span> 
     </span>
    </p>
   </div>
   <div class='ocr_carea' id='block_1_108' title="bbox 1974 4831 3554 4906">
    <p class='ocr_par' dir='ltr' id='par_1_108' title="bbox 1974 4831 3554 4906">
     <span class='ocr_line' id='line_1_108' title="bbox 1974 4831 3554 4906; baseline 0.001 -20"><span class='ocrx_word' id='word_1_817' title='bbox 1974 4844 2119 4887; x_wconf 83' lang='lat' dir='ltr'><strong>stare</strong></span> <span class='ocrx_word' id='word_1_818' title='bbox 2163 4831 2428 4903; x_wconf 86' lang='lat' dir='ltr'><strong>Spiritum</strong></span> <span class='ocrx_word' id='word_1_819' title='bbox 2461 4846 2712 4892; x_wconf 91' lang='lat' dir='ltr'><strong>sanctum</strong></span> <span class='ocrx_word' id='word_1_820' title='bbox 2745 4836 2994 4892; x_wconf 85' lang='lat' dir='ltr'><strong>muliebri</strong></span> <span class='ocrx_word' id='word_1_821' title='bbox 3027 4835 3219 4906; x_wconf 79' lang='lat' dir='ltr'><strong>ﬁgura,</strong></span> <span class='ocrx_word' id='word_1_822' title='bbox 3249 4836 3323 4889; x_wconf 86' lang='lat' dir='ltr'><strong>ita</strong></span> <span class='ocrx_word' id='word_1_823' title='bbox 3372 4842 3554 4889; x_wconf 88' lang='lat' dir='ltr'><strong>tamen</strong></span> 
     </span>
    </p>
   </div>
   <div class='ocr_carea' id='block_1_109' title="bbox 1979 4923 3556 4998">
    <p class='ocr_par' dir='ltr' id='par_1_109' title="bbox 1979 4923 3556 4998">
     <span class='ocr_line' id='line_1_109' title="bbox 1979 4923 3556 4998; baseline -0.001 -19"><span class='ocrx_word' id='word_1_824' title='bbox 1979 4934 2037 4979; x_wconf 93' lang='lat' dir='ltr'><strong>ut</strong></span> <span class='ocrx_word' id='word_1_825' title='bbox 2068 4924 2237 4980; x_wconf 89' lang='lat' dir='ltr'><strong>videri</strong></span> <span class='ocrx_word' id='word_1_826' title='bbox 2274 4936 2544 4997; x_wconf 89' lang='lat' dir='ltr'><strong>nequeat;</strong></span> <span class='ocrx_word' id='word_1_827' title='bbox 2578 4928 2934 4998; x_wconf 87' lang='lat' dir='ltr'><strong>ejusdemque</strong></span> <span class='ocrx_word' id='word_1_828' title='bbox 2966 4943 3091 4983; x_wconf 90' lang='lat' dir='ltr'><strong>csse</strong></span> <span class='ocrx_word' id='word_1_829' title='bbox 3126 4940 3413 4981; x_wconf 69' lang='lat' dir='ltr'><strong>mensum.</strong></span> <span class='ocrx_word' id='word_1_830' title='bbox 3445 4923 3556 4978; x_wconf 77' lang='lat' dir='ltr'><strong>llo-</strong></span> 
     </span>
    </p>
   </div>
   <div class='ocr_carea' id='block_1_110' title="bbox 1974 5016 3556 5091">
    <p class='ocr_par' dir='ltr' id='par_1_110' title="bbox 1974 5016 3556 5091">
     <span class='ocr_line' id='line_1_110' title="bbox 1974 5016 3556 5091; baseline -0.001 -21"><span class='ocrx_word' id='word_1_831' title='bbox 1974 5033 2071 5086; x_wconf 81' lang='lat' dir='ltr'><strong>ges</strong></span> <span class='ocrx_word' id='word_1_832' title='bbox 2098 5016 2243 5073; x_wconf 90' lang='lat' dir='ltr'><strong>unde</strong></span> <span class='ocrx_word' id='word_1_833' title='bbox 2271 5032 2365 5072; x_wconf 90' lang='lat' dir='ltr'><strong>eas</strong></span> <span class='ocrx_word' id='word_1_834' title='bbox 2396 5033 2686 5074; x_wconf 87' lang='lat' dir='ltr'><strong>mensuras</strong></span> <span class='ocrx_word' id='word_1_835' title='bbox 2715 5018 3045 5091; x_wconf 89' lang='lat' dir='ltr'><strong>acceperint.</strong></span> <span class='ocrx_word' id='word_1_836' title='bbox 3076 5017 3120 5070; x_wconf 89' lang='lat' dir='ltr'><strong>E</strong></span> <span class='ocrx_word' id='word_1_837' title='bbox 3143 5017 3442 5080; x_wconf 88' lang='lat' dir='ltr'><strong>montibus,</strong></span> <span class='ocrx_word' id='word_1_838' title='bbox 3470 5016 3556 5069; x_wconf 83' lang='lat' dir='ltr'><strong>in—</strong></span> 
     </span>
    </p>
   </div>
   <div class='ocr_carea' id='block_1_111' title="bbox 1973 5108 3553 5181">
    <p class='ocr_par' dir='ltr' id='par_1_111' title="bbox 1973 5108 3553 5181">
     <span class='ocr_line' id='line_1_111' title="bbox 1973 5108 3553 5181; baseline 0 -20"><span class='ocrx_word' id='word_1_839' title='bbox 1973 5108 2187 5176; x_wconf 92' lang='lat' dir='ltr'><strong>quiunt,</strong></span> <span class='ocrx_word' id='word_1_840' title='bbox 2222 5109 2545 5165; x_wconf 85' lang='lat' dir='ltr'><strong>observatas</strong></span> <span class='ocrx_word' id='word_1_841' title='bbox 2575 5112 2861 5176; x_wconf 87' lang='lat' dir='ltr'><strong>habemus,</strong></span> <span class='ocrx_word' id='word_1_842' title='bbox 2898 5124 3131 5181; x_wconf 89' lang='lat' dir='ltr'><strong>quorum</strong></span> <span class='ocrx_word' id='word_1_843' title='bbox 3181 5109 3249 5164; x_wconf 88' lang='lat' dir='ltr'><strong>ad</strong></span> <span class='ocrx_word' id='word_1_844' title='bbox 3294 5110 3553 5163; x_wconf 83' lang='lat' dir='ltr'><strong>verticem</strong></span> 
     </span>
    </p>
   </div>
   <div class='ocr_carea' id='block_1_112' title="bbox 1972 5199 3555 5275">
    <p class='ocr_par' dir='ltr' id='par_1_112' title="bbox 1972 5199 3555 5275">
     <span class='ocr_line' id='line_1_112' title="bbox 1972 5199 3555 5275; baseline 0.003 -24"><span class='ocrx_word' id='word_1_845' title='bbox 1972 5199 2189 5253; x_wconf 88' lang='lat' dir='ltr'><strong>illorum</strong></span> <span class='ocrx_word' id='word_1_846' title='bbox 2222 5201 2402 5270; x_wconf 88' lang='lat' dir='ltr'><strong>capita</strong></span> <span class='ocrx_word' id='word_1_847' title='bbox 2433 5203 2850 5275; x_wconf 81' lang='lat' dir='ltr'><strong>pertingebant;</strong></span> <span class='ocrx_word' id='word_1_848' title='bbox 2882 5219 3054 5275; x_wconf 90' lang='lat' dir='ltr'><strong>quare</strong></span> <span class='ocrx_word' id='word_1_849' title='bbox 3083 5201 3347 5256; x_wconf 90' lang='lat' dir='ltr'><strong>montium</strong></span> <span class='ocrx_word' id='word_1_850' title='bbox 3369 5201 3555 5255; x_wconf 86' lang='lat' dir='ltr'><strong>altitu-</strong></span> 
     </span>
    </p>
   </div>
   <div class='ocr_carea' id='block_1_113' title="bbox 1971 5289 3553 5362">
    <p class='ocr_par' dir='ltr' id='par_1_113' title="bbox 1971 5289 3553 5362">
     <span class='ocr_line' id='line_1_113' title="bbox 1971 5289 3553 5362; baseline 0.001 -19"><span class='ocrx_word' id='word_1_851' title='bbox 1971 5289 2155 5344; x_wconf 88' lang='lat' dir='ltr'><strong>dinem</strong></span> <span class='ocrx_word' id='word_1_852' title='bbox 2188 5290 2445 5358; x_wconf 89' lang='lat' dir='ltr'><strong>dimensi,</strong></span> <span class='ocrx_word' id='word_1_853' title='bbox 2481 5293 2681 5350; x_wconf 86' lang='lat' dir='ltr'><strong>Christi</strong></span> <span class='ocrx_word' id='word_1_854' title='bbox 2714 5309 2779 5348; x_wconf 92' lang='lat' dir='ltr'><strong>ac</strong></span> <span class='ocrx_word' id='word_1_855' title='bbox 2808 5294 2985 5349; x_wconf 86' lang='lat' dir='ltr'><strong>sancti</strong></span> <span class='ocrx_word' id='word_1_856' title='bbox 3018 5291 3254 5362; x_wconf 90' lang='lat' dir='ltr'><strong>Spiritus</strong></span> <span class='ocrx_word' id='word_1_857' title='bbox 3280 5292 3553 5362; x_wconf 74' lang='lat' dir='ltr'><strong>magnitu-</strong></span> 
     </span>
    </p>
   </div>
   <div class='ocr_carea' id='block_1_114' title="bbox 1972 5378 3554 5453">
    <p class='ocr_par' dir='ltr' id='par_1_114' title="bbox 1972 5378 3554 5453">
     <span class='ocr_line' id='line_1_114' title="bbox 1972 5378 3554 5453; baseline 0.003 -20"><span class='ocrx_word' id='word_1_858' title='bbox 1972 5378 2156 5435; x_wconf 88' lang='lat' dir='ltr'><strong>dinem</strong></span> <span class='ocrx_word' id='word_1_859' title='bbox 2182 5384 2780 5453; x_wconf 79' lang='lat' dir='ltr'><strong>comperimus.Veruin</strong></span> <span class='ocrx_word' id='word_1_860' title='bbox 2807 5386 2875 5440; x_wconf 91' lang='lat' dir='ltr'><strong>de</strong></span> <span class='ocrx_word' id='word_1_861' title='bbox 2907 5385 2990 5440; x_wconf 89' lang='lat' dir='ltr'><strong>his</strong></span> <span class='ocrx_word' id='word_1_862' title='bbox 3021 5385 3075 5438; x_wconf 90' lang='lat' dir='ltr'><strong>in</strong></span> <span class='ocrx_word' id='word_1_863' title='bbox 3100 5383 3411 5439; x_wconf 67' lang='lat' dir='ltr'><strong>Ossaaorum</strong></span> <span class='ocrx_word' id='word_1_864' title='bbox 3445 5383 3554 5438; x_wconf 74' lang='lat' dir='ltr'><strong>ha:-</strong></span> 
     </span>
    </p>
   </div>
   <div class='ocr_carea' id='block_1_115' title="bbox 1975 5472 3553 5546">
    <p class='ocr_par' dir='ltr' id='par_1_115' title="bbox 1975 5472 3553 5546">
     <span class='ocr_line' id='line_1_115' title="bbox 1975 5472 3553 5546; baseline 0.004 -23"><span class='ocrx_word' id='word_1_865' title='bbox 1975 5472 2079 5524; x_wconf 88' lang='lat' dir='ltr'><strong>resi</strong></span> <span class='ocrx_word' id='word_1_866' title='bbox 2103 5473 2213 5542; x_wconf 88' lang='lat' dir='ltr'><strong>jam</strong></span> <span class='ocrx_word' id='word_1_867' title='bbox 2245 5483 2370 5530; x_wconf 91' lang='lat' dir='ltr'><strong>ante</strong></span> <span class='ocrx_word' id='word_1_868' title='bbox 2398 5475 2822 5546; x_wconf 88' lang='lat' dir='ltr'><strong>disputavimus.</strong></span> <span class='ocrx_word' id='word_1_869' title='bbox 2859 5476 2926 5530; x_wconf 82' lang='lat' dir='ltr'><strong>Et</strong></span> <span class='ocrx_word' id='word_1_870' title='bbox 2954 5491 3102 5530; x_wconf 90' lang='lat' dir='ltr'><strong>nunc</strong></span> <span class='ocrx_word' id='word_1_871' title='bbox 3127 5475 3307 5530; x_wconf 89' lang='lat' dir='ltr'><strong>obiter</strong></span> <span class='ocrx_word' id='word_1_872' title='bbox 3333 5489 3395 5530; x_wconf 88' lang='lat' dir='ltr'><strong>ea</strong></span> <span class='ocrx_word' id='word_1_873' title='bbox 3428 5491 3553 5545; x_wconf 85' lang='lat' dir='ltr'><strong>per-</strong></span> 
     </span>
    </p>
   </div>
   <div class='ocr_carea' id='block_1_116' title="bbox 1974 5564 3553 5639">
    <p class='ocr_par' dir='ltr' id='par_1_116' title="bbox 1974 5564 3553 5639">
     <span class='ocr_line' id='line_1_116' title="bbox 1974 5564 3553 5639; baseline 0.003 -22"><span class='ocrx_word' id='word_1_874' title='bbox 1974 5564 2316 5631; x_wconf 69' lang='lat' dir='ltr'><strong>strinximus,</strong></span> <span class='ocrx_word' id='word_1_875' title='bbox 2348 5582 2416 5622; x_wconf 89' lang='lat' dir='ltr'><strong>ne</strong></span> <span class='ocrx_word' id='word_1_876' title='bbox 2434 5569 2579 5636; x_wconf 90' lang='lat' dir='ltr'><strong>quod</strong></span> <span class='ocrx_word' id='word_1_877' title='bbox 2613 5584 2777 5638; x_wconf 89' lang='lat' dir='ltr'><strong>penes</strong></span> <span class='ocrx_word' id='word_1_878' title='bbox 2802 5583 3243 5639; x_wconf 87' lang='lat' dir='ltr'><strong>unamquamque</strong></span> <span class='ocrx_word' id='word_1_879' title='bbox 3272 5568 3553 5623; x_wconf 78' lang='lat' dir='ltr'><strong>nationem</strong></span> 
     </span>
    </p>
   </div>
   <div class='ocr_carea' id='block_1_117' title="bbox 1976 5660 3543 5733">
    <p class='ocr_par' dir='ltr' id='par_1_117' title="bbox 1976 5660 3543 5733">
     <span class='ocr_line' id='line_1_117' title="bbox 1976 5660 3543 5733; baseline -0.001 -20"><span class='ocrx_word' id='word_1_880' title='bbox 1976 5675 2039 5713; x_wconf 90' lang='lat' dir='ltr'><strong>ac</strong></span> <span class='ocrx_word' id='word_1_881' title='bbox 2058 5672 2261 5714; x_wconf 86' lang='lat' dir='ltr'><strong>sectam</strong></span> <span class='ocrx_word' id='word_1_882' title='bbox 2280 5662 2570 5731; x_wconf 88' lang='lat' dir='ltr'><strong>reperitur,</strong></span> <span class='ocrx_word' id='word_1_883' title='bbox 2591 5661 2642 5716; x_wconf 87' lang='lat' dir='ltr'><strong>id</strong></span> <span class='ocrx_word' id='word_1_884' title='bbox 2673 5660 2719 5717; x_wconf 92' lang='lat' dir='ltr'><strong>si</strong></span> <span class='ocrx_word' id='word_1_885' title='bbox 2761 5661 2816 5717; x_wconf 92' lang='lat' dir='ltr'><strong>in</strong></span> <span class='ocrx_word' id='word_1_886' title='bbox 2835 5661 2956 5717; x_wconf 88' lang='lat' dir='ltr'><strong>aliis</strong></span> <span class='ocrx_word' id='word_1_887' title='bbox 2970 5677 3187 5733; x_wconf 88' lang='lat' dir='ltr'><strong>quoque</strong></span> <span class='ocrx_word' id='word_1_888' title='bbox 3203 5667 3543 5723; x_wconf 90' lang='lat' dir='ltr'><strong>cerneretur,</strong></span> 
     </span>
    </p>
   </div>
   <div class='ocr_carea' id='block_1_118' title="bbox 1969 5750 3547 5825">
    <p class='ocr_par' dir='ltr' id='par_1_118' title="bbox 1969 5750 3547 5825">
     <span class='ocr_line' id='line_1_118' title="bbox 1969 5750 3547 5825; baseline 0.004 -22"><span class='ocrx_word' id='word_1_889' title='bbox 1969 5750 2147 5806; x_wconf 88' lang='lat' dir='ltr'><strong>alieno</strong></span> <span class='ocrx_word' id='word_1_890' title='bbox 2171 5752 2291 5808; x_wconf 92' lang='lat' dir='ltr'><strong>loco</strong></span> <span class='ocrx_word' id='word_1_891' title='bbox 2310 5768 2407 5825; x_wconf 83' lang='lat' dir='ltr'><strong>per</strong></span> <span class='ocrx_word' id='word_1_892' title='bbox 2432 5753 2759 5810; x_wconf 82' lang='lat' dir='ltr'><strong>oblivionem</strong></span> <span class='ocrx_word' id='word_1_893' title='bbox 2787 5763 3270 5812; x_wconf 86' lang='lat' dir='ltr'><strong>commemoratum</strong></span> <span class='ocrx_word' id='word_1_894' title='bbox 3307 5767 3547 5825; x_wconf 84' lang='lat' dir='ltr'><strong>putares.</strong></span> 
     </span>
    </p>
   </div>
  </div>
