3982 6422
225 400 368 463 ᾸΖἹ
903 406 1275 464 ADVERSUS
1311 407 1655 465 IMEBESES
1695 408 1816 463 LIB.
1861 409 1876 462 1

1988 406 2105 465 031.
2149 407 2210 460 11.
2253 437 2322 446 -
2362 403 2636 461 11ιτΕΙὶΕ8.
2675 403 2844 460 XXX.

245 511 472 564 Ἦλεαν
496 513 590 566 καὶ
613 514 864 586 Σαμουὴλ
893 521 988 574 καὶ
1036 521 1337 575 Ἐλισσαῖον
1366 522 1460 574 καὶ
1487 521 1614 585 τοὺς
1645 520 1855 584 ἄλλους.

1986 519 2209 590 gloriari.
2242 519 2319 573 Ad
2352 517 2468 573 haec
2495 519 2569 572 ita
2602 517 2937 587 respondent
2969 536 2980 571 :
3023 511 3139 570 Sibi
3185 514 3238 570 id
3268 529 3297 568 a
3329 513 3552 570 Christo

231 602 629 674 patefactum.
674 605 820 678 Ergo
877 609 1074 665 bonam
1123 613 1259 684 legis
1315 620 1528 684 partem
1567 615 1962 669 contumeliose
1995 611 2312 674 traducunt,
2337 618 2392 666 et
2455 609 2816 680 Sampsonem
2876 623 2940 664 ac
3002 606 3288 673 Davidcm,
3355 607 3550 672 lilium,

238 692 514 749 Eliseum
551 709 888 770 caaterosque
921 712 1210 774 respuunt.

329 785 448 838 18’.
485 786 801 859 Ἐλέγχεται
827 791 883 844 δὲ
917 795 1254 865 πανταχόθεν
1284 797 1312 848 6
1343 795 1587 868 ἀγύρτης
1629 795 1734 850 ὑπὸ
1759 794 1855 848 τοῦ

2028 787 2170 843 XIX.
2225 785 2330 842 Sed
2372 803 2402 840 a
2461 786 2682 842 Christo
2729 783 2962 841 Domino
3003 783 3223 854 penitus
3287 784 3554 855 impostor

239 873 546 947 Σωτῆρος,
579 879 876 954 διαρρήδην
913 885 1009 937 καὶ
1043 885 1120 948 ὡς
1157 886 1214 938 ὲν
1257 886 1532 958 συντόμῳ,
1581 887 1691 940 ἀπὸ
1732 886 1862 956 μιᾶς

1989 880 2058 935 lle
2087 879 2482 948 manifestoque
2514 877 2800 942 refellitur,
2833 877 2924 947 qui
2959 875 3308 946 depravatam
3335 893 3551 932 omnem

3446 401 3548 460 458

243 966 474 1033 λέξεως
514 970 576 1022 τὸ
615 973 726 1025 πᾶν
762 972 928 1027 αὑτοῦ
962 976 1276 1047 ἐλέγχοντος
1321 978 1422 1048 τῆς
1459 979 1744 1050 άπατηλῆς
1781 978 1861 1032 δι-

244 1057 604 1126 δασκαλίας,
670 1064 765 1116 καὶ
827 1064 1079 1134 λέγοντος
1099 1082 1113 1096 ⁸
1178 1064 1398 1123 Ἦλθεν
1467 1069 1740 1137 Ἰωάννης
1792 1071 1864 1123 ἐν

248 1147 391 1213 (εδῷ
427 1150 540 1222 (55)
583 1151 977 1224 δικαιοσύνης
1006 1159 1160 1228 μήτε
1185 1160 1424 1224 ἐσθίων,
1459 1159 1612 1231 μήτε
1649 1163 1860 1224 πίνων,

253 1241 367 1294 καὶ
403 1240 680 1308 λέγουσι,
727 1249 1041 1316 Δαιμόνιον
1063 1250 1210 1318 ἔχει.
1255 1245 1485 1305 τΗλθεν
1521 1255 1554 1305 ὀ
1587 1251 1717 1316 Υἱὸς
1755 1250 1862 1303 τοῦ

255 1330 597 1399 ἀνθρώπου
620 1335 842 1391 ἐσθίων
876 1338 974 1392 καὶ
1008 1341 1220 1393 πίνων.
1257 1342 1369 1395 Καὶ
1409 1341 1470 1395 οὐ
1512 1341 1750 1405 πάντως,
1781 1341 1862 1394 ὅτι

257 1421 378 1474 κᾶν
413 1423 474 1476 τὸ
503 1425 664 1496 τυχὸν
691 1427 792 1482 οὐκ
821 1429 1005 1500 ἤσθιεν
1048 1433 1076 1485 ὁ
1120 1431 1404 1505 Ἰωάννης,
1455 1434 1488 1504 ἢ
1537 1434 1646 1486 πᾶν
1679 1431 1860 1486 ὁτιοῦν

259 1513 470 1584 ἤσθιεν
499 1519 528 1568 6
562 1518 773 1590 Σωτὴρ,
809 1521 896 1574 ἵνα
927 1539 1012 1585 τις
1048 1523 1306 1578 ὑπολάϐοι
1338 1525 1430 1578 καὶ
1458 1527 1526 1579 τὰ
1550 1526 1862 1598 ἀπηγορευ-

265 1605 440 1675 μένα.
489 1609 552 1661 'II
579 1609 768 1684 Γραφὴ
801 1611 856 1666 δὲ
885 1612 985 1684 τὴν
1013 1613 1250 1684 ἔμφασιν
1280 1616 1431 1688 δηλοῖ
1457 1617 1555 1688 τῆς
1585 1617 1858 1689 ἀληθείας.

262 1695 349 1760 ὡς
376 1697 444 1750 τὸ
472 1699 644 1768 φάγον
683 1703 849 1755 αὐτὸν
888 1699 1028 1759 εἶναι
1053 1707 1146 1760 καὶ
1174 1709 1460 1778 οἰνοπότην
1497 1709 1646 1762 οὐδὲν
1677 1709 1863 1780 ἕτερόν

265 1790 432 1843 ἐστιν
463 1791 496 1862 ἢ
531 1793 592 1846 τὸ
627 1795 642 1824 ¹
679 1795 820 1865 κρέα
865 1796 1070 1850 ἐσθίειν
1105 1799 1198 1852 καὶ
1231 1797 1371 1852 οἶνον
1402 1800 1610 1853 πίνειν*
1661 1801 1858 1866 καὶτὸ,

271 1882 356 1953 μὴ
395 1874 612 1948 ἐσθίων,
646 1889 783 1958 μήτε
815 1889 1005 1954 πίνων,
1025 1892 1116 1944 ,ὅτι
1145 1891 1324 1964 κρεῶν
1353 1894 1415 1946 οὐ
1448 1892 1740 1964 μετείληφε
1770 1894 1864 1947 καὶ

266 1973 446 2036 οἴνου,
493 1973 609 2028 ἀλλ’
641 1975 672 2046 ἢ
708 1977 948 2049 ἀκρίδων
987 1980 1166 2050 μόνων
1213 1985 1240 2035 6
1282 1982 1536 2049 Ἰωάννης
1571 1983 1665 2036 καὶ
1710 1981 1862 2051 μέλι-

270 2078 374 2125 τος
411 2063 807 2135 μετελάμϐανε,
857 2069 1015 2140 δῆλον
1065 2071 1139 2134 δὲ,
1189 2073 1265 2136 ὡς
1311 2073 1404 2126 καὶ
1433 2073 1642 2138 ὓδατος.
1679 2073 1774 2136 Τίς
1805 2073 1862 2127 δὲ

1967 971 2088 1041 ejus
2114 970 2422 1026 doctrinam
2451 968 2644 1040 paucis
2676 967 2856 1022 verbis
2886 967 3182 1038 redarguit,
3216 981 3342 1022 cum
3373 966 3444 1022 ita
3471 968 3552 1020 In-

1967 1062 2195 1134 quitur:
2229 1059 2382 1115 Venit
2407 1059 2639 1114 Joannes
2686 1059 2738 1112 in
2787 1059 2870 1112 via
2913 1057 3146 1127 justitice
3184 1073 3288 1112 non
3324 1058 3555 1111 mandu-

1967 1172 2117 1220 cans,
2167 1169 2328 1223 neque
2380 1151 2579 1216 bibens,
2616 1159 2665 1204 et
2732 1150 2936 1213 dicunt,
2989 1147 3322 1203 Danuonium
3377 1149 3551 1205 habet.

1982 1245 2132 1300 Venit
2160 1243 2335 1298 Filius
2377 1243 2603 1298 hominis
2644 1241 2974 1298 manducans
3027 1250 3077 1296 et
3119 1231 3296 1296 bibens
3317 1244 3359 1298 '.
3395 1240 3554 1308 Quod

1971 1336 2196 1408 perinde
2225 1352 2336 1392 non
2372 1343 2456 1391 est
2487 1333 2866 1406 accipiendum
2917 1349 2981 1388 ac
3053 1333 3096 1389 si
3130 1331 3370 1389 Joannes
3408 1333 3557 1388 nulla

1969 1429 2194 1484 omnino
2221 1444 2300 1494 re,
2335 1427 2590 1484 Christus
2637 1427 2894 1483 omnibus
2934 1427 3265 1496 promiscue,
3311 1425 3556 1494 adeoque

1972 1521 2282 1590 prohibitis,
2308 1527 2642 1576 vescerctur.
2677 1517 2784 1574 Sed
2826 1517 3111 1588 Scriptura
3157 1519 3265 1571 vim
3304 1518 3555 1573 veritatis

1969 1613 2258 1684 expressit,
2283 1621 2362 1676 ut,
2393 1626 2500 1665 non
2521 1613 2859 1665 nnnducans
2875 1615 2929 1664 et
2947 1609 3160 1670 bibens,
3181 1608 3320 1665 idem
3344 1609 3415 1665 sit
3451 1625 3514 1663 ac
3539 1625 3554 1663 :

1968 1703 2231 1759 Joannem
2268 1703 2528 1758 carnibus
2558 1703 2792 1771 vinoque
2825 1717 2934 1756 non
2963 1717 3146 1766 usum,
3187 1700 3325 1755 nihil
3363 1708 3558 1770 prmter

1971 1799 2216 1852 locustas
2241 1809 2304 1850 ac
2326 1795 2434 1849 mel
2463 1794 2662 1857 edisse,
2695 1800 2753 1846 ut
2775 1807 2972 1862 aquam
2999 1791 3216 1846 interim
3243 1793 3558 1848 adhibuisse

1971 1888 2244 1944 credatur.
2275 1886 2478 1956 Ecquis
2509 1885 2686 1940 nescit
2725 1882 3000 1938 Christum
3029 1883 3320 1938 Dominum
3351 1885 3559 1939 excita-

1971 1986 2085 2032 tum
2109 1992 2140 2030 a
2172 1975 2404 2031 mortuis
2435 1974 2777 2038 comedisse;
2809 1973 3271 2044 quemadmodum
3310 1973 3558 2030 veritatis

1973 2067 2262 2138 Evangelia
2311 2065 2632 2121 continent?
2665 2064 2914 2120 Oblatum
2966 2066 3014 2118 ei
3055 2081 3244 2134 panem
3287 2081 3349 2118 ac
3399 2065 3556 2133 piscis

271 2151 379 2204 οὐκ
409 2149 515 2206 οἶδε
561 2154 652 2208 τὸν
681 2157 909 2230 Σωτῆρα
941 2161 1248 2216 ἀναστάντα
1297 2163 1361 2216 ἐκ
1400 2163 1609 2234 νεκρῶν
1638 2164 1731 2217 καὶ
1762 2181 1858 2232 φα-

1986 2162 2074 2214 tssi
2101 2159 2442 2230 particulam,
2475 2158 2538 2213 de
2554 2157 2742 2228 quibus
2776 2175 2894 2211 cum
2923 2159 3314 2222 manJucasset,
3344 2167 3558 2227 aposto-

275 2239 484 2307 γόντα;
533 2242 786 2316 καθάπερ
839 2247 952 2317 ἔχει
987 2247 1054 2302 τὰ
1089 2251 1218 2318 ἅγια
1263 2251 1571 2320 Εὑαγγέλια
1610 2252 1708 2323 τῆς
1737 2253 1870 2324 άλη-

274 2330 454 2394 θείας,
488 2331 571 2386 ὅτι
616 2335 896 2406 Ἐπεδόθη
933 2338 1092 2404 αὐτῷ
1127 2340 1308 2408 ἄρτος
1335 2342 1432 2398 καὶ
1466 2340 1652 2411 μέρος
1682 2343 1868 2398 ὀπτοῦ

279 2419 519 2488 ιχθύος·
545 2424 643 2477 καί
683 2425 872 2480 λαϐὼν
903 2428 1107 2498 ἔφαγε,
1151 2431 1248 2484 καὶ
1295 2431 1484 2485 ἔδωκε
1527 2432 1652 2498 τοῖς
1679 2436 1870 2502 μαθηο

278 2511 448 2577 ταῖς·
484 2513 560 2577 ὡς
600 2517 693 2568 καὶ
721 2518 814 2571 ἐπὶ
851 2519 950 2588 τῆς
981 2521 1256 2592 θαλάσσης
1284 2523 1384 2592 τῆς
1428 2523 1742 2595 Τιϐεριάδος
1772 2543 1869 2578 πε-

281 2605 508 2675 ποίηκε,
559 2608 654 2660 καὶ
703 2609 912 2678 φαγὼν,
969 2613 1062 2664 καὶ
1096 2613 1329 2678 διαδούς.
1380 2616 1490 2668 Κιιύ⁴
1530 2615 1703 2668 πολλὰ
1747 2616 1863 2670 ἔστι

280 2698 414 2767 rupi.
445 2697 634 2751 τούτου
669 2699 870 2769 λέγειν.
915 2706 1008 2755 Δεῖ
1038 2703 1094 2755 δέ
1139 2721 1206 2774 με
1236 2704 1380 2757 κατὰ
1423 2703 1731 2776 λεπτότητα
1783 2709 1862 2771 είς

1970 2254 2036 2308 lis
2070 2255 2179 2306 suis
2222 2252 2474 2322 reliquias
2506 2253 2759 2320 impertiit
2791 2251 2831 2304 ³.
2862 2251 2916 2304 Id
2955 2251 3100 2320 quod
3135 2250 3202 2304 ad
3246 2249 3557 2304 Tiberiadis

1971 2364 2122 2402 mare
2145 2347 2292 2411 fecit,
2333 2347 2468 2409 edit,
2505 2346 2751 2414 inquam,
2774 2359 2838 2398 ac
2862 2345 3144 2400 distribuit
3175 2344 3214 2398 ι.
3255 2343 3372 2409 Qua
3409 2343 3476 2398 de
3501 2358 3558 2397 re

1972 2438 2204 2507 plurima
2249 2436 2476 2490 dicenda
2513 2436 2672 2490 nobis
2713 2447 3033 2490 occurrunt.
3075 2434 3181 2490 Sed
3226 2434 3292 2489 ad
3337 2433 3560 2503 putidus

1970 2528 2093 2582 illos
2126 2525 2505 2596 absurdosque
2529 2540 2834 2590 sermones,
2865 2525 2956 2595 qui
2993 2526 3061 2582 ab
3094 2526 3228 2596 ipsis
3255 2526 3560 2580 InS!IllllIII-

1971 2627 2079 2680 tur,
2101 2618 2419 2689 singillatim
2451 2616 2782 2673 reiellendos
2832 2627 2997 2688 atque
3017 2617 3343 2674 evertendos
3371 2625 3554 2671 trans-

1971 2711 2192 2767 ferenda
2229 2711 2388 2766 nobis
2426 2717 2510 2766 est
2543 2711 2737 2765 oratio.

280 2789 374 2884 ττξν
401 2791 610 2884 ξούτων
665 2795 772 2884 ﬁt?»
800 2797 1057 2867 ῥημάτων
1091 2797 1200 2853 τῶν
1238 2797 1420 2854 ἑώλων
1453 2817 1542 2884 ’τε
1577 2802 1668 2854 καὶ
1704 2801 1920 2875 σαθρῶν
1963 2810 2092 2879 παρ’
2131 2809 2316 2871 αὐτοῖς
2349 2807 2770 2880 κηρυττομένων
2815 2807 2973 2879 ἥκειν
3027 2806 3268 2881 ἔλεγχον,
3321 2807 3414 2863 καὶ
3459 2805 3558 2878 τὴν

281 2880 465 2934 αὐτῶν
500 2883 772 2938 ποιεῖσθαι
802 2887 1134 2959 ἀνατροπὴν.

354 2979 440 3032 K’.
485 2979 592 3032 Kal.
623 2981 840 3052 πρῶτον
897 2985 993 3054 μὲν
1043 2984 1316 3057 περὶ-τοῦ
1367 2986 1629 3058 Χριστοῦ,
1674 2988 1756 3042 δτι
1807 2989 1868 3041 οὐ

284 3069 436 3139 ψιλὸς
465 3068 752 3142 ἄνθρωπος
789 3073 998 3143 ῥητέον.
1035 3077 1108 3129 Οὐ
1135 3073 1360 3130 δύναται
1389 3076 1498 3150 γὰρ
1526 3081 1555 3132 6
1591 3079 1872 3151 γεννηθεὶς

291 3158 433 3212 κατά
463 3158 643 3214 πάντα
689 3161 976 3233 ἄνθρωπος
1004 3166 1233 3236 σημείου
1263 3167 1426 3220 ἕνεκα
1455 3167 1534 3239 τῷ
1571 3171 1760 3242 κόσμῳ
1789 3171 1876 3224 δο-

2052 2985 2167 3040 ΧΧ.
2196 2986 2274 3040 Ac
2321 2985 2556 3057 primum
2587 2984 2654 3042 de
2689 2984 2932 3048 Christo,
2977 2999 3087 3040 non
3137 3001 3347 3042 merum
3393 2989 3555 3044 homi-

1981 3093 2103 3132 nem
2139 3091 2263 3132 esse
2309 3075 2834 3132 demonstrabimus.
2865 3072 3052 3145 Neque
3095 3076 3240 3130 enim
3289 3078 3380 3148 qui
3431 3079 3568 3132 nihil

1981 3168 2206 3222 omnino
2239 3167 2312 3222 sit
2349 3173 2550 3236 praeter
2591 3165 2891 3232 hominem,
2927 3167 3067 3237 signi
3103 3166 3277 3222 instar
3319 3168 3568 3226 exhiberi

290 3247 579 3319 θήσεσθαι·
637 3249 714 3313 ὡς
773 3252 904 3323 περὶ
967 3252 1133 3307 αὐτοῦ
1190 3254 1551 3327 προεθέσπιζε
1607 3258 1670 3310 τὸ
1720 3258 1875 3327 ἅγιον

1986 3259 2188 3314 mundo
2241 3265 2460 3329 potest:
2504 3256 2650 3327 quod
2687 3255 2927 3328 Spiritus
2975 3265 3200 3314 sanctus
3239 3258 3305 3314 de
3347 3257 3568 3317 Christo

293 3339 558 3410 Πνεῦμα,
612 3340 701 3393 ὅτε
747 3341 825 3412 τῷ
884 3341 1049 3416 Ἀχὰς
1092 3343 1304 3413 ἔλεγεν·
1341 3344 1592 3412 Αἵτησαι
1644 3345 1876 3412 σεαυτῷ

1987 3351 2254 3424 praedixit,
2295 3364 2418 3404 cum
2470 3349 2548 3403 ita
2589 3349 2806 3405 Achazo
2859 3349 3076 3404 locutus
3121 3357 3252 3404 est:
3300 3349 3424 3404 Pete
3473 3351 3569 3406 tibi

291 3431 562 3500 σημεῖον.
626 3431 886 3488 Κάκείνου
929 3435 1004 3506 μὴ
1058 3437 1402 3506 αἰτήσαντος,
1456 3437 1578 3490 τότε
1629 3438 1794 3509 φησὶν
1847 3440 1875 3491 6

1986 3445 2214 3512 signum.
2247 3441 2346 3494 Illo
2370 3455 2498 3496 vero
2531 3449 2715 3510 petere
2745 3429 3104 3503 detrectante,
3144 3442 3408 3511 propheta
3435 3442 3569 3497 sub-

297 3523 614 3594 προφήτης·
663 3523 858 3590 Αὐτὸς
907 3526 1120 3593 Κύριος
1170 3525 1347 3580 δώσει
1398 3527 1540 3596 ὑμῖν
1603 3527 1874 3596 σημεῖον·

309 3612 464 3668 Ἰδοὺ
515 3614 552 3680 ἠ
613 3613 910 3680 παρθένος
957 3615 1027 3668 ἐν
1060 3617 1271 3684 γαστρὶ
1317 3615 1458 3681 ἕξει.
1504 3618 1779 3688 Παρθένος
1822 3619 1879 3672 δὲ

294 3704 357 3756 οὐ
394 3701 640 3756 καλεῖται
675 3701 786 3764 (54)
816 3705 848 3772 ή
883 3703 1211 3772 συναφθεῖσα
1239 3705 1412 3776 ἀνδρὶ,
1443 3706 1536 3758 καὶ
1570 3695 1882 3778 γαμηθεῖσα

295 3797 460 3868 γυνή·
499 3795 766 3868 παρθένος
793 3797 848 3850 δὲ
874 3797 1056 3869 ἐκείνη
1087 3797 1293 3869 κυρίως
1333 3798 1531 3868 λέγοιτ’
1565 3800 1630 3854 ἂν
1670 3802 1702 3870 ὴ
1750 3801 1880 3854 ἄνευ

300 3888 486 3960 ἀνδρὸς
519 3889 618 3957 τὴν
661 3888 922 3960 σύλληψιν
953 3893 1046 3944 τοῦ
1079 3889 1213 3944 Θεοῦ
1239 3890 1416 3959 Λόγου
1454 3891 1596 3944 κατὰ
1623 3890 1882 3962 ἀλήθειαν

302 3983 598 4050 ἐσχηκυῖαο
629 3980 705 4044 ὼς
734 3982 829 4035 καὶ
857 3983 1019 4046 αὐτὸς
1059 3983 1288 4048 Ἡσαΐας
1323 3984 1435 4056 (55)
1468 3986 1526 4037 ἐν
1545 3984 1698 4052 ἄλλῳ
1730 3984 1883 4056 τόπῳ

301 4075 462 4144 φησι·
493 4074 665 4143 Φωνὴ
705 4075 972 4144 κραυγῆς
997 4077 1065 4130 ἐκ
1099 4080 1352 4146 πόλεως,
1387 4076 1557 4147 φωνὴ
1604 4078 1674 4131 ἐκ
1705 4078 1880 4141 ναοῦ,

302 4167 468 4237 φωνὴ
523 4169 758 4236 -Κιιρίου
827 4169 1320 4238 ἀνταποδόσεως,
1375 4167 1890 4234 ἀπαποὸιδόντος

304 4260 424 4326 τοῖς
473 4261 923 4330 ἀντικειμένοις.
969 4262 1118 4331 Πρὶν
1166 4263 1205 4331 ἢ
1247 4263 1363 4329 τὴν
1409 4261 1753 4315 ὠδίνουσαν
1791 4277 1886 4314 τε-

305 4350 449 4415 κεῖν,
479 4353 623 4419 πρὶν
666 4352 704 4420 ἢ
735 4353 932 4408 ἐλθεῖν
968 4355 1076 4408 τὸν
1107 4356 1300 4409 πόνον
1338 4351 1458 4408 τῶν
1499 4353 1747 4420 ὠδίνων,
1790 4353 1887 4420 ἐξ·

306 4442 508 4512 egere,
560 4444 661 4498 καὶ
696 4433 907 4499 ἔτεκεν
923 4446 1131 4514 ἄρσεν.
1186 4448 1280 4513 Τίς
1321 4446 1554 4517 ἢκουσε
1581 4446 1890 4511 τοιοῦτον;

307 4535 344 4603 ἣ
376 4535 468 4600 τίς
499 4534 720 4603 ἑώρακε
749 4537 1024 4601 τοιαῦτα;
1055 4541 1126 4592 Et
1147 4537 1324 4592 ὠδινε
1349 4538 1422 4608 γῆ
1447 4540 1516 4593 ἐν
1534 4537 1644 4610 μιᾷ
1678 4541 1890 4609 ἡμέρᾳ,

310 4627 404 4680 καὶ
435 4627 640 4681 ἔτεκεν
669 4627 846 4695 ἔθνος
875 4631 964 4693 είς
994 4629 1156 4695 ἅπαξ
1175 4647 1195 4694 ;
1243 4630 1332 4684 ὅτι
1363 4631 1537 4686 ὧδινε
1583 4633 1684 4686 καί
1726 4633 1893 4686 ἔτεκε

310 4716 460 4772 Σιὼν
488 4719 560 4773 τὰ
585 4718 790 4772 παιδία
811 4719 1020 4790 αὐτῆς.
1071 4721 1217 4792 Ἐγὼ
1247 4723 1316 4776 δὲ
1343 4722 1534 4778 ἔδωκα
1563 4704 1894 4794 τὴν-ὶπροσ-

1977 3537 2108 3605 jccit
2137 3553 2149 3590 :
2185 3531 2303 3603 Ipse
2334 3533 2590 3586 Dominus
2625 3533 2772 3586 dabit
2801 3531 2942 3586 vobis
2979 3533 3188 3602 signum
3216 3549 3232 3586 :
3263 3531 3398 3588 Ecce
3426 3535 3570 3605 virgo
3649 3603 3652 3606 .

1982 3627 2235 3694 concipiet
2269 3625 2311 3680 ⁵.
2341 3623 2586 3695 Virginis
2639 3631 2801 3694 porro
2849 3625 3068 3678 nomine
3115 3639 3223 3678 non
3259 3641 3324 3680 ea
3375 3626 3570 3681 mulier

1984 3718 2329 3789 significatur
2380 3731 2502 3787 quae
2553 3715 2823 3786 nupserit,
2877 3725 2928 3770 et
2965 3731 3088 3769 cum
3117 3716 3236 3770 viro
3280 3717 3570 3786 conjuncta

1985 3812 2076 3871 sit,
2114 3811 2210 3864 sed
2235 3824 2296 3863 ea
2327 3808 2545 3862 demum
2579 3807 2797 3876 proprie
2835 3806 2986 3876 virgo
3017 3805 3238 3872 dicitur,
3274 3821 3394 3876 qum
3429 3805 3570 3862 divi-

1986 3915 2116 3954 num
2147 3897 2384 3952 Verbum
2421 3897 2474 3950 in
2513 3912 2571 3951 se
2613 3896 2819 3964 absque
2869 3897 2977 3950 ulfo
3011 3897 3109 3950 viri
3143 3897 3428 3966 complexu
3479 3913 3571 3966 ge-

1985 3991 2184 4045 Interit.
2222 3985 2688 4054 Quemadmodum
2729 3984 2888 4056 144
2919 3985 3091 4041 Isaias
3112 3985 3217 4040 alio
3247 3989 3300 4039 in
3331 3986 3450 4040 loco
3495 4000 3574 4040 Ie—

1988 4094 2162 4140 statur
2192 4101 2205 4134 :
2245 4079 2355 4132 Vox
2381 4080 2401 4110 “
2432 4078 2682 4132 clamoris
2724 4091 2788 4130 ea:
2837 4075 2984 4139 urbe,
3021 4091 3118 4130 vox
3157 4093 3186 4130 e
3230 4077 3441 4146 templo,
3475 4095 3574 4132 vos:

1991 4173 2204 4226 Domini
2247 4167 2642 4229 retributionis,
2696 4164 3035 4219 retribuentis
3100 4167 3346 4222 inimicis.
3411 4170 3572 4220 Ante-

1989 4279 2146 4334 quam
2198 4261 2500 4332 parturiens
2541 4265 2788 4326 pareret;
2853 4265 3136 4326 antequam
3181 4258 3374 4311 veniret
3419 4257 3576 4311 dolor

1989 4363 2196 4423 partus,
2255 4351 2454 4420 effugit,
2489 4358 2537 4403 et
2589 4348 2783 4416 peperit
2827 4348 3143 4401 masculum.
3197 4349 3330 4414 Quis
3375 4351 3574 4403 audivit

1993 4461 2223 4515 unquam
2247 4443 2392 4496 tale?
2419 4455 2468 4495 et
2496 4441 2612 4512 quis
2641 4439 2766 4494 vidit
2783 4437 2904 4492 huic
2925 4440 3140 4497 simile?
3173 4439 3426 4513 Nunquid
3454 4459 3575 4512 por-

1997 4537 2144 4590 turiit
2171 4544 2313 4589 terra
2353 4533 2438 4588 die
2467 4549 2574 4587 una
2601 4548 2619 4587 :
2645 4543 2695 4587 et
2737 4530 2932 4602 peperit
2969 4544 3172 4603 gentem
3206 4533 3409 4591 simul?
3451 4537 3576 4606 quia

1995 4625 2279 4697 parturivit
2317 4633 2366 4678 et
2413 4624 2609 4694 peperit
2641 4621 2773 4678 Sion
2803 4623 2946 4692 ﬁlios
2979 4639 3120 4678 suos.
3155 4623 3266 4695 Ego
3305 4641 3423 4680 vero
3455 4626 3576 4679 dedi

1999 4720 2134 4774 hanc
2156 4719 2618 4788 exspectationem,
2647 4725 2696 4771 et
2719 4733 2822 4770 non
2853 4717 3114 4770 recordati
3144 4725 3286 4783 sunt,
3317 4717 3445 4772 dicit
3471 4709 3596 4773 Do?

309 4807 522 4863 δοκίαν
549 4811 795 4880 ταύτην,
837 4813 935 4866 καὶ
967 4814 1078 4868 οὐκ
1128 4813 1548 4883 ἐμνήσθησαν,
1576 4817 1739 4885 λέγει
1770 4818 1876 4870 K6-

1995 4814 2187 4868 minus.
2216 4811 2476 4878 Quaenam
2527 4810 2694 4880 igitur
2735 4824 2798 4864 ea
2826 4819 2910 4864 est
2942 4810 3317 4880 exspectatio?
3353 4811 3574 4880 quinam

385 4965 400 4994 ι

314 4981 524 5089 δήᾶρ’
557 4964 744 5036 κρέας’

387 5185 500 5260 (55)
537 5182 756 5260 Ἦλθεν
794 5188 1070 5256 Ἰωάννης
1119 5190 1190 5260 ἐν
1240 5189 1377 5254 ὀδῷ.
1422 5189 1546 5245 Haec
1611 5191 1774 5246 verba
1833 5191 1892 5243 ὲν

321 5259 426 5330 ῥδῳ
451 5259 822 5330 δικαιοσύνης,
851 5262 932 5313 vel
977 5261 1046 5316 ab
1090 5259 1394 5330 Epiphanio
1442 5264 1668 5327 inserta,
1698 5261 1781 5316 vel
1828 5261 1882 5314 li-

323 5329 626 5383 brariorum
658 5329 788 5384 vitio
814 5329 1024 5385 intrusa
1051 5329 1198 5385 sunt.

397 5399 508 5471 (36)
547 5399 846 5471 Παρθένος
867 5399 936 5471 δὲ
956 5401 1028 5453 οὐ
1048 5399 1351 5471 misit-at,
1365 5397 1514 5471 AVide
1529 5399 1752 5471 omnino
1773 5416 1894 5470 quae

325 5468 534 5527 erudite
581 5468 646 5522 ad
694 5470 846 5524 illum
891 5468 1044 5524 Isaiae
1091 5471 1271 5524 locum
1322 5469 1544 5524 disserit
1575 5468 1802 5524 Ilieron.
1829 5472 1896 5526 de

327 5568 460 5607 voce
487 5535 734 5614 nd'mjn
763 5566 872 5619 qua
897 5551 1222 5604 calumniari
1249 5549 1420 5605 Judaei
1469 5551 1666 5605 solent.
1700 5549 1806 5605 Sed
1841 5560 1895 5604 et

330 5622 562 5677 Basilius
595 5622 662 5676 ad
697 5618 922 5690 vulsaL
939 5619 1132 5690 eodem
1161 5630 1478 5690 argumento
1509 5621 1772 5675 adversus
1797 5620 1895 5674 Ju-

331 5692 474 5746 dzeos
508 5693 695 5756 utitur,
729 5705 838 5760 quo
886 5688 1246 5760 Epiphanius
1268 5689 1548 5744 Ehionitas
1593 5691 1893 5760 redarguit.

329 5761 508 5828 Quod,
543 5763 646 5816 nisi
677 5761 979 5830 parituram
1010 5761 1270 5829 virginem
1305 5761 1565 5830 pr0pheta
1599 5761 1900 5829 signiﬁcas-

331 5843 432 5899 set,
468 5829 958 5900 frustra’tanquam
1005 5830 1218 5900 signum
1273 5831 1404 5886 illud
1457 5829 1632 5900 ipsum
1659 5830 1770 5902 regi
1805 5831 1899 5886 de-

821 4971 842 5001 ²
871 4969 1059 5026 Matth.
1086 4987 1161 5038 χι,
1197 4971 1377 5037 I8,i9.
1455 4977 1475 5007 ³
1498 4975 1633 5032 Luc.
1661 4989 1811 5034 xxxv.
1842 4976 1929 5030 42.
2007 4975 2028 5004 ⁸
2056 4970 2216 5025 Joan.
2241 4967 2401 5033 xm!
2429 4983 2548 5037 sqq.

2628 4969 2648 4998 ³
2678 4965 2778 5020 lsa.
2817 4983 2910 5032 vn,
2938 4967 3003 5024 10
3034 4983 3153 5038 sqq.
3235 4966 3254 4998 ⁸
3285 4963 3398 5020 Isa.
3427 4979 3572 5033 var,

1998 5193 2327 5250 nuntiasset.

2072 5265 2184 5334 (55)
2234 5265 2330 5330 Ὠς
2367 5265 2464 5317 καί
2485 5264 2668 5334 αίὺτὸς
2701 5265 2959 5329 Ἡσαΐας.
3004 5263 3158 5317 IIunc
3191 5261 3344 5317 Isaiae
3375 5261 3573 5330 locum,

2000 5351 2160 5402 quem
2188 5334 2254 5388 de
2282 5334 2485 5389 Christi
2521 5333 2732 5388 Domini
2767 5334 3138 5402 generatione.
3169 5346 3235 5387 ac
3286 5347 3575 5388 sacrosan-

2001 5413 2101 5458 ctae
2155 5402 2395 5470 Virginis
2441 5411 2600 5473 partu
2647 5405 2896 5472 intelligit
2957 5403 3335 5473 Epiphanius,
3371 5402 3579 5473 Patres

2003 5489 2192 5528 omnes
2245 5473 2310 5527 ad
2360 5471 2662 5542 spiritalem
2715 5471 2972 5528 Ecclesia:
3003 5471 3244 5542 partum
3298 5471 3578 5539 referunt;

2005 5560 2124 5612 qua:
2155 5544 2273 5598 sine
2308 5545 2418 5598 ullo
2449 5545 2654 5605 dolore,
2688 5559 2824 5612 pene
2856 5553 3130 5597 momento
3163 5542 3406 5600 inﬁnitos
3429 5542 3584 5598 Chri-

2005 5623 2092 5682 sto
2122 5613 2260 5666 lilios
2298 5614 2523 5682 peperit.
2559 5619 2807 5682 paritque
2835 5613 3099 5681 quotidie.
3127 5613 3204 5667 Ita
3232 5613 3293 5666 D.
3328 5613 3526 5667 Hieron
3564 5651 3576 5674 ,

2007 5629 2092 5666 suo
2122 5629 2260 5666 unos
2298 5629 2523 5682 peperit.
2559 5629 2698 5680 parn
2742 5629 2807 5666 ue
2835 5629 3099 5681 quotnne.
3129 5629 3204 5667 tta
3233 5629 3293 5666 ιι.
3328 5629 3526 5667 meron
3564 5651 3576 5674 ,

2007 5681 2405 5742 'I‘heodoretus.
2435 5629 2926 5754 Cyrillupsf‘I‘Juseb.
2949 5683 3039 5737 lib.
3076 5701 3092 5740 ι
3133 5682 3334 5740 Eccles.
3365 5685 3596 5748 histor.._

2006 5768 2125 5824 cap.
2157 5755 2207 5820 4,
2241 5755 2438 5825 aliique
2471 5752 2804 5824 uotttplurcs.
