3982 6472
491 332 602 419 ἰεςο

1924 380 1981 434 S.
2024 380 2364 436 El‘li‘llANll

3674 388 3770 444 650

502 484 552 536 hi
588 482 703 549 lilii,
735 483 841 540 nisi
881 487 1026 557 quod
1059 489 1194 543 citra
1245 493 1582 562 parturiendi
1630 494 1871 549 laborem
1913 494 2080 568 Virgo

2205 516 2329 564 nec.
2366 499 2501 552 Ποία
2526 500 2580 554 δὲ
2620 500 2937 572 προσδοκία,
2968 502 3061 554 καὶ
3104 502 3229 556 ποῖα
3258 500 3480 556 παιδία.
3512 501 3621 554 ἀλλ’
3658 504 3689 573 ἦ
3716 502 3771 557 τὸ

502 576 795 645 pepererit,
826 579 971 647 quod
1024 596 1294 651 nusquam
1328 592 1486 640 antea
1531 586 1874 658 contigerat?
1903 591 2081 659 quod-

502 667 675 735 queis
698 669 790 739 qui
821 669 970 727 illius
998 681 1270 727 estcausa
1299 675 1622 745 productus,
1645 677 1887 735 Joannes
1908 698 1972 736 ex
2001 684 2085 738 di-

2187 590 2462 661 Παρθένον
2493 593 2751 663 γεννῆσαι
2792 592 2919 646 ἄνευ
2963 592 3190 655 ὠδίνων,
3232 592 3378 663 ὅπερ
3428 591 3665 663 οὐδαμοῦ
3692 612 3775 660 γε-

2186 683 2446 751 γένηταις
2484 681 2669 734 καὶτὸ
2696 680 2789 733 τὸν
2828 680 2895 733 δι’
2935 681 3097 734 αὐτὸν
3144 680 3252 733 άπὸ
3301 679 3599 733 Ἑλισάῦετ
3646 680 3776 734 κατὰ

494 758 629 843 ¹νίηει
689 760 1057 828 promissione
1093 762 1410 821 Elizabetha
1463 776 1761 839 prognatus
1810 770 1903 835 sit,
1958 773 2085 827 licet

2205 772 2523 841 ίπαγγελίαν
2600 771 2932 843 γεννηθέντα
2997 772 3249 840 Ἰωάννην
3313 772 3524 836 παῖδα,
3587 773 3635 824 εί
3692 776 3774 825 καὶ

506 848 657 901 illum
680 846 969 921 antequam
994 866 1212 922 pareret
1244 866 1417 911 mater
1447 858 1807 927 parturierit?
1836 858 2084 925 Quanam

504 954 633 1008 ergo
657 937 833 997 fronte
857 941 1063 996 nudum
1098 945 1373 1001 hominem
1413 948 1583 1005 fuisse
1614 948 1952 1007 Salvatorem
1985 969 2085 1006 au-

506 1029 638 1084 dent
667 1035 950 1089 asserere?
974 1036 1123 1106 quod
1162 1038 1209 1093 si
1243 1054 1430 1095 verum
1470 1048 1640 1107 esset,
1686 1057 1868 1098 nonne
1896 1044 2085 1114 cogni-

509 1121 656 1177 tione
680 1125 1074 1195 comprehendi
1103 1139 1307 1197 posset,
1348 1141 1541 1186 contra
1568 1149 1732 1203 quam
1764 1134 1832 1189 de
1865 1149 1930 1189 eo
1964 1134 2089 1190 llie—

508 1213 707 1271 remias
741 1220 1005 1273 testetur?
1029 1219 1224 1288 Homo,
1250 1223 1447 1292 inquit,
1473 1233 1571 1289 est,
1600 1234 1650 1279 et
1678 1227 1795 1296 quis
1819 1237 2089 1298 cognoscet

504 1305 673 1372 ipsum
707 1306 723 1336 ¹
745 1305 999 1365 iEtenim
1031 1312 1099 1365 de
1126 1326 1191 1365 eo
1217 1312 1445 1383 loquens
1469 1314 1733 1384 propheta
1767 1316 1913 1371 istud
1937 1332 2091 1371 usur-

507 1404 599 1466 pat
627 1416 639 1451 :
676 1397 808 1466 Quis
840 1413 1113 1472 cognoscet
1136 1405 1344 1472 ipsum?
1380 1403 1544 1476 Atqui
1565 1406 1884 1477 simplicem
1913 1408 1959 1464 si
1989 1410 2088 1463 ho-

508 1493 711 1545 minem
760 1492 1047 1565 intelligat,
1078 1495 1305 1550 omnino
1348 1496 1433 1551 vel
1463 1512 1587 1553 eum
1629 1505 1784 1567 pater
1827 1499 1965 1570 ipse,
2009 1500 2091 1555 vel

511 1589 710 1650 mater,
739 1587 1068 1656 cognatique
1096 1601 1310 1653 omnes,
1348 1603 1412 1644 ac
1444 1589 1630 1657 vicini,
1656 1598 1769 1646 tum
1801 1593 2094 1647 contuber-

511 1676 663 1732 nales
698 1691 761 1731 ac
788 1678 936 1735 cives
968 1690 1383 1752 cognoscerent.

580 1766 699 1822 iam
736 1784 867 1825 vero
899 1775 1158 1840 quoniam
1196 1772 1272 1827 ita
1317 1772 1501 1830 Mariae
1532 1775 1624 1831 ille
1672 1775 1814 1834 fetus
1860 1778 2092 1840 exstitit,

2202 863 2454 935 Ἰωάννης
2493 862 2560 916 δι’
2595 863 2800 916 ὠδίνων
2833 862 3191 933 γεγέννηται;
3231 861 3364 926 Πῶς
3407 858 3506 915 οὖν
3552 858 3691 916 οῦτοι
3721 865 3775 915 ὲκ

2191 956 2507 1026 σπέρματος
2549 955 2703 1025 ψιλὸν
2748 955 3036 1027 ἄνθρωπον
3068 952 3347 1025 ὁρίζονται
3382 954 3480 1007 τὸν
3515 955 3771 1025 Σωτῆρας

2190 1047 2309 1110 πῶς
2345 1048 2402 1101 δὲ
2433 1049 2493 1101 οὐ
2540 1047 2937 1117 γνωσθήσεται,
2963 1046 3040 1109 ὡς
3068 1046 3163 1098 καὶ
3211 1044 3497 1116 Ἱερεμίας
3530 1047 3659 1116 περὶ
3687 1046 3776 1098 αὺ-

2189 1138 2283 1192 τοῦ
2314 1140 2425 1210 (56)
2459 1156 2643 1209 φησιν,
2679 1140 2760 1194 ὃτι
2805 1141 3149 1207 Ἄνθρωπός
3189 1139 3345 1204 ἐστι,
3381 1138 3486 1192 καὶ
3516 1139 3609 1205 τίς
3644 1138 3776 1209 γνώ-

2191 1245 2361 1285 σεται
2398 1228 2620 1295 αὐτόν;
2674 1232 3044 1303 Διηγούμενος
3077 1231 3187 1303 γὰρ
3239 1231 3269 1284 6
3324 1232 3623 1302 προφήτης
3662 1232 3777 1302 περὶ

2193 1321 2358 1376 αὑτοῦ
2394 1322 2576 1391 ἐλεγε’
2617 1324 2712 1389 Τίς
2756 1323 3044 1393 γνώσεται
3089 1324 3313 1388 αὑτόν;
3354 1323 3422 1375 Ei
3448 1321 3506 1375 δὲ
3547 1323 3673 1394 περὶ
3694 1324 3775 1392 ψι-

2193 1413 2284 1467 λοῦ
2318 1414 2503 1483 ἔλεγεν
2545 1413 2858 1485 ἀνθρώπου,
2888 1415 3105 1478 πάντως
3151 1414 3218 1468 ἂν
3251 1414 3351 1468 καὶ
3398 1416 3429 1468 6
3466 1413 3650 1485 πατὴρ
3689 1413 3777 1467 αὑ-

2194 1507 2283 1560 τὸν
2316 1506 2602 1575 ἐγίνωσκε,
2634 1507 2728 1560 καὶ
2756 1507 2788 1575 ή
2836 1508 3039 1579 μήτηρ,
3073 1509 3362 1575 συγγενεῖς
3397 1523 3457 1560 τε
3493 1506 3586 1559 καὶ
3618 1506 3776 1575 γείτο-

2194 1614 2302 1662 νες,
2344 1596 2602 1667 σύσκηνοί
2630 1614 2688 1650 τε
2721 1598 2815 1651 καὶ
2843 1597 3190 1668 συμπολίται.

2282 1776 2418 1830 Ἀλλ’
2462 1776 2651 1848 ἐπειδὴ
2696 1777 2761 1829 ὲκ
2816 1776 3035 1846 Μαρίας
3091 1775 3191 1846 μέν
3239 1775 3365 1827 ἐστι
3410 1772 3476 1826 τὸ
3529 1771 3776 1841 γέννημα,

513 1861 656 1916 idem
692 1870 751 1917 ut
774 1861 869 1918 Dei
899 1861 1137 1921 Verbum
1165 1881 1195 1921 e
1224 1866 1363 1921 coelo
1397 1867 1662 1937 prodierit
1692 1887 1705 1923 :
1742 1885 1920 1941 neque
1949 1870 2094 1925 virili

2205 1869 2405 1923 Ξνωθεν
2436 1869 2493 1922 δὲ
2524 1865 2686 1940 ἦλθεν
2725 1871 2753 1923 6
2794 1868 2927 1931 Θεὸς
2958 1868 3153 1937 Λόγος,
3184 1868 3286 1921 οὐκ
3315 1866 3431 1920 ἀπὸ
3486 1862 3776 1936 σπέρματος

511 1954 577 2007 de
604 1955 832 2018 semine,
875 1955 971 2011 sed
1006 1956 1217 2012 emlesti
1251 1965 1404 2028 patre
1433 1959 1674 2027 genitus,
1705 1960 1825 2017 sine
1852 1970 2095 2032 tempore

512 2045 779 2117 initioque
814 2048 945 2114 ullo,
986 2051 1282 2119 postremis
1313 2052 1652 2122 temporibus
1682 2052 1735 2106 in
1769 2060 1984 2107 uterum
2014 2054 2097 2107 in—

510 2139 734 2194 sinuare
767 2156 827 2196 se
857 2139 1115 2213 Virginis,
1151 2141 1548 2214 formatamque
1573 2160 1638 2199 ex
1669 2159 1735 2200 ea
1759 2159 1980 2200 carnem
2024 2145 2099 2199 in-

509 2231 679 2288 duere
709 2231 919 2288 voluit;
959 2242 1269 2305 prepterea,
1305 2234 1480 2291 llomo
1508 2237 1719 2308 quidem
1740 2247 1839 2303 est,
1875 2239 1972 2303 ait,
2007 2238 2098 2293 sed

508 2323 627 2393 quis
671 2334 943 2395 cognoscet
980 2325 1191 2393 ipsum?
1217 2328 1660 2399 quandoquidem
1705 2329 1849 2386 Deus
1878 2347 1908 2386 c
1957 2333 2100 2387 C(elo

508 2412 815 2478 descendit,
872 2414 1106 2485 unigena
1135 2414 1328 2480 Filius,
1379 2432 1443 2473 ac
1495 2417 1637 2476 Deus
1685 2418 1947 2474 Verbum.
1994 2419 2100 2475 Sed

509 2502 852 2559 incredibilis
876 2504 1126 2574 qumdam
1153 2514 1237 2560 est
1266 2508 1638 2563 aberrantium
1663 2524 1694 2562 a
1719 2509 1947 2565 veritate
1969 2511 2103 2564 isto-

511 2612 634 2651 rum
685 2594 1003 2661 infelicitas,
1060 2599 1155 2668 qui
1210 2599 1624 2668 prophetarum,
1672 2602 2103 2672 angelorumque

512 2688 847 2745 testimoniis
872 2689 1077 2745 relictis
1117 2689 1182 2744 ad
1208 2690 1525 2745 btereticum
1550 2690 1815 2747 Ebionem
1857 2693 2106 2748 adhaere-

514 2795 671 2838 scere
694 2780 1031 2846 maluerunt,
1060 2781 1153 2852 qui
1188 2796 1254 2837 ex
1290 2782 1458 2836 animi
1506 2783 1591 2841 sui
1620 2784 1847 2840 libidine
1874 2784 2104 2841 Judaica

515 2874 771 2930 instituta
799 2875 1120 2944 complexus
1151 2890 1273 2931 sese
1307 2883 1488 2931 tamen
1526 2891 1555 2931 a
1588 2876 1791 2933 Iudaeis
1822 2879 2101 2933 abaliena-

516 2966 611 3019 vit.
646 2963 859 3035 Quippe
890 2962 1109 3020 Gabriel
1139 2980 1263 3019 eum
1314 2966 1568 3020 nuntium
1610 2981 1770 3023 suum
1806 2968 1873 3021 ad
1924 2965 2106 3037 Virgi-

514 3072 637 3113 nem
658 3055 947 3128 perl‘erret,
972 3067 1297 3112 occurrente
1337 3057 1427 3111 illa
1464 3076 1475 3111 :
1509 3057 1785 3123 Quomodo
1816 3060 1905 3128 ﬁet
1936 3058 2101 3125 istud,

511 3150 762 3221 quoniam
793 3148 961 3202 uirum
988 3163 1089 3200 non
1118 3162 1369 3217 cognosco
1396 3150 1421 3202 7
1446 3163 1555 3217 quo
1590 3148 1876 3204 securitati
1906 3163 2104 3204 consu-

512 3242 647 3297 leret
685 3240 887 3311 adjecit
922 3258 936 3294 :
974 3238 1209 3310 Spiritus
1249 3239 1467 3294 Domini
1501 3242 1823 3310 superveniet
1864 3242 1919 3295 in
1952 3251 2020 3307 te,
2053 3251 2102 3296 et

512 3334 680 3389 virtus
713 3332 985 3387 Altissimi
1020 3330 1354 3387 obumbrabit
1393 3341 1440 3387 te
1472 3348 1489 3386 :
1518 3332 1734 3404 ideoque
1766 3334 1976 3404 etquod
2009 3351 2105 3388 na-

511 3433 690 3478 scetur
735 3440 800 3479 ea:
834 3433 882 3479 te
919 3432 1183 3489 sanctum,
1234 3425 1512 3478 vocabitur
1552 3424 1732 3497 Filius
1790 3424 1883 3479 Dei
1916 3428 1959 3481 ³.
2001 3425 2104 3481 Ubi

520 3532 618 3587 per
657 3516 772 3570 haec
800 3515 989 3580 verba,
1036 3514 1195 3586 145
1234 3514 1374 3585 quod
1405 3524 1673 3579 nascetur,
1724 3516 1793 3570 ab
1839 3516 1957 3586 ipsa
1985 3531 2107 3571 car-

517 3622 668 3671 nem,
700 3614 758 3662 et
810 3605 1081 3677 quidquid
1138 3607 1204 3661 ad
1250 3607 1541 3661 humanam
1600 3617 1856 3663 naturam
1913 3611 2107 3664 attinet

516 3700 743 3757 duxisse
768 3699 1043 3770 signiﬁcat
1073 3718 1085 3753 :
1127 3708 1239 3754 tum
1270 3700 1527 3755 virtutem
1569 3700 1856 3769 Altissimi,
1887 3718 1950 3758 ac
1982 3703 2108 3773 Spi-

517 3794 686 3848 ritum
733 3798 988 3848 sanctum
1034 3806 1067 3847 e
1116 3792 1258 3846 cmlo
1297 3800 1543 3847 sanctam
1579 3791 1858 3864 Virginem
1905 3795 2106 3849 obum-

520 3887 748 3951 brasse;
781 3882 1186 3953 unigenamque
1221 3881 1314 3937 Dei
1348 3881 1544 3937 Filium
1587 3899 1648 3939 ac
1672 3883 1839 3940 Deum
1869 3883 2103 3941 Verbum

520 3977 577 4033 in
606 3985 786 4033 terras
828 3975 1138 4047 delapsum,
1176 3976 1450 4031 hominem
1499 3990 1623 4033 esse
1670 3976 1897 4043 factum,
1935 3992 1999 4033 ac
2039 3978 2107 4035 de

515 4069 677 4125 beata
706 4066 932 4139 Virgine
959 4082 1150 4123 revera
1174 4074 1544 4139 procreatum.
1573 4068 1748 4136 Quam
1777 4069 1945 4123 multa
1978 4078 2108 4126 sunt

517 4160 835 4218 istiusmodi
881 4162 1232 4219 testimonia!
1291 4160 1405 4233 Ego
1462 4177 1591 4217 vero
1642 4163 2105 4233 quemadmodum

516 4254 795 4327 pollicitus
819 4269 964 4321 sum,
999 4270 1067 4311 ne
1100 4254 1314 4325 longior
1355 4254 1458 4310 hoc
1493 4255 1548 4310 in
1581 4269 1747 4325 opere
1775 4269 1899 4311 esse
1921 4270 2103 4325 COgar,

517 4348 684 4404 latius
710 4346 928 4417 evagari
968 4361 1077 4401 non
1104 4346 1274 4401 soleo.

587 4438 733 4495 XXI.
775 4439 952 4495 Venio
979 4455 1127 4493 nunc
1166 4438 1234 4491 ad
1265 4453 1329 4493 ea
1359 4454 1481 4508 quae
1513 4437 1581 4493 de
1605 4436 1770 4492 Petro
1794 4453 1857 4493 ac
1894 4438 2107 4493 caeteris

2198 1961 2412 2033 ἀνδρὸς,
2461 1960 2576 2014 ἀλλ’
2629 1962 2693 2013 ἐκ
2746 1959 2951 2031 πατρὸς
2998 1959 3120 2030 μὲν,
3155 1956 3369 2014 ἄνωθεν
3423 1954 3697 2024 γεννηθεὶς
3729 1956 3777 2003 ἐν

2199 2053 2429 2126 ἀληθείᾳ
2459 2052 2704 2124 ἀχρόνως
2740 2053 2834 2106 καὶ
2862 2052 3134 2123 άνάρχως,
3176 2051 3263 2103 ἐπ’
3299 2047 3555 2118 ἐσχάτων
3599 2044 3653 2097 δὲ
3683 2043 3776 2095 τῶν

2201 2146 2423 2219 ἡμερῶν
2446 2146 2745 2216 εὐδοκήσας
2771 2145 2829 2197 ὲν
2866 2146 3050 2216 μήτρᾳ
3076 2141 3336 2212 γενέσθαι
3365 2139 3664 2211 Παρθένου,
3695 2134 3792 2188 καὶ.

2200 2237 2261 2302 ἐξ
2316 2236 2487 2306 αὐτῆς
2539 2237 2849 2291 ἀναπλάσαι
2897 2237 2977 2299 είς
3030 2234 3223 2289 ἑαυτὸν
3256 2232 3382 2303 ,τὴν
3442 2232 3639 2301 σάρκα.
3691 2225 3775 2279 Διὰ

2199 2327 2380 2391 τοῦτο,
2419 2328 2573 2397 φησὶ,
2610 2329 2704 2381 καὶ
2734 2328 3070 2395 Ἄνθρωπος
3094 2326 3210 2395 μέν
3237 2325 3373 2378 ἐστι
3394 2339 3406 2352 °
3437 2324 3529 2388 τίς
3560 2321 3625 2373 δὲ
3647 2318 3775 2389 γνώ-

2202 2434 2371 2475 σεται
2408 2418 2631 2483 αῠτόν;
2662 2418 2744 2470 ὅτι
2788 2417 2920 2479 Θεὸς
2960 2416 3166 2471 ἄνωθεν
3193 2411 3384 2486 ἦλθεν,
3427 2416 3455 2467 6
3507 2409 3774 2483 μονογενὴς

2203 2509 2335 2571 Θεὸς
2374 2508 2566 2576 Λόγος.
2603 2506 2780 2577 Πολλὴ
2813 2506 2870 2560 δὲ
2917 2504 3263 2576 ταλαιπωρία
3298 2503 3411 2557 τῶν
3444 2498 3773 2568 πεπλανημὲ-

2203 2619 2331 2663 νων,
2365 2598 2475 2653 τῶν
2514 2597 2959 2667 καταλειψάντων
3005 2596 3104 2666 μὲν
3139 2593 3445 2666 προφητῶν
3495 2588 3773 2663 μαρτυρίας

2206 2694 2300 2745 καὶ
2355 2690 2622 2759 ἀγγέλων,
2674 2689 2769 2743 καὶ
2803 2688 3190 2758 ἀνασχομένων
3255 2686 3516 2746 Ἐὃὶωνος
3567 2680 3652 2734 τοῦ
3683 2694 3771 2729 πε-

2206 2780 2381 2851 πλάνη
2390 2779 2573 2849 μένου,
2608 2777 2701 2830 τοῦ
2735 2777 2834 2849 τὴν
2863 2776 3058 2830 ἑαυτοῦ
3083 2773 3275 2847 ἡδονὴν
3315 2773 3638 2845 βουλομένου
3662 2768 3771 2837 πλη-

2208 2874 2357 2944 ροῦν,
2393 2872 2487 2925 καὶ
2519 2871 2590 2925 τά
2649 2870 2917 2925 Ἰουδαῖκᾶ
2955 2867 3505 2941 μεταχειριζομένοο),
3554 2864 3640 2917 καὶ
3679 2860 3768 2914 ἀπὸ

2220 2965 2485 3019 Ἰουδαίων
2534 2963 2990 3035 ἠλλοτριωμένου.
3038 2963 3125 3027 Ὠς
3172 2964 3200 3015 6
3246 2962 3347 3032 μὲν
3398 2956 3649 3027 Γαϐριὴλ,
3695 2954 3767 3006 ὅτε

2206 3063 2272 3132 τῇ
2325 3061 2586 3133 Παρθένῳ
2644 3059 3052 3131 εὐηγγελίζετο,
3104 3058 3273 3128 αὐτῆς
3325 3054 3607 3125 λεγούσης,
3656 3047 3767 3111 Πῶς

2207 3154 2381 3207 ἔσται
2414 3154 2620 3219 ταῦτα,
2660 3153 2749 3206 ὅτι
2779 3152 2969 3221 ἄνδρα
3006 3154 3079 3205 οὐ
3118 3150 3433 3221 Tiribazo);
3463 3147 3523 3201 τὸ
3561 3141 3768 3211 ἀσφαλὲς

2209 3248 2595 3319 ὑποτιθέμενος
2646 3247 2786 3317 ἔφη·
2841 3246 3083 3315 Πνεῦμα
3125 3245 3349 3313 Κυρίου
3405 3240 3764 3297 ἐπελεύσεται

2206 3340 2305 3393 ἐπὶ
2354 3342 2448 3401 σὲ,
2500 3340 2597 3393 καὶ
2649 3339 2902 3409 δύναμις
2946 3340 3242 3408 ’Υψίσζου
3285 3334 3623 3392 ἐπισκιάσει
3661 3342 3762 3381 σοι.

2209 3434 2302 3485 Διὸ
2327 3433 2422 3485 καὶ
2460 3430 2525 3483 τὸ
2569 3433 2946 3501 γεννώμενον
2979 3434 3048 3486 ἐκ
3082 3433 3199 3486 σοῦ
3232 3424 3763 3501 ἄγροικκλδιθήσεται

2218 3523 2351 3587 Υἱὸς
2404 3523 2573 3577 Θεοῦ.
2620 3524 2707 3575 Ἐν
2762 3520 2841 3592 τῷ
2889 3522 2998 3593 γὰρ
3046 3524 3220 3575 εἰπεῖν
3273 3522 3343 3574 τὸ
3405 3515 3762 3588 ret-rdinum}

2208 3613 2376 3679 ἔδειξε
2430 3616 2527 3686 μὲν
2570 3615 2668 3686 τὴν
2720 3615 2899 3687 σάρκα
2949 3615 3044 3667 ἀπ’
3091 3614 3290 3683 αὐτῆς,
3344 3613 3441 3666 καὶ
3486 3610 3581 3679 τὴν
3622 3603 3761 3669 ἀλλην

2209 3705 2642 3776 ἐνανθρώτιησιν,
2679 3705 2887 3759 ἄνωθεν
2915 3705 2972 3757 δὲ
3009 3706 3103 3758 ἀπ’
3137 3703 3386 3775 οὐρανῶν
3428 3699 3523 3770 τὴν
3567 3695 3761 3759 δύναμιν

2207 3800 2304 3852 τοῦ
2342 3799 2624 3869 Ὑψίστου,
2677 3798 2864 3852 καὶτὸ
2904 3798 3057 3865 ἆγιον
3087 3794 3315 3865 Πνεῦμα
3366 3788 3666 3846 ὲπισκιάσαι
3704 3779 3758 3847 τῇ

2211 3890 2344 3961 ἁγίᾳ
2374 3888 2658 3960 Παρθένῳ,
2691 3889 2785 3941 καὶ
2836 3886 3043 3941 ἄνωθεν
3090 3881 3527 3954 καταϐεϐηκέναι
3560 3874 3639 3928 τὸν
3679 3883 3759 3961 μοῖ

2209 3956 2399 4049 νογενῆ
2431 3956 2565 4031 Θεοῦ
2599 3956 2732 4030 Θεὸν
2760 3977 2952 4044 Λόγον,
2986 3976 3080 4030 καὶ
3125 3974 3200 4037 ὼς
3244 3969 3641 4045 ὲνηνθρὼπησεν
3683 3956 3759 4011 καί

2209 4074 2285 4136 ὼς
2311 4073 2404 4124 ἀπ’
2457 4069 2627 4140 αὐτῆς
2675 4070 2735 4122 ἐν
2779 4066 3010 4139 ἀληθείᾳ
3057 4065 3345 4137 ἐγεννήθη.
3400 4062 3542 4117 Πόσα
3571 4055 3622 4110 δὲ
3648 4049 3760 4140 άλλα

2211 4164 2329 4217 ἐστὶ
2380 4137 2638 4217 τοιαῦται
2695 4137 2881 4215 Ειωῡαί
2932 4137 3011 4225 δὲ,
3062 4159 3138 4220 ὡς
3186 4156 3526 4227 ὑπεσχόμην,
3574 4146 3641 4219 μὴ
3685 4137 3756 4192 διὰ

2211 4256 2449 4319 πλάτους
2499 4254 2785 4327 φέρεσθαι,
2821 4254 2908 4307 ἴνα
2946 4251 3020 4324 μὴ
3063 4252 3143 4317 είς
3180 4250 3345 4319 ὄγκον
3396 4246 3554 4301 πολὺν
3596 4234 3756 4304 ἀγάγω

2209 4346 2307 4418 τὴν
2337 4345 2736 4418 πραγματείαν.

2286 4414 2414 4495 ΚΛᾸ.
2459 4441 2595 4512 Περὶ
2622 4440 2680 4493 δὲ
2710 4439 2820 4493 τῶν
2859 4438 3034 4493 ἄλλων
3082 4430 3591 4506 ὲξῆς“διηγήσομαι,
3705 4428 3753 4466 τε

520 4532 787 4602 apostolis
836 4530 1209 4587 mentiuntur.
1270 4527 1486 4595 Petrus,
1543 4529 1834 4600 inquiunt,
1890 4529 2100 4584 lavabat

2212 4537 2354 4587 κατὰ
2380 4510 2588 4604 Πέτρου
2616 4532 2711 4586 καὶ
2743 4533 2851 4584 τῶν
2889 4530 3065 4585 ἄλλων
3095 4527 3409 4582 ἀποστόλων
3436 4510 3753 4604 καταψεᾴδον.

517 4621 785 4692 quotidie,
818 4621 1138 4692 priusquam
1176 4620 1362 4675 cibum
1401 4629 1663 4675 sumeret.
1699 4618 1758 4673 in
1789 4635 1900 4690 quo
1928 4621 2108 4675 circu-

520 4715 756 4769 latorum
786 4714 1057 4784 ejusmodi
1103 4712 1479 4769 incredibilem
1517 4712 1875 4776 calumniam,
1914 4727 1980 4768 ac
2011 4729 2108 4769 va-

519 4806 803 4862 ferrimum
842 4807 898 4862 in
929 4821 995 4862 ea
1029 4805 1294 4863 tradenda
1331 4804 1624 4876 disciplina
1672 4805 1965 4860 consilium
2022 4804 2104 4859 in-

517 4907 691 4955 tuere.
749 4896 962 4954 Etenim
1017 4899 1164 4969 quod
1219 4897 1583 4968 inquinamur
1632 4897 1853 4968 saepius,
1899 4913 1963 4952 ac
2012 4914 2108 4967 per

515 4988 798 5045 lasciviam
825 4988 1085 5060 pleraque
1113 4989 1168 5043 in
1198 4990 1307 5042 vita
1339 4997 1589 5059 peccant,
1622 5004 1732 5059 quo
1760 4987 1863 5043 sibi
1895 4995 2101 5043 certam

516 5095 670 5151 spem
699 5095 763 5136 ac
795 5078 1051 5138 liduciam
1084 5079 1398 5146 concilient,
1431 5094 1571 5149 aqua
1605 5078 1812 5150 largius
1845 5085 2098 5142 utuntur,

515 5181 578 5226 ut
610 5171 822 5243 seipsos
860 5170 1160 5242 decipiant,
1193 5169 1323 5225 dum
1348 5170 1597 5240 repetitis
1623 5170 1778 5225 hisce
1806 5170 2098 5226 lavationi-

515 5261 623 5322 bus
654 5281 822 5337 puros
853 5281 915 5323 se
958 5281 1084 5323 esse
1119 5278 1282 5336 posse
1310 5263 1613 5321 conﬁdunt.
1640 5263 1815 5334 Atque
1854 5263 1970 5319 haec
2004 5278 2100 5335 per

593 5422 609 5453 ¹
643 5419 841 5479 Jerem.
885 5438 1020 5491 xvu,
1046 5423 1100 5479 9.
1178 5421 1352 5479 ’Luc.
1387 5437 1428 5486 ι,
1463 5422 1551 5489 54,
1577 5422 1666 5476 35.

592 5573 705 5644 (56)
753 5577 865 5649 ὨςΔ
890 5578 987 5649 καὶ
1019 5580 1305 5649 Ἱερεμίας
1349 5579 1485 5647 περὶ
1538 5579 1745 5633 αὐτοῦ.
1787 5576 1983 5649 Neque
2022 5576 2110 5649 hic

527 5643 773 5719 loeus_t1d
803 5643 1339 5719 Christum'proprie
1378 5643 1649 5719 pertinet:
1682 5643 1900 5703 tametsi
1939 5648 2106 5718 pleri-

566 5712 773 5789 με’-ΡΙ).
805 5712 874 5767 ad
902 5728 1025 5767 eum
1057 5712 1277 5789 sensu-tn
1308 5712 1614 5782 traxerint;
1644 5734 1784 5787 quos
1815 5712 2105 5789 reprehen-

523 5726 631 5835 aue
675 5726 773 5768 I’l’.
805 5726 874 5767 ad
902 5728 1025 5767 eum
1057 5733 1277 5772 sensum
1308 5726 1614 5782 traxerint;
1644 5734 1784 5787 quos
1815 5726 2105 5789 reprehen-

565 5788 604 5835 ιι
632 5779 1017 5852 Hieronymus.
1049 5785 1220 5858 Cujus
1243 5789 1463 5859 quidem
1494 5789 1962 5860 interpretationis
1988 5804 2112 5844 cau-

2209 4644 2319 4681 ται.
2359 4602 2506 4687 Ὅτι,
2550 4626 2734 4696 φησὶν,
2783 4626 2812 4676 6
2864 4623 3070 4694 Πέτρος
3123 4620 3245 4675 καθ’
3293 4619 3526 4683 ἑκάστην
3574 4602 3750 4696 ἡμέραν

2211 4716 2542 4787 βαπτισμοῖς
2575 4695 2863 4785 ἐκέχρητο,
2900 4714 3030 4783 πρὶν
3071 4712 3105 4782 ἦ
3159 4711 3254 4765 καὶ
3290 4710 3456 4780 ἄρτου
3497 4695 3643 4755 αὑτὸν
3673 4701 3749 4787 μες

2208 4773 2596 4878 ταλαμέάνειν.
2644 4773 2777 4859 Καὶ.
2802 4773 2905 4877 ὅρα
3046 4773 3225 4856 αῦτῶν
3257 4773 3748 4878 συέιοφάντημανμῗίαξ

2208 4899 2270 4952 τὸ
2300 4864 2532 4953 ῦττουλον
2553 4899 2653 4968 τῆς
2683 4864 3030 4968 ἀγυρίεώδους
3048 4893 3226 4947 αὐτῶν
3252 4864 3602 4945 διδαάαλίας’

2209 4992 2303 5046 τοῦ
2336 4991 2448 5063 γὰρ
2481 4960 2680 5053 αὐτο-ῦς
2719 4960 3037 5060 μεμιάνθαι,
3072 4985 3167 5039 καὶ
3194 4981 3555 5053 λαγνεστέρως
3584 4960 3743 5060 mnf”

2211 5102 2297 5148 κις
2331 5082 2501 5136 πολλὰ
2535 5082 2796 5152 πράττειν
2824 5080 2917 5133 ἐπὶ
2950 5079 3049 5149 τῆς
3076 5079 3200 5149 γῆς,
3245 5079 3324 5139 είς
3360 5063 3635 5138 πεισμονὴν
3663 5065 3743 5152 Et];

2209 5142 2420 5227 έαῦτῶν
2446 5142 2821 5243 πληροφορίας
2850 5169 2930 5240 τῷ
2957 5142 3113 5222 ὓδατί
3137 5142 3381 5236 δαψιλῶς
3411 5158 3643 5233 χρῶνταιν
3672 5142 3739 5243 tt“

2207 5263 2367 5335 δῆθεν
2402 5229 3005 5333 ἐαυτὸῦςιάἶπατῄήσωσι,
3044 5259 3133 5313 διὰ
3174 5229 3492 5329 βάπισμιῦν
3519 5246 3640 5316 ἔχειν
3663 5229 3741 5298 τὴν

3011 5567 3103 5638 (illi
3139 5566 3208 5621 ab
3239 5564 3455 5638 Hebr-xeo
3477 5567 3523 5612 et
3551 5546 3733 5638 Vulgata

2209 5591 2324 5630 sam
2356 5573 2536 5627 attulit
2556 5571 2696 5626 LXX
2724 5570 2886 5625 lectio
2942 5587 2955 5621 :
3011 5570 3103 5638 qui
3139 5570 3208 5621 ab
3240 5570 3455 5618 Hebraeo
3477 5570 3523 5612 el
3557 5570 3732 5622 ""3""

2212 5646 2515 5668 .ι;-....η..,.-..
2594 5642 2725 5668 vv...“
2765 5640 3027 5668 u..t...-:....
3073 5653 3177 5668 ,νην
3215 5636 3337 5668 με...
3406 5612 3732 5668 ἐκερτιιῑαὺιίθν

2207 5646 2544 5713 discrepant.
2593 5642 2725 5696 Nam
2762 5631 3043 5695 Hchraica'
3073 5653 3179 5692 vox
3215 5636 3357 5723 ωξδ,
3406 5631 3613 5687 inscrttta

2203 5753 2319 5879 slive
2350 5750 2673 5817 despcrabile
2696 5745 2987 5819 signiﬁcat.
3017 5745 3086 5798 At
3115 5742 3192 5798 illi
3211 5726 3354 5803 vim
3387 5742 3478 5795 hoc
3501 5723 3727 5787 οειίιοηεον

2240 5829 2487 5879 exerunt.

2240 5829 2487 5894 egerunt.
