3982 6444
419 356 522 411 Ml
726 358 731 365 ’
1092 361 1468 423 ADVERSUS
1507 363 1853 422 HERESES
1891 367 2015 422 LIB.
2062 369 2099 423 l.
2144 368 2305 425 ΤΟΜ.
2351 369 2497 424 IL—
2537 367 2808 424 lleliES.
2850 366 3017 423 XXX.
3584 365 3688 425 “2

420 472 698 574 itabapotv
720 474 1052 544 νομίζοντες.
1082 480 1194 533 Καὶ
1216 481 1389 537 ταῦτα
1417 485 1496 548 είς
1526 486 1653 549 τοὺς
1679 486 1992 551 ἀποστόλους

2116 505 2381 545 summam
2422 489 2811 545 contumeliam
2843 490 2899 543 in
2933 488 3210 559 apostolos
3253 483 3547 543 transferre
3577 504 3688 543 non

418 567 777 637 ὲμπαροινεῖν
822 569 923 622 οὐκ
972 569 1339 642 αἰσχύνονται.
1400 576 1593 630 Καίτοι
1641 578 1736 631 τοῦ
1795 579 1990 653 Κυρίοι

2114 580 2462 636 erubescunt.
2525 578 2847 650 Quanquam
2913 578 3174 634 Dominus
3224 580 3438 633 illorum
3495 582 3686 649 nequi-

418 656 739 728 ἐλέγχοντος
796 659 976 714 αὐτῶν
1011 661 1108 733 τὴν
1147 667 1539 735 κακοτροπίαν,
1572 668 1631 721 ἐν
1656 667 1734 740 τῷ
1783 669 1875 724 τὸν
1910 671 1990 727 Πέι

2119 671 2243 726 liam
2274 669 2563 728 manifeste
2613 671 2913 741 redarguit,
2963 685 3089 725 cum
3121 669 3185 723 ad
3231 668 3375 724 Petri
3424 671 3691 726 lavandos

416 764 552 819 τρον
585 749 887 821 εἰρηκέναι,
939 751 1027 806 ὅτε
1059 748 1190 824 ἦλθε
1235 756 1361 819 τοὺς
1399 756 1567 821 πόδας
1615 759 1780 812 αὐτοῦ
1832 760 1982 831 νίψαι

2154 765 2275 818 sdes
2306 761 2593 827 accedens,
2628 775 2695 817 eo
2730 760 2945 817 dicente
2973 780 2986 815 :
3015 760 3138 815 Non
3163 760 3360 815 lavabis
3378 762 3508 814 milli
3533 763 3685 831 pedes
3723 743 3726 748 ’

415 840 505 893 ὅτι
539 842 623 895 Οὐ
652 840 739 911 μὴ
769 842 958 912 νίψῃς
992 845 1135 911 τοὺς
1165 845 1357 914 πόδας
1377 866 1498 925 μου
1534 852 1622 916 είς
1660 852 1766 904 τὸν
1798 851 1984 908 αίῶνα

2112 856 2163 908 in
2194 866 2468 915 aiternum,
2519 851 2751 922 subjecit
2781 852 2926 907 illico
2954 871 2968 906 :
3005 851 3128 907 Nisi
3158 853 3331 906 lavero
3360 852 3511 921 pedes
3547 861 3684 918 tuos,

416 935 529 1026 ita}.
552 935 651 1006 τὴν
687 937 1069 1009 ἀνθυποφορὰν
1109 940 1214 993 ὑπὸ
1240 940 1333 995 τοῦ
1384 943 1637 1014 Σωτῆρος
1668 944 1889 1009 ἐξιέναι,
1925 946 1983 998 ὅτ

2114 962 2216 1000 non
2251 944 2464 999 habebis
2494 955 2701 1014 partem
2724 946 2989 999 mecum".
3026 945 3108 999 Ad
3131 959 3251 1014 quas
3269 943 3432 1000 Petro
3455 960 3686 1016 respon-

431 1025 573 1080 Ἐὰν
593 1028 680 1097 μὴ
714 1029 873 1098 νίψω
916 1047 1033 1086 σου
1059 1032 1205 1100 τοὺς
1246 1034 1457 1102 πόδας,
1486 1038 1598 1090 οὐκ
1643 1038 1803 1106 ἔχεις
1823 1037 2003 1106 μέρος

2113 1038 2315 1095 dente:
2354 1037 2476 1092 Non
2509 1038 2680 1092 solum
2725 1037 2900 1107 pedes,
2949 1038 3040 1092 sed
3084 1048 3133 1091 et
3190 1047 3389 1107 caput;
3422 1038 3685 1092 Dominus

410 1121 547 1188 μετ’
586 1120 752 1190 ἐμοῦ.
802 1123 1072 1178 Κάκείνου
1121 1125 1283 1181 πάλιν
1330 1128 1883 1200 ἀνταποκρινομένου,
1926 1129 1982 1181 ὅτ

2113 1130 2309 1199 adjecit
2342 1150 2354 1184 :
2391 1130 2496 1197 Qui
2531 1131 2668 1184 lotus
2698 1139 2776 1184 est
2806 1131 2984 1193 semel,
3019 1146 3120 1183 non
3154 1145 3282 1197 opus
3307 1139 3408 1195 est,
3442 1140 3498 1182 ut
3529 1140 3685 1199 caput

420 1214 511 1266 Οὐ
537 1214 730 1282 μόνον
778 1215 922 1283 τοὺς
962 1217 1174 1285 πόδας,
1216 1220 1377 1274 ἀλλὰ
1415 1220 1515 1273 καί
1563 1221 1677 1289 τὴν
1706 1219 1992 1289 κεφαλὴν1

2110 1220 2268 1284 lavet,
2304 1221 2395 1274 sed
2430 1220 2582 1290 pedes
2611 1220 2912 1273 duntaxat:
2944 1220 3179 1275 estenim
3228 1222 3454 1275 mundus
3479 1231 3621 1275 totus
3641 1222 3682 1271 ’.

417 1304 589 1374 φησὶν
647 1304 676 1357 ὀ
732 1306 969 1378 Κύριος,
1022 1309 1104 1361 ὅτι
1164 1309 1227 1363 '0
1285 1310 1666 1380 λουσάμενος
1723 1310 1885 1374 ἅπαξ
1933 1312 1989 1365 oi

2114 1311 2321 1379 Quibus
2357 1312 2541 1368 verbis
2566 1311 2865 1367 declaravit
2900 1311 3263 1367 lavationibus
3287 1312 3580 1383 ejusmodi,
3624 1328 3686 1367 ac

417 1395 633 1464 χρείαν
662 1397 787 1465 ἔχει
818 1398 935 1467 τὴν
968 1401 1264 1469 κεφαλὴν,
1292 1404 1342 1457 εί
1376 1402 1464 1473 μὴ
1491 1403 1631 1469 τοὺς
1670 1403 1861 1470 πόδας
1895 1404 1989 1472 μό-

2114 1404 2532 1476 supervacaneis
2593 1404 2809 1481 ritibus,
2852 1403 3245 1474 hominumque
3290 1405 3562 1459 mandatis
3623 1419 3686 1459 ac

414 1502 536 1538 νον
563 1502 578 1517 ο
617 1486 751 1541 ἐστι
789 1488 902 1557 γὰρ
951 1489 1213 1559 καθαρὸς
1259 1491 1423 1558 ὅλος.
1491 1491 1731 1558 Ἔδειξεν
1772 1488 1887 1558 οὖν,
1924 1494 1982 1548 ὅτ

2114 1496 2377 1552 doctrinis
2413 1497 2489 1551 ttti
2524 1495 2662 1550 nihil
2703 1496 2956 1550 attinere.
2995 1494 3094 1550 Cui
3132 1496 3350 1566 quidem
3394 1505 3686 1552 consenta-

414 1574 482 1627 οὑ
512 1574 619 1645 χρὴ
669 1574 999 1648 βαπτισμοῖς
1030 1578 1286 1650 χρῆσθαι,
1328 1580 1422 1634 καὶ
1460 1579 1639 1634 ἔθεσιν
1676 1582 1982 1651 ἀνωφελέσι

2115 1602 2208 1642 nea
2232 1594 2382 1653 sunt,
2417 1601 2537 1659 quas
2562 1601 2591 1640 a
2616 1586 2853 1657 quodam
2876 1588 3140 1657 propheta
3167 1588 3426 1642 dicuntur
3461 1606 3474 1641 :
3510 1586 3687 1655 Popu-

416 1668 517 1719 καὶ
572 1667 903 1739 ἑντάλμασιν
958 1670 1283 1742 ἀνθρώπων,
1336 1674 1433 1727 καὶ
1483 1673 1876 1741 διδασκαλίαις,
1930 1675 1988 1734 ὡς

2118 1680 2191 1735 lus
2219 1681 2318 1735 iste
2347 1680 2506 1736 labiis
2547 1696 2628 1734 me
2656 1680 2902 1744 honorat,
2940 1696 3032 1733 cor
3057 1691 3234 1734 autem
3276 1680 3514 1748 ipsorum
3541 1680 3690 1747 longe

416 1757 518 1811 καὶ
541 1759 602 1812 ὲν
630 1759 802 1831 ἑτέρῳ
825 1762 1144 1833 Εὑαγγελίῳ
1181 1763 1392 1834 συνῳδά
1430 1765 1508 1837 τῷ
1536 1768 1791 1839 προφήτῃ
1823 1766 1988 1835 λέγει

2120 1782 2186 1826 est
2218 1789 2251 1826 a
2279 1786 2392 1837 me;
2424 1771 2631 1842 frustra
2671 1786 2789 1825 vero
2832 1772 3010 1826 colunt
3055 1788 3156 1835 me,
3204 1775 3447 1826 docentes
3492 1772 3692 1825 doctri-

430 1848 497 1903 Ὀ
521 1850 672 1950 νίαὸς
699 1847 878 1919 οὗτος
909 1853 1035 1921 τοῖς
1064 1855 1300 1924 χείλεσί
1324 1874 1402 1926 με
1426 1856 1586 1927 τιμᾷ,
1620 1859 1659 1926 ἠ
1689 1859 1759 1913 δὲ
1785 1860 2001 1930 καρδία

2150 1880 2227 1929 as,
2275 1840 2532 1917 mandata
2589 1862 2861 1916 hominum
2910 1863 2954 1916 ³.
3009 1861 3153 1929 Quid
3199 1869 3284 1918 est
3339 1864 3484 1917 enim
3547 1862 3722 1932 quod—

414 1942 622 1994 αὐτῶν
667 1944 863 2011 πόίρω
896 1945 1105 2016 ἀπέχει
1156 1947 1258 2000 ἀπ’
1304 1948 1472 2017 ἐμοῦ.
1528 1948 1736 2019 Μάτην
1776 1951 1845 2006 δὲ
1896 1952 1986 2007 σέ-

2120 1952 2419 2009 Pharisaeos
2470 1968 2533 2008 ac
2585 1953 2799 2010 scribas
2855 1955 3154 2024 arguebat,
3195 1953 3339 2023 quod
3391 1953 3692 2023 baptismos

417 2032 629 2086 σον-ταί
653 2051 750 2103 με,
778 2034 1173 2113 διδάσκοντες
1201 2037 1622 2105 διδασκαλίας,
1659 2040 1989 2110 ἐντάλματα

2120 2047 2432 2103 adhiberent
2466 2062 2753 2103 urceorum
2801 2056 2854 2102 et
2888 2047 3141 2112 calicum,
3177 2061 3240 2099 ac
3287 2055 3604 2100 cmterorum
3640 2044 3692 2098 id

414 2123 766 2192 ἀνθρώπων.
857 2126 1010 2180 Ἐπεὶ
1068 2128 1210 2183 κατά
1271 2131 1428 2185 πδίαν
1486 2133 1664 2185 αἰτίαν
1724 2133 1986 2202 ὲμέμφετε

2121 2154 2278 2210 genus
2317 2139 2363 2206 ⁸,
2394 2148 2448 2197 et
2489 2140 2685 2195 crebro
2713 2153 2912 2194 manus
2950 2138 3428 2193 abluerent?cum
3476 2140 3551 2191 ita
3602 2135 3693 2192 de-

412 2215 549 2277 τοὺς
587 2215 912 2286 Φαρισαίους
957 2220 1046 2271 καὶ
1096 2224 1447 2292 γραμματεῖς
1500 2224 1626 2286 τοὺς
1673 2222 1984 2295 βαπτισμοῖς

2118 2247 2256 2287 mum
2291 2231 2653 2302 pronuntiat:
2693 2230 2872 2285 lllotis
2923 2227 3165 2284 manibus
3205 2228 3528 2282 manducare
3588 2244 3690 2282 non

415 2307 736 2376 χρωμένους
780 2308 981 2374 ξεστων
1032 2313 1127 2365 ναὶ
1177 2313 1452 2385 ποτηρίων
1509 2316 1601 2369 καὶ
1641 2316 1749 2368 τῶν
1799 2316 1987 2370 ἀλλων

2121 2323 2388 2393 inquinare
2412 2321 2672 2377 hominem
2702 2323 2745 2375 ⁸.
2800 2320 2982 2385 Quare
3020 2334 3130 2374 non
3166 2333 3354 2373 eorum
3405 2318 3568 2372 modo
3614 2318 3693 2370 lo-

417 2396 516 2448 xal.
568 2400 758 2469 πυγμῇ
811 2400 909 2463 τάς
962 2404 1151 2474 χεῖρας
1196 2404 1587 2475 νιπτομένους,
1643 2407 1734 2459 καὶ
1784 2406 1989 2470 τελείως

2117 2413 2288 2467 tiones
2312 2411 2611 2475 damnavit,
2646 2409 2805 2481 146
2836 2409 2931 2465 sed
2978 2417 3032 2464 et
3082 2422 3279 2462 manus
3329 2407 3552 2461 abluere
3595 2421 3689 2460 su-

414 2488 799 2557 ἀποφαίνεται,
852 2492 934 2545 ὅτι
978 2494 1039 2546 τὸ
1083 2495 1381 2561 Ἀνίπτοις
1426 2499 1639 2565 χερσὶν
1667 2499 1895 2552 ἐσθίειν
1932 2501 1986 2553 oi

2118 2518 2506 2575 pervacaneum
2554 2517 2677 2558 esse
2719 2501 2927 2566 docuit,
2972 2516 3150 2571 neque
3211 2499 3387 2553 fraudi
3437 2498 3690 2568 cuiquam

417 2580 622 2633 κοινοῖ
651 2581 757 2635 τὸν
797 2582 1151 2653 ἄνθρωπον;
1189 2587 1354 2640 ’Ὠστε
1399 2589 1460 2641 οὑ
1519 2588 1677 2659 μόνον
1714 2590 1776 2641 τὸ
1809 2588 1989 2658 βαπτί·

1519 2588 1677 2659 μόνον
1714 2590 1776 2641 τὸ
1809 2588 2002 2658 βαπτί-
2109 2609 2252 2659 esse,
2289 2592 2435 2664 quod
2465 2608 2662 2649 manus
2695 2592 2832 2646 nolit
2864 2591 3072 2646 eluere.

417 2671 611 2736 ζεσθαι
646 2674 848 2730 τούτων
878 2677 1195 2748 ἀνέτρεψεν,
1229 2679 1366 2734 ἀλλά
1405 2682 1497 2734 καὶ
1552 2681 1613 2733 τὸ
1673 2681 1821 2751 νίψαι
1855 2685 2044 2754 χεῖρας
2082 2686 2336 2756 περιττὸν
2384 2681 2521 2738 εἶναι
2570 2683 2767 2750 ἔδειξε,
2811 2686 2906 2738 καὶ
2955 2683 3033 2754 τῷ
3078 2683 3386 2754 βουλομένῳ
3431 2680 3531 2741 τὰς
3579 2681 3697 2749 χεῖ-

420 2784 526 2840 ρας
562 2769 971 2835 (57ὶνίπτεσθαι
1004 2774 1080 2846 μὴ
1110 2769 1251 2828 εῖναι
1285 2775 1510 2847 βλάίῖην.

492 2861 621 2917 ΚΒ’.
663 2863 786 2928 Πῶς
823 2865 879 2919 δὲ
909 2869 1035 2936 περὶ
1084 2870 1439 2941 κρεωφαγίας
1480 2872 1579 2925 οὐκ
1632 2872 1791 2937 εὐθὺς
1834 2876 1867 2945 ὴ
1905 2874 2001 2927 αὐ-

2174 2871 2340 2930 ΧΧΙΙ.
2402 2871 2522 2927 Jam
2579 2872 2726 2942 quod
2780 2872 2847 2926 ad
2915 2887 3073 2927 usum
3138 2871 3386 2925 carnium
3453 2877 3687 2940 spectat,

417 2951 530 3004 τῶν
574 2952 729 3009 ἄνοια
768 2955 1193 3030 ὲλεγχθήσεται;
1248 2962 1469 3033 Πρῶτον
1522 2962 1620 3034 μὲν
1652 2962 1744 3016 τοῦ
1795 2964 1989 3035 Κυρίοι

2117 2978 2288 3017 nonne
2316 2978 2507 3017 eorum
2541 2964 2726 3018 statim
2763 2967 2999 3018 amentia
3034 2956 3418 3029 convincitur?
3452 2960 3689 3017 Primum

420 3046 694 3113 ἐσθίοντος
740 3051 802 3104 τὸ
843 3053 1028 3124 πάσχα
1063 3055 1171 3109 τῶν
1230 3056 1531 3110 Ἰουδαίων·
1583 3058 1768 3128 πάσχα
1813 3057 1868 3110 δὲ
1896 3057 1992 3109 τῶκ.

2124 3052 2261 3123 ιι]οά
2285 3051 2553 3115 Dominus
2587 3051 2898 3108 Judaaorum
2945 3055 3148 3123 pascha
3198 3052 3517 3107 comederit.
3551 3052 3696 3105 Cott-

438 3140 709 3196 Ίουδαίων
752 3146 1020 3216 πρόϐατον
1068 3143 1138 3218 ἦν
1183 3149 1277 3202 καὶ
1308 3148 1514 3220 ἄζυμα,
1545 3150 1682 3220 κρέα
1730 3148 2003 3221 προϐάτου

2124 3144 2290 3199 stabat
2316 3152 2496 3198 autem
2531 3145 2735 3215 pascha
2770 3143 3084 3199 Judaeorum
3134 3159 3292 3213 agno,
3335 3159 3397 3197 ac
3439 3143 3556 3198 sine
3588 3142 3696 3197 fer-

423 3231 569 3285 ὀπτά
608 3235 739 3305 πυρὶ
782 3236 1092 3308 ἐσθιόμενα,
1123 3238 1197 3302 ὡς
1227 3240 1322 3293 καὶ
1348 3242 1397 3293 οἱ
1446 3240 1686 3310 μαθηταὶ
1727 3240 1890 3293 αὐτοῦ
1918 3240 1995 3292 λέ-

2123 3242 2294 3288 nento
2354 3234 2598 3290 subactis
2657 3236 2891 3305 panibus
2938 3254 2952 3288 ε
3015 3235 3138 3303 agni
3214 3250 3375 3303 porro
3435 3234 3695 3289 carnibus

420 3340 619 3393 γουσι·
668 3326 793 3381 Ποῦ
841 3326 1034 3395 θέλεις
1080 3330 1489 3400 ἑτοιμάσωμέν
1535 3348 1633 3384 σοι
1685 3330 1900 3400 φαγεῖν
1938 3333 1992 3386 τὲ

2120 3327 2255 3382 vesci
2286 3342 2404 3383 mos
2442 3338 2559 3381 erat
2613 3326 2814 3383 assatis
2846 3327 2980 3396 igni,
3015 3326 3159 3396 quod
3211 3332 3264 3379 et
3315 3325 3547 3394 apostoli
3592 3325 3692 3394 ipsi

422 3416 635 3486 πάσχα
647 3434 666 3481 ;
700 3420 811 3473 Καὶ
842 3420 1005 3485 αὐτὸς
1046 3423 1074 3474 ὁ
1105 3421 1308 3493 Κύριος
1336 3422 1483 3490 λέγει
1505 3440 1516 3452 ·
1579 3424 1893 3477 Ἀπέλθετε
1921 3427 1994 3490 είς

2122 3427 2399 3475 .estantur.
2447 3418 2547 3472 Ubi
2578 3419 2675 3484 vis,
2702 3418 2978 3488 inquiunt,
3021 3432 3265 3485 paremus
3299 3416 3394 3468 tibi
3423 3416 3694 3470 comedere

421 3510 543 3579 τὴν
578 3512 781 3576 πόλιν,
823 3512 922 3566 καὶ
950 3514 1238 3583 εὑρήσετε
1279 3515 1593 3584 ἄνθρωπον
1625 3516 1993 3580 ,βαστάζοντι

2119 3510 2366 3566 Pascha?
2393 3509 2604 3576 Quibus
2636 3507 2900 3563 Dominus
2928 3506 3210 3577 respondit
3244 3526 3255 3561 :
3301 3505 3382 3561 Ite
3416 3509 3465 3560 in
3502 3506 3691 3560 civita-

423 3603 711 3674 κεράμιον
743 3605 981 3673 ὕδατος,
1017 3607 1117 3661 καί
1158 3608 1614 3673 ἀκολουθήσατε
1651 3607 1812 3673 αὐτῷ
1852 3608 1995 3663 ὅποι

2123 3613 2245 3668 rem;
2269 3611 2319 3656 et
2352 3602 2624 3656 invenietis
2657 3599 2915 3653 hominem
2948 3598 3257 3667 amphoram
3290 3614 3441 3666 aqua!
3481 3607 3695 3665 portan-

424 3695 661 3767 ὑπάγει,
694 3697 792 3752 καί
842 3698 1057 3753 εἴπατε
1092 3698 1172 3764 τῷ
1218 3699 1655 3769 οἰκοδεσπότῃο
1706 3701 1830 3755 Ποῦ
1876 3704 1996 3756 ἐστι

2113 3704 2233 3759 tem,
2267 3694 2547 3764 sequimini
2592 3708 2711 3747 eum
2741 3709 3043 3762 quocunque
3076 3693 3216 3753 ierit,
3253 3699 3302 3744 et
3331 3690 3488 3742 dicite
3516 3690 3685 3755 patri-

428 3788 493 3844 τὸ
521 3789 853 3860 κατάλυμα,
887 3791 1039 3845 ὅπου
1070 3792 1306 3861 ποιήσω
1348 3794 1412 3846 τὸ
1454 3792 1663 3861 πάσχα
1694 3793 1845 3861 μετὰ
1889 3792 2000 3847 τῶν

2121 3785 2347 3838 familias
2381 3801 2399 3838 :
2435 3783 2535 3838 Ubi
2589 3794 2665 3837 est
2706 3784 3074 3846 diversorium,
3099 3784 3187 3837 ubi
3228 3783 3424 3851 pascha
3463 3796 3581 3834 cum
3608 3780 3693 3831 di-

420 3878 707 3951 μαθητῶν
728 3899 849 3951 μου
872 3901 889 3948 ;
916 3882 1021 3937 Καὶ
1053 3881 1236 3947 δείξει
1264 3882 1405 3952 ὑμῖν
1428 3881 1700 3952 ὑπερῷον
1719 3882 1992 3953 ἐστρωμέ-

2122 3878 2327 3944 tcipulis
2360 3878 2487 3930 meis
2518 3876 2762 3945 faciam?
2807 3875 2876 3929 Et
2918 3875 3153 3929 ostendet
3195 3875 3336 3928 vobis
3368 3872 3694 3927 ccenaculum

422 3989 569 4028 νονο
617 3972 745 4027 ἐκεῖ
787 3973 1160 4044 ἑτοιμάσατε.
1213 3975 1383 4029 Πάλιν
1432 3975 1489 4029 δὲ
1536 3976 1698 4040 αὐτὸς
1738 3978 1766 4029 ὁ
1807 3975 1994 4047 Κύριος

2121 3977 2335 4022 stratum
2350 3982 2368 4020 :
2382 3978 2429 4021 et
2442 3967 2516 4021 ibi
2525 3968 2754 4034 parate“.
2778 3966 3086 4036 lterumque
3100 3965 3379 4020 Dominus:
3400 3964 3693 4024 Desiderio,

421 4063 611 4131 λέγει·
681 4065 991 4135 Ἐπιθυμίᾳ
1041 4065 1393 4136 ἐπεθύμησα
1446 4066 1624 4120 τοῦτο
1687 4066 1753 4119 τὸ
1801 4066 1993 4135 πάσχι

2122 4058 2207 4121 ait,
2226 4056 2522 4111 desideravi
2538 4058 2635 4111 hoc
2662 4057 2858 4125 pascha
2890 4056 3214 4111 manducare
3237 4055 3498 4110 vobiscum
3524 4055 3564 4107 '.
3590 4052 3694 4108 Nc<

420 4155 639 4226 φαγεῖν
673 4157 802 4226 μεθ’
850 4148 1037 4226 ὑμῶν,
1077 4158 1188 4211 Καὶ
1232 4159 1332 4212 οὐκ
1380 4155 1530 4211 εἶπεν
1575 4157 1763 4221 ἀπλῶς
1800 4158 1992 4228 πάσχα

2124 4162 2216 4218 lue
2250 4146 2453 4216 pascha
2489 4147 2811 4217 simpliciter
2851 4148 3010 4211 dixit,
3072 4149 3168 4203 sed
3220 4148 3323 4201 hoc
3355 4147 3595 4216 pascha;
3629 4161 3696 4199 ne

425 4246 570 4304 ἀλλά
599 4246 758 4300 τοῦτο
792 4248 854 4301 τὸ
892 4248 1099 4318 πάσχα,
1129 4248 1217 4301 ἵνα
1249 4250 1322 4319 μή
1347 4265 1433 4312 τις
1472 4248 1768 4319 μεθοδεύσῃ
1798 4250 1879 4311 είς
1911 4250 1997 4319 sip

2123 4238 2236 4308 quis
2268 4236 2472 4291 dictum
2506 4238 2636 4292 illud
2673 4238 2901 4293 subdole
2931 4238 2998 4292 ad
3046 4237 3356 4309 opinionem
3399 4251 3552 4290 suam
3603 4250 3695 4288 ac-

422 4337 624 4394 ὲαυτοῦ
655 4338 929 4393 ὑπόνοιαν.
959 4340 1154 4410 Πάσχα
1185 4340 1243 4393 δὲ
1268 4336 1357 4411 ἦν,
1394 4339 1469 4403 ὼς
1495 4334 1668 4405 εἷπον,
1706 4340 1844 4412 κρέα
1870 4339 1994 4392 dmi

2121 4330 2504 4386 commodaret.
2559 4332 2637 4385 Ac
2694 4331 2900 4400 pascha
2948 4330 3081 4385 illud
3137 4345 3332 4385 carnes
3382 4336 3561 4389 erant,
3616 4328 3693 4381 uti

423 4431 586 4503 πυρὶ,
618 4432 712 4485 καὶ
743 4431 812 4485 τὰ
845 4431 1000 4485 ἄλλα.
1037 4432 1202 4485 Αὐτοὶ
1238 4431 1316 4498 δὲ,
1357 4432 1720 4502 ἀφανίσαντες
1758 4430 1853 4503 ἀφ’
1887 4433 1995 4485 ἑαυ-

2121 4423 2375 4487 diximus,
2412 4425 2523 4494 igni
2554 4432 2728 4491 tostae,
2761 4440 2884 4479 cum
2937 4425 3060 4478 aliis
3093 4423 3441 4495 quibusdam.
3494 4424 3562 4475 At
3615 4422 3693 4475 illi

422 4524 537 4579 τῶν
563 4525 661 4596 τὴν
687 4523 788 4594 τῆς
814 4524 1073 4595 ἀληθείας
1100 4523 1441 4591 ἀκολουθίαν,
1474 4524 1709 4596 ἧλλαξαν
1736 4525 1796 4577 τὸ
1828 4525 1989 4597 ῥητὸν

2120 4516 2360 4571 veritatis
2408 4516 2550 4572 serie
2601 4531 2668 4571 ex
2714 4518 2935 4588 ingenio
2967 4519 3203 4581 sublata,
3238 4517 3402 4570 verba
3438 4516 3527 4568 illa
3572 4529 3692 4568 mu-

423 4620 566 4689 ὄπερ
619 4618 739 4672 ἐστὶ
791 4619 927 4671 πᾶσι
995 4616 1232 4689 φανερὸν
1283 4619 1349 4670 ὲκ
1400 4616 1509 4670 τῶν
1567 4616 1995 4687 συνεζευγμένωι.

2121 4614 2318 4671 larunt,
2356 4608 2501 4677 quod
2535 4615 2620 4663 est
2651 4624 2716 4664 ex
2749 4609 3065 4678 conjunctis
3112 4607 3447 4663 dictionibus
3477 4607 3693 4661 unicui-

423 4710 650 4787 λέξεων.
694 4710 805 4763 Καὶ
834 4708 1099 4780 ἐποίησαν
1135 4708 1263 4771 τοὺς
1299 4707 1547 4779 μαθητὰς
1585 4708 1681 4778 μὲν
1715 4708 1995 4776 λέγονταςε

2123 4715 2221 4772 que
2246 4702 2617 4770 perspicuum.
2648 4702 2829 4766 Quare
2859 4701 3159 4771 discipulos
3195 4701 3267 4755 ita
3299 4700 3586 4770 loquentes
3618 4698 3695 4750 fa-

425 4801 555 4856 Ποῦ
589 4798 783 4865 θέλεις
813 4796 1223 4869 ἑτοιμάσωμέν
1254 4812 1354 4852 σοι
1397 4797 1466 4850 τὸ
1509 4796 1719 4867 πάσχα
1761 4797 1997 4866 φαγεῖν,

2122 4797 2267 4854 ciunt
2294 4818 2307 4853 :
2338 4797 2440 4853 Ubi
2466 4798 2540 4851 vis
2569 4814 2816 4868 paremus
2842 4798 2940 4852 tibi
2969 4799 3235 4853 comedere
3267 4796 3462 4866 pascha
3485 4798 3510 4850 .9
3538 4795 3694 4849 Chri-

426 4895 529 4949 καὶ
570 4892 733 4948 αὐτὸν
757 4892 916 4965 δῆθεν
950 4890 1213 4961 λέγοντα³
1263 4890 1357 4962 Μὴ
1390 4890 1657 4961 ἐπιθυμίᾳ
1688 4889 1998 4961 ἐπεθύμησα

2122 4901 2263 4947 stum
2296 4908 2428 4948 vero
2451 4891 2519 4945 ad
2553 4906 2618 4946 ea
2648 4889 3064 4961 respondentem
3092 4910 3104 4945 :
3134 4890 3386 4959 Nunquid
3420 4887 3694 4942 desiderio

426 4987 600 5058 κρέας
627 4983 787 5040 τοῦτο
829 4984 893 5038 τὸ
935 4982 1122 5054 πάσχα
1150 4984 1345 5051 φαγεῖν
1374 4981 1493 5053 μεθ’
1524 4982 1711 5053 ὑμῶν;
1748 4982 1918 5035 Πόθεν
1954 4981 1998 5034 δὲ

2122 4984 2423 5040 desideravi
2452 4982 2739 5038 comedere
2766 4997 2990 5037 carnem
3020 4982 3123 5035 hoc
3148 4982 3348 5050 pascha
3372 4978 3694 5032 vobiscum?

426 5082 494 5135 οὐ
524 5078 908 5151 φωραθήσεται
933 5079 967 5149 ἠ
999 5074 1180 5131 αὐτῶν
1202 5075 1539 5148 ρᾳδιουργία,
1569 5075 1666 5146 τῆς
1693 5073 1998 5136 ἀκολουθίας

2116 5076 2281 5147 Atqui
2312 5075 2471 5131 facile
2514 5082 2601 5130 est
2638 5075 2960 5130 sceleratam
2997 5073 3138 5127 hanc
3190 5074 3407 5128 illorum
3438 5070 3688 5126 fraudem

428 5171 765 5245 κραζούσης,
812 5172 895 5224 ὅτι
940 5169 1004 5224 τὸ
1051 5170 1121 5242 μῦ
1170 5172 1263 5225 καὶ
1303 5169 1364 5223 τὸ
1395 5164 1504 5241 ἦτά
1549 5169 1665 5221 ἐστι
1717 5164 2000 5237 προσθετά.

2118 5165 2386 5243 detegere,
2425 5179 2548 5221 cum
2584 5179 2646 5219 ea
2683 5179 2804 5235 quae
2831 5171 3141 5234 sequuntur
3177 5173 3361 5234 aperte
3390 5162 3690 5225 clamitent,

442 5264 591 5319 Ἀντὶ
619 5262 713 5317 τοῦ
740 5261 846 5334 γὰρ
871 5262 1066 5326 εἰπεῖν,
1124 5259 1437 5328 Ἐπιθυμίᾳ
1462 5259 1830 5327 ἐπεθύμησα,
1862 5256 2014 5308 αὐτοὶ

2121 5256 2281 5310 ambo
2308 5269 2431 5311 esse
2462 5253 2732 5309 elementa
2776 5267 3065 5323 perperam
3111 5251 3316 5317 addita,
3351 5252 3601 5307 videlicet
3654 5268 3692 5320 μ

429 5353 785 5428 προσέθηκαν
814 5352 979 5422 τὸμὴ
1014 5351 1320 5425 ἐπίρρημα.
1353 5349 1523 5413 Αὐτὸς
1554 5349 1611 5403 δὲ
1649 5347 1863 5418 ἀληθῶς
1892 5346 2001 5400 ἕλε·

2118 5356 2172 5403 et
2201 5367 2256 5418 η.
2290 5346 2424 5401 Nam
2457 5362 2559 5416 pro
2588 5362 2657 5401 eo
2704 5346 2848 5417 quod
2883 5354 2988 5413 est,
3029 5343 3301 5400 desiderio
3355 5344 3690 5408 desideravi,

428 5468 548 5521 γεν,
594 5445 902 5516 Ἐπιθυμίᾳ
932 5446 1284 5516 ἐπεθύμησα
1312 5442 1485 5498 τοῦτο
1525 5442 1593 5496 τὸ
1637 5440 1847 5509 πάσχα
1893 5457 2000 5509 φα-

2117 5441 2229 5505 isti,
2290 5441 2394 5511 μή,
2456 5439 2509 5493 id
2567 5446 2689 5505 est,
2747 5454 2893 5502 nam,
2943 5437 3256 5493 adverbium
3306 5437 3687 5507 adiunxerunt.

506 5609 522 5639 ¹
553 5603 711 5661 Joan.
745 5618 867 5665 IIII,
896 5600 929 5655 6
956 5616 1082 5672 sqq.
1120 5602 1160 5672 _'
1204 5599 1306 5655 Isa.
1341 5615 1508 5672 xxiv.
1535 5599 1617 5653 15.
1687 5597 1705 5625 ¹
1733 5597 1837 5652 lsa.
1868 5611 2019 5664 xxix,
2054 5597 2156 5665 13;
2192 5596 2380 5653 Matth.
2413 5612 2499 5662 xv,
2534 5596 2587 5660 8,
2615 5596 2668 5651 9.
2728 5592 2940 5650 ‘Marc.
2967 5609 3065 5664 vn,
3097 5594 3151 5649 8.
3203 5594 3224 5628 ⁸
3259 5595 3446 5650 Matth.
3484 5611 3572 5659 xv,
3599 5594 3685 5648 ΞΟ.

429 5679 451 5710 ⁸
488 5675 675 5731 Matth.
706 5689 860 5736 xxvr,
901 5669 1018 5727 17f
1043 5669 1083 5703 ’⁷
1118 5669 1248 5726 Luc.
1283 5686 1418 5734 χχιι,
1449 5671 1535 5726 i5.

506 5786 617 5856 (57)
656 5785 763 5840 Kal
794 5781 877 5849 τῷ
893 5780 1249 5851 βουλομένῳ
1271 5780 1378 5849 τὰς
1400 5781 1620 5853 χεῖρας.
1663 5780 1803 5853 Lege
1832 5777 1907 5849 τῷ
1943 5778 2015 5851 μὴ
2047 5779 2372 5851 βουλομένῳ.
