3982 6480
404 423 511 478 ωδ

1079 419 1449 476 ADVERSUS
1481 419 1836 474 llellESES
1878 419 2004 473 LIB.
2052 419 2090 474 Ι.
2132 419 2296 474 ΤΟΜ.
2339 420 2400 474 ll.
2443 453 2508 461 —
2553 422 2827 479 HAZRES.
2869 424 3034 484 XXX.

3569 431 3678 490 ut;

405 541 488 602 είς
531 535 770 609 Χριστὸν
805 533 1201 608 πληρωθείσης,
1233 537 1306 599 ὡς
1337 531 1510 600 εἷπον,
1547 535 1646 599 τὰς
1682 534 1984 606 μαρτυρίας

2090 541 2218 598 tur;
2269 552 2406 604 quos
2456 538 2613 591 illi‘a
2667 541 2865 610 seipsis
2925 539 3330 608 abjmlirarunt.
3379 539 3491 596 Hoc
3528 545 3676 600 enim

403 629 654 699 ἐξέθετο⁸
704 629 797 700 ἀφ’
825 622 898 682 ὧν
941 629 1236 700 προφητῶν
1290 624 1434 682 οὗτοι
1481 628 1704 690 ἑαυτοὺς
1749 627 1988 698 ἀπηλλο-

411 723 666 792 τρίωσαν.
697 719 810 772 Καὶ
841 718 1003 782 εὐθὺς
1049 717 1250 782 ἔδειξεν
1271 759 1284 783 ,
1323 718 1398 781 ὼς
1430 720 1540 782 τοῖς
1571 717 1707 790 πρὸς
1733 717 1989 788 Ἰωάννην

412 813 498 866 τὸν
529 809 844 880 Βαπτιστὴν
878 808 982 862 ὑπὸ
1026 808 1136 860 τῶν
1179 809 1491 880 Φαρισαίων
1541 808 1866 878 πεμφθεῖσιν
1895 807 1991 860 αὑ·-

405 904 498 967 rb;
526 903 782 974 Ἰωάννης
810 899 1184 972 ἀποκρίνεται,
1207 899 1402 967 λέγων·
1429 899 1579 968 Ἐγὼ
1601 899 1769 968 φωνὴ
1797 899 1991 964 βοῶν-

405 976 509 1062 τος
545 995 615 1048 ὲν
656 993 730 1062 τῇ
775 991 1004 1062 ἐρήμῳ·
1037 992 1342 1044 Εὐθύνατε
1385 990 1501 1058 τὴν
1556 990 1700 1043 ὁδὸν
1745 991 1986 1058 Κυρίου·

404 1083 603 1148 καθὼς
633 1079 801 1136 εἶπεν
840 1081 1083 1146 Ἡσαΐας
1119 1082 1152 1132 ὀ
1190 1079 1500 1148 προφήτης
1520 1119 1532 1132 .
1559 1079 1668 1132 Καὶ
1694 1077 1854 1132 πάλιν
1887 1079 1986 1130 αὺ-

407 1179 500 1240 eo;
526 1177 556 1229 ὁ
587 1176 840 1246 Ἰωάννης
871 1173 1042 1240 λέγει,
1077 1171 1185 1225 ἀπὸ
1215 1171 1324 1224 τῶν
1359 1171 1656 1242 προφητῶν
1685 1169 1864 1224 λαϐὼν
1889 1169 1988 1241 τὴν

406 1267 738 1341 μαρτυρίαν,
776 1266 918 1336 φημὶ
961 1265 1015 1316 δὲ
1061 1263 1168 1316 ἀπὸ
1200 1262 1292 1316 τοῦ
1341 1262 1524 1325 Δα6ὶδ,
1579 1262 1667 1314 ὅτε
1715 1263 1743 1314 ὁ
1781 1260 1988 1332 Κύριος

403 1359 507 1424 τὰς
563 1357 839 1428 τραπέζας
890 1353 998 1409 τῶν
1050 1353 1416 1408 κολλυϐιστῶν
1473 1351 1808 1422 κατέστρεψε
1837 1392 1850 1416 ,
1893 1352 1988 1404 καὶ

403 1445 561 1502 εἶπεο
597 1445 694 1514 Μὴ
728 1443 936 1511 ποιῆτε
965 1443 1074 1495 τὸν
1101 1439 1270 1496 οἶκοι·
1294 1441 1401 1494 τοῦ
1429 1442 1658 1508 Πατρός
1689 1459 1800 1502 μου
1824 1437 1989 1494 οἷκον

401 1537 694 1608 ἐμπορίου
729 1533 1180 1604 ’³Εμνήσθησαν,
1223 1533 1306 1586 ὅτι
1349 1527 1418 1602 ἦν
1458 1531 1872 1603 γεγραμμένονο
1928 1532 1991 1584 '0

2093 625 2275 679 statim
2334 629 2488 683 initio
2535 631 2892 697 demonstrat,
2939 631 3202 686 Joannem
3259 633 3557 703 Baptistam
3608 635 3678 692 iis

2093 730 2231 785 quos
2253 718 2317 771 ad
2344 734 2401 774 se
2428 718 2686 774 Pharisaei
2725 724 2985 776 miserant
3004 725 3352 794 respondisse
3385 742 3399 778 :
3436 725 3548 798 Ego
3579 741 3680 780 vos

2093 807 2375 862 clamantis
2413 810 2467 862 in
2498 809 2742 865 deserto:
2777 811 3000 883 Dirigite
3042 817 3180 868 viam
3243 815 3456 870 Domini
3504 819 3679 872 :sicut

2095 899 2222 952 dicit
2253 899 2429 954 Isaias
2459 902 2710 971 propheta
2740 905 2783 958 ².
2817 903 3019 960 Deinde
3065 905 3258 960 iisdem
3297 891 3360 961 ei:
3398 908 3677 978 prophetis

2095 991 2237 1046 aliud
2287 993 2656 1048 testimonium
2707 992 2945 1052 Joannes
3004 997 3246 1061 adducit,
3299 999 3561 1054 nimirum
3611 1015 3679 1056 ex

2094 1080 2312 1149 Davide,
2333 1071 2454 1138 cum
2483 1085 2742 1140 Dominus
2762 1087 3252 1143 nummulariorum
3271 1107 3677 1146 mensasrever-

2095 1173 2178 1238 tit,
2210 1188 2274 1228 ac
2305 1173 2438 1228 dixit
2482 1194 2494 1228 :
2549 1175 2732 1230 Nolite
2773 1177 2947 1247 facere
2974 1179 3187 1232 domum
3229 1179 3406 1236 Patris
3441 1183 3542 1236 mei
3575 1183 3677 1236 do-

2095 1279 2234 1316 mum
2266 1266 2634 1335 negotiationis
2663 1268 2704 1322 ³.
2741 1268 3056 1325 Meminisse
3099 1271 3244 1332 enim
3291 1273 3365 1325 ait
3401 1275 3680 1342 apostolos

2093 1355 2237 1424 quod
2263 1365 2378 1410 erat
2408 1358 2670 1428 scriptum
2699 1378 2713 1410 :
2743 1358 2902 1414 Zelus
2924 1361 3110 1414 domus
3139 1373 3242 1416 tua:
3264 1364 3488 1416 comedit
3529 1381 3608 1417 me
3631 1364 3675 1417 ⁵.

2094 1445 2173 1500 Ac
2205 1463 2423 1502 rursum
2451 1449 2592 1502 idem
2621 1447 2859 1505 Joannes
2887 1450 2966 1504 sic
3007 1451 3284 1522 loquitur:
3329 1453 3464 1508 Vidit
3503 1451 3678 1506 Isaias

2095 1536 2148 1588 in
2190 1537 2392 1604 Spiritu
2425 1550 2610 1592 sancto
2641 1539 2684 1593 ³.
2755 1555 2763 1560 '

404 1628 591 1697 ζῆλος
614 1625 719 1680 τοῦ
746 1625 914 1678 οἴκου
948 1615 1073 1678 σου
1097 1621 1389 1692 κατέφαγέ
1421 1639 1516 1692 με.
1555 1623 1662 1674 Καὶ
1694 1622 1854 1675 πάλιν
1903 1622 2062 1688 αὐτὸς
2093 1627 2345 1692 Ἰωάνντας
2378 1624 2564 1693 εἶπεν,
2609 1630 2690 1682 ὅτι
2734 1631 2980 1698 Ἡσαΐας
3034 1628 3195 1687 elder
3225 1631 3336 1687 ’ὢν
3369 1635 3440 1688 ἐν
3494 1633 3681 1686 Πνεύ-

401 1736 544 1789 pan
577 1717 741 1786 ἁγίῳ.

478 1811 522 1863 Κ
540 1811 606 1861 Δν.
645 1808 814 1862 Πάλιν
840 1808 897 1860 δὲ
928 1809 956 1860 ὁ
985 1805 1146 1868 αὐτὸς
1175 1805 1286 1876 (58)
1321 1805 1472 1874 ἅγιος
1500 1805 1754 1877 Ἰωάννης
1785 1804 1984 1877 κηρύτ-

2161 1804 2353 1863 XXIV.
2405 1807 2666 1863 Praeterea
2726 1823 2849 1864 cum
2908 1809 2962 1864 in
3017 1811 3140 1866 Asia
3185 1813 3533 1882 praedicando
3588 1817 3682 1874 Dei

402 1918 518 1954 των
554 1901 610 1952 ὲν
640 1903 706 1971 τῇ
740 1899 898 1968 Ἀσία
937 1899 1230 1969 ἱστορεῖται
1277 1896 1580 1968 παράδοξον
1612 1897 1771 1969 ἔργον
1805 1915 1857 1951 τι
1888 1915 1988 1950 πε-

329 1993 334 1998 ’
405 1990 654 2064 ποιηκὼς
696 1991 776 2054 εἰς
827 1989 1188 2060 ὑπογραμμὸν
1233 1989 1334 2058 τῆς
1381 1989 1657 2059 ἀληθείας.
1711 1989 1990 2044 Πολιτείαν

403 2082 520 2155 γὰρ
553 2082 690 2154 ἔχων
723 2079 1182 2151 θαυμασιωτάτην
1228 2082 1322 2133 καὶ
1361 2080 1786 2152 συμπρέπουσαν
1825 2079 1988 2133 αὐτοῦ

401 2175 486 2248 τῷ
517 2173 784 2246 ἀξιώματι
811 2173 910 2243 τῆς
939 2171 1262 2234 ἀποστολῆς,
1297 2173 1390 2224 καὶ
1435 2173 1555 2242 μηδ’
1589 2172 1726 2236 ὅλως
1766 2171 1990 2243 λουόμε-

405 2284 521 2332 νος,
555 2263 876 2336 ἠναγκάσθη
911 2264 1016 2316 ὑπὸ
1046 2261 1139 2315 τοῦ
1176 2262 1333 2332 ἁγίου
1361 2264 1498 2316 Πνεύ
1510 2279 1678 2334 ματος
1711 2264 1991 2334 προελθεῖν

403 2357 516 2420 ἕως
543 2373 642 2409 του
673 2353 974 2426 βαλανείου,
1009 2353 1208 2415 εἰπὼν,
1241 2355 1322 2406 ὅτι
1359 2353 1578 2408 Λάϐετέ
1617 2372 1715 2423 μοι
1745 2357 1816 2408 τὰ
1844 2354 1991 2422 πρὸς

398 2445 760 2511 βαλανεῖον.
809 2443 918 2497 Καὶ
975 2443 1084 2495 τῶν
1138 2444 1516 2513 συνεπομένων
1569 2445 1986 2515 θαυμαζόντων,

399 2531 573 2606 ἦλθεν
613 2535 696 2597 είς
737 2533 868 2586 αὐτὸ
892 2533 953 2586 τὸ
982 2533 1222 2604 λουτρόν.
1255 2535 1364 2586 Καὶ
1397 2535 1686 2605 γενόμενος
1731 2536 1869 2606 πρὸς
1898 2536 1990 2590 τὸν

405 2609 638 2680 εἰωθότα
686 2624 1042 2694 ὑποδέχεσθαι
1106 2624 1217 2676 τῶν
1273 2625 1577 2695 λουομένων
1635 2625 1706 2679 τὰ
1761 2628 1986 2698 ἱμάτια,

401 2719 571 2789 ἧρετο
601 2717 687 2780 τίς
734 2715 880 2768 ἔνδον
912 2716 1058 2769 ἐστὶν
1099 2717 1158 2768 ἐν
1199 2715 1278 2786 τῷ
1333 2715 1619 2788 βαλανείῳ·
1665 2721 1692 2771 ὁ
1740 2718 1796 2770 δὲ
1823 2719 1992 2774 ιόλεά-

406 2808 682 2880 ριος(59),
728 2807 822 2860 ἐπὶ
865 2805 942 2877 τῷ
985 2807 1272 2874 φυλάττειν
1329 2807 1518 2875 ἱμάτια
1565 2810 1990 2880 προσκαρτερῶν

407 2901 490 2971 (ὲν
521 2903 636 2962 τοῖς
668 2899 778 2972 γὰρ
807 2899 1130 2970 γυμνασίοις
1169 2898 1328 2969 ἔργον
1370 2899 1528 2952 τοῦτό
1575 2916 1717 2952 τισιν
1753 2901 1989 2970 ὑπάρχει

405 2991 677 3062 πορισμοῦ
708 2991 871 3044 ἓνεκα
901 2991 1002 3060 τῆς
1027 2990 1304 3060 ἐφημέρου
1337 2991 1586 3061 τροφῆς),
1614 2989 1715 3062 ἔφη
1747 2989 1826 3061 τῷ
1853 2991 1992 3061 ἁγίῳ

421 3082 667 3154 Ἰωάννῃ,
707 3082 790 3134 ὅτι
819 3079 1015 3134 Ἐϐίων
1057 3080 1203 3132 ἔνδον
1243 3080 1406 3132 ἐστίν.
1447 3079 1700 3150 Ἰωάννης
1724 3081 1801 3142 δὲ,
1831 3081 1990 3144 εὐθὺς

409 3174 589 3237 συνεὶς
611 3173 709 3244 τὴν
729 3172 819 3226 τοῦ
849 3172 1002 3240 ἁγίου
1030 3170 1345 3242 Πνεῦματος
1369 3172 1608 3242 ὁδηγίαν,
1633 3172 1698 3225 δι’
1723 3173 1789 3242 ἣν
1810 3173 1987 3226 αἰτίαν

407 3265 788 3338 «pompeii/ato
837 3266 998 3320 αὑτὸν
1043 3266 1148 3328 ἕως
1197 3265 1289 3318 τοῦ
1343 3264 1627 3335 βαλανείου
1685 3265 1860 3334 ἥκειν,
1912 3267 1986 3330 ὡς

407 3358 583 3428 ἔφην,
635 3360 850 3430 μνήμης
895 3358 1058 3411 ἓνεκα
1095 3357 1188 3410 τοῦ
1233 3357 1552 3411 καταλιπεῖν
1585 3359 1716 3426 ἡμῖν
1760 3357 1858 3428 τὴν
1887 3359 1986 3429 τῆς

406 3449 666 3520 ἀληθείας
695 3448 971 3512 ὑπόθεσιν,
1013 3449 1094 3500 ὅτι
1135 3448 1280 3510 τίνες
1305 3449 1440 3501 εἰσιν
1465 3449 1514 3500 οί
1547 3447 1720 3500 δοῦλοι
1748 3449 1984 3520 Χριστοῦ

405 3543 504 3594 καὶ
530 3539 810 3593 ἀπόστολοι
835 3539 928 3592 καὶ
959 3539 1067 3591 υἱοὶ
1093 3539 1192 3610 τῆς
1217 3539 1384 3608 αὐτῆς
1412 3539 1668 3609 ἀληθείας
1695 3541 1710 3570 ⁸
1733 3556 1746 3570 ·
1775 3539 1896 3592 τίνα
1926 3539 1986 3593 δέ

405 3635 526 3686 ἐστι
572 3633 640 3686 τὰ
677 3631 843 3702 σκεύη
883 3631 1286 3702 τοῦπονηροῦ,
1338 3631 1436 3683 καὶ
1481 3633 1666 3684 πύλαι
1713 3631 1860 3698 ᾅδου
1896 3631 1982 3700 μὴ

404 3724 844 3792 κατισχύουσαι
889 3721 999 3790 τῆς
1050 3721 1303 3788 πέτρας,
1359 3723 1456 3774 καὶ
1509 3722 1619 3790 τῆς
1659 3724 1751 3775 ἐπ’
1797 3723 1986 3790 αὐτῆς

404 3814 898 3881 οἱκοδομηθείσης
950 3814 1124 3882 ἁγίας
1175 3813 1324 3866 Θεοῦ
1380 3813 1777 3881 Ἐκκλησίεις⁶
1823 3815 1983 3878 εὐθὺς

400 3905 643 3976 ταράξας
680 3905 890 3969 ἑαυτὸν,
939 3903 1034 3956 καὶ
1066 3902 1306 3973 οἰμώξας
1345 3903 1528 3974 ἡρέμα
1561 3907 1642 3968 εἰς
1683 3906 1745 3958 τὸ
1778 3907 1984 3970 πάντας

401 3995 660 4058 ἀκοῦσαι,
707 3996 786 4056 είς
831 3994 1131 4066 μαρτύριον
1167 3996 1566 4066 παραστάσεως
1600 3997 1870 4066 ἀχράντου
1903 3997 1984 4050 δι-

399 4087 718 4150 δασκαλίας,
769 4087 1110 4151 Σπεύσατε,
1157 4085 1430 4154 ἀδελφοί,
1479 4087 1612 4158 ἔφη,
1647 4087 1983 4157 ἐξέλθωμεν

399 4179 702 4239 ἐντεῦθεν,
723 4176 807 4246 μὴ
834 4176 991 4245 πέσῃ
1025 4177 1089 4230 τὸ
1113 4177 1466 4241 βαλανεῖον,
1499 4177 1596 4230 καὶ
1629 4177 1983 4247 ἀπολώμεθα

393 4269 550 4340 μετὰ
599 4269 878 4333 Ἐϐίωνος
923 4268 1029 4322 τοῦ
1076 4267 1260 4322 ἔνδον
1303 4269 1375 4321 ἐν
1419 4268 1500 4333 τῷ
1542 4269 1848 4334 ,ϐαλανείῳ
1884 4270 1981 4323 διὰ

398 4361 523 4430 τὴν
567 4359 754 4414 αὐτοῦ
791 4359 1090 4415 ἀσέϐειαν.
1137 4360 1246 4412 Ka‘t
1287 4360 1472 4432 μηδεὶς
1517 4359 1842 4430 θαυμαζέτω
1889 4363 1981 4414 ἐπὶ

397 4449 481 4523 τῷ
520 4450 752 4506 ἀκοῦσαι
790 4451 1019 4504 Ἐϐίωνα
1045 4451 1268 4523 Ἰωάννῃ
1302 4451 1776 4521 συντετυχηκέναι.
1804 4451 1978 4505 Πολυ-
2013 4480 2054 4533 D

398 4543 613 4614 χρόνιος
633 4543 741 4614 γὰρ
768 4543 1101 4612 καταμείνας
1129 4543 1206 4612 τῷ
1231 4543 1328 4613 βίῳ
1350 4545 1377 4596 ὁ
1407 4543 1674 4613 μακάριος
1702 4542 1976 4612 Ἰωάννης,

397 4633 686 4704 διήρκεσεν
711 4633 838 4704 ἄχρι
875 4633 974 4703 τῆς
1005 4632 1100 4684 τοῦ
1135 4632 1404 4703 Τραϊανοῦ
1449 4633 1742 4702 βασιλείας.
1773 4634 1978 4696 Πάντες

397 4725 460 4778 δὲ
486 4725 536 4776 οι
579 4723 864 4777 ἀπόστολοι
899 4725 982 4776 ὅτι
1016 4723 1435 4795 ἀπαλλοτριοῦσι
1463 4723 1561 4794 τὴν
1603 4724 1698 4777 τοῦ
1721 4724 1976 4788 Ἐϐίωνος

399 4816 586 4870 πίστιν
611 4856 624 4880 ,
660 4816 756 4868 καὶ
789 4814 1074 4886 ἀλλοτρίαν
1123 4815 1399 4884 ἡγήσαντο
1443 4813 1536 4866 τοῦ
1585 4813 1765 4866 αὐτῶν
1808 4813 1976 4884 κηρύ-

397 4921 629 4977 γματος,
657 4905 752 4958 καὶ
789 4903 881 4958 τοῦ
927 4903 1286 4958 ἁποστολικοῦ
1315 4905 1681 4976 χαρακτῆρος,
1716 4905 1876 4957 παντί
1902 4923 1978 4974 τῳ

397 4995 559 5066 δῆλόν
589 4996 724 5050 ἐστι.

471 5171 600 5226 ΚΕ’.
629 5172 764 5242 Περὶ
787 5172 844 5224 δὲ
867 5172 960 5225 τοῦ
987 5173 1142 5240 ἀγιου
1169 5171 1403 5238 Παύλου,
1428 5171 1503 5235 ὡς
1531 5171 1978 5242 βλασφημοῦντες

2091 1896 2259 1950 verbo
2315 1897 2458 1952 idem
2509 1896 2750 1956 Joannes
2810 1900 3123 1967 insisteret,
3182 1911 3242 1958 ut
3293 1909 3482 1976 quanti
3540 1909 3684 1964 veri-

2092 1994 2177 2040 tas
2229 1987 2345 2041 ﬁeri
2387 1988 2605 2044 deberet
2651 1992 2900 2060 exemplo
2949 2008 3049 2046 suo
3091 1997 3322 2062 posteris
3365 2001 3684 2065 prmscribe-

2092 2086 2194 2142 ret,
2244 2072 2440 2132 niirum
2485 2080 2744 2148 quiddam
2794 2089 2843 2136 et
2889 2083 3211 2137 inusitatum
3261 2087 3437 2155 egisse
3483 2089 3679 2157 prodi—

2091 2177 2200 2223 tur.
2229 2169 2364 2224 Cum
2400 2173 2545 2224 enim
2573 2171 2692 2225 vita:
2717 2171 3025 2228 institutum
3067 2184 3274 2230 teneret
3306 2177 3462 2245 plane
3503 2180 3681 2232 admi-

2093 2261 2304 2325 rabile,
2358 2261 2517 2330 eique
2573 2277 2736 2331 quam
2795 2265 3016 2333 gerebat
3069 2267 3380 2333 apostolicae
3429 2268 3678 2338 dignitati

2091 2358 2553 2406 consentaneum:
2581 2353 2716 2405 adeo
2766 2361 2824 2406 ut
2875 2369 3148 2421 nunquam
3189 2357 3413 2410 omnino
3443 2358 3672 2422 lavaret,

2093 2441 2382 2511 aliquando
2430 2448 2608 2495 tamen
2657 2443 2830 2496 sancti
2881 2442 3117 2512 Spiritus
3165 2444 3399 2514 impulsu
3447 2447 3511 2501 ad
3563 2448 3680 2502 bal-

2091 2548 2224 2587 neas
2254 2533 2514 2602 prodiens
2547 2553 2558 2588 :
2594 2531 2799 2602 Capite,
2833 2535 3010 2603 inquit
3041 2534 3106 2587 ad
3140 2551 3289 2598 suos,
3321 2553 3436 2606 qua:
3463 2536 3532 2590 ad
3559 2536 3677 2590 bat-

2093 2641 2244 2679 neum
2272 2626 2567 2678 necessaria
2597 2635 2736 2680 sunt.
2777 2626 3102 2681 Mirantibus
3127 2627 3234 2682 illis
3264 2629 3329 2682 ad
3355 2629 3676 2683 lavationem

2093 2720 2347 2788 perrexit.
2390 2717 2527 2773 Tum
2580 2720 2644 2772 ad
2690 2735 2812 2774 eum
2858 2719 2949 2789 qui
3005 2720 3301 2774 lavantium
3349 2722 3678 2776 vestimenta

2093 2807 2344 2861 servabat
2375 2809 2661 2872 accedens,
2689 2809 2811 2878 quis
2850 2809 2994 2862 intra
3030 2810 3284 2863 balneum
3313 2819 3478 2876 esset,
3517 2812 3675 2866 inter-

2093 2899 2320 2967 rogavit.
2357 2901 2424 2952 At
2459 2899 2700 2954 olearius
2745 2900 2996 2968 idemque
3019 2901 3252 2955 vestium
3294 2909 3482 2958 custos
3515 2903 3679 2971 (hanc

2092 2989 2236 3042 enim
2279 3005 2499 3058 operam
2541 2991 2786 3059 plerique
2827 2991 3006 3044 victus
3059 2991 3364 3060 quotidiani
3403 2994 3573 3062 gratia
3606 2995 3678 3047 -in

2018 3070 2061 3201 (γ
2094 3079 2391 3149 gymnasiis
2424 3082 2700 3151 praestant)
2745 3080 2942 3135 Joanni
2981 3083 3262 3150 respondit
3295 3083 3557 3138 Ebionem
3592 3086 3677 3138 in-

2043 3182 2061 3201 ;
2095 3177 2180 3201 Inc
2215 3184 2337 3201 occa
2385 3169 2501 3201 nun
2539 3171 2724 3201 ηιηιςιη
2778 3171 2964 3201 ι-ιηιςι--ιι
3005 3171 3267 3201 ςηι,ι11η..εο
3318 3190 3575 3201 numam...
3610 3177 3642 3201 :I

2095 3177 2182 3222 tus
2215 3184 2356 3223 esse.
2385 3169 2502 3235 Quo
2537 3171 2744 3236 audito,
2778 3171 2964 3224 statim
3005 3171 3270 3227 intellexit
3315 3190 3576 3244 quorsum
3609 3177 3678 3229 il-

2091 3260 2176 3313 lue
2213 3260 2392 3328 ipsum
2433 3260 2671 3330 Spiritus
2708 3274 2933 3319 sanctus
2984 3265 3323 3328 adduxisset,
3367 3274 3416 3321 et
3461 3275 3520 3320 ut
3559 3267 3677 3320 bal-

2089 3367 2218 3407 neas
2251 3354 2425 3407 adiret
2476 3362 2624 3408 esset
2675 3355 2924 3410 hortatus
2951 3371 2964 3408 :
2993 3357 3252 3410 nimirum
3287 3359 3352 3410 ad
3392 3371 3676 3412 commen-

2087 3445 2344 3508 dandam,
2381 3455 2435 3500 ut
2481 3446 2614 3513 dixi,
2663 3447 2783 3516 ejus
2829 3448 2904 3501 rei
2955 3449 3320 3515 memoriam;
3357 3463 3420 3501 ac
3455 3451 3674 3505 verissi-

2088 3551 2235 3590 mum
2265 3535 2396 3591 illud
2425 3537 2619 3607 dogma
2648 3539 3062 3608 relinquendum
3093 3555 3106 3604 ;
3140 3547 3202 3592 ut
3239 3540 3460 3608 quinam
3490 3550 3674 3596 essent

2085 3629 2288 3684 Christi
2322 3630 2461 3684 servi
2493 3639 2540 3684 et
2571 3632 2838 3700 apostoli,
2873 3646 2940 3685 ac
2969 3632 3214 3686 veritatis
3243 3632 3334 3685 lilii
3363 3633 3674 3690 discernere

2087 3733 2413 3788 possemus;
2460 3721 2684 3790 quinam
2724 3737 2755 3777 e
2793 3723 3070 3777 contrario
3117 3724 3244 3776 mali
3291 3723 3554 3780 daemonis
3601 3729 3674 3779 in-

2087 3817 2411 3872 strumenta,
2453 3811 2844 3882 inferorumque
2883 3823 3072 3882 portw,
3103 3830 3218 3884 qua:
3253 3832 3415 3886 neque
3449 3826 3670 3892 petram,

2084 3916 2244 3970 neque
2291 3903 2343 3954 in
2391 3918 2452 3955 ea
2498 3903 2777 3972 fundatam
2824 3921 2886 3956 ac
2917 3905 3211 3959 stabilitam
3255 3906 3548 3962 Ecclesium
3579 3923 3673 3964 su-

2083 4007 2274 4058 perare
2301 4001 2526 4062 possent
2551 3995 2591 4048 ⁶.
2623 3995 2793 4065 Igitur
2821 3987 3064 4052 Joanne's
3114 4007 3339 4068 repente
3375 4001 3672 4056 conturba-

2084 4089 2194 4146 tus,
2226 4093 2386 4152 atque
2423 4087 2786 4155 ingemiscens
2817 4087 3030 4153 leniter,
3067 4097 3124 4142 ut
3174 4090 3244 4144 ab
3286 4092 3540 4147 omnibus
3581 4101 3670 4146 ta-

2083 4188 2204 4227 men
2231 4176 2474 4228 exaudiri
2514 4187 2714 4245 posset,
2745 4177 2908 4246 idque
2952 4178 3173 4247 integrae
3203 4195 3267 4232 ac
3307 4181 3536 4237 sincerm
3569 4183 3668 4236 do-

2081 4262 2268 4316 ctrinae
2289 4263 2664 4317 testimonium
2701 4271 2982 4320 exstaret:
3014 4266 3176 4338 149
3213 4266 3522 4337 Properate,
3555 4271 3669 4340 [ra-

2083 4360 2208 4417 tres,
2235 4354 2430 4422 inquit,
2475 4353 2723 4408 abeamus
2755 4355 2894 4423 hinc,
2933 4373 2996 4410 ne
3039 4357 3239 4412 balneae
3279 4360 3582 4428 concidant,
3619 4373 3668 4418 et

2083 4462 2201 4500 cum
2241 4447 2458 4510 Ebione,
2493 4447 2584 4518 qui
2626 4450 2769 4504 intus
2802 4460 2901 4515 est,
2936 4451 2998 4505 ob
3049 4453 3162 4520 ejus
3211 4455 3532 4525 impietatem
3575 4460 3669 4512 ob-

2085 4555 2325 4593 ruamur.
2354 4537 2540 4610 Neque
2585 4555 2710 4596 vero
2751 4543 2940 4596 mirari
2983 4545 3273 4614 quisquam
3317 4547 3494 4615 debet,
3535 4550 3665 4604 dum

2085 4628 2256 4683 Ebion
2287 4629 2597 4686 occurrisse
2627 4629 2822 4687 Joanni
2862 4633 3080 4689 dicitur.
3115 4635 3214 4692 Hic
3245 4637 3390 4692 enim
3429 4640 3522 4695 diu
3571 4643 3667 4696 ad-

2083 4719 2302 4773 modum
2355 4719 2510 4781 vixit,
2565 4728 2618 4775 et
2668 4721 2734 4776 ad
2781 4722 3002 4793 Traiani
3051 4729 3300 4795 pervenit
3353 4729 3662 4799 imperium.

2083 4808 2253 4864 Porro
2294 4827 2402 4866 non
2452 4811 2688 4868 Joannes
2733 4817 2919 4880 modo,
2965 4819 3056 4872 sed
3101 4827 3154 4873 et
3197 4834 3386 4876 omnes
3439 4839 3666 4892 prorsus

2085 4903 2313 4970 apostoli
2350 4902 2572 4958 Ebionis
2603 4905 2760 4958 iidem
2792 4909 3103 4978 repudiarit,
3133 4921 3187 4964 et
3223 4925 3255 4964 a
3290 4913 3406 4967 suis
3440 4913 3666 4983 dogma-

2085 4994 2252 5057 tibus,
2276 5002 2438 5063 atqne
2471 4998 2770 5065 apostolico
2801 4999 2894 5052 illo
2913 5001 3228 5056 charactere
3256 5003 3485 5057 alienam
3511 5005 3662 5074 judi-

2083 5093 2246 5138 cant:
2283 5084 2336 5136 id
2359 5084 2502 5152 quod
2536 5087 2828 5156 unicuique
2867 5091 3211 5159 perspicuum
3239 5101 3338 5147 est.

2155 5173 2318 5229 XXV.
2353 5175 2507 5240 Quod
2551 5191 2676 5230 vero
2723 5178 2792 5232 ad
2823 5179 3040 5234 beatum
3087 5180 3314 5235 Paulum
3354 5183 3566 5248 attinet,
3603 5185 3657 5240 in

505 5327 520 5358 ³
554 5345 639 5394 πρ.
669 5329 769 5398 τῆς
794 5326 1070 5450 ἀλὲθείας.
1183 5329 1202 5358 ⁸
1228 5326 1384 5382 Joan.
1415 5343 1464 5394 I,
1499 5327 1588 5380 9.3.
1703 5327 1723 5359 ³
1750 5327 1909 5381 Joan.
1939 5344 1975 5382 ιι

505 5399 640 5450 atth.
677 5413 788 5450 xvr.
830 5397 852 5448 1
905 5433 920 5449 .

2090 5329 2133 5382 3.
2242 5329 2263 5359 ⁸
2294 5330 2425 5385 ibid.
2468 5330 2573 5399 17;
2603 5330 2748 5387 Psal.
2779 5347 2970 5402 vam,
3008 5335 3094 5391 10.
3203 5337 3226 5368 ³
3253 5335 3408 5394 Joan.
3440 5355 3541 5406 xu,
3565 5342 3654 5398 41.

397 5398 422 5430 ⁶
451 5396 640 5452 Matth.
677 5396 788 5460 xvi,

475 5507 587 5577 (58)
620 5507 812 5577 Πάλιν
833 5506 901 5560 δὲ
923 5510 958 5560 ό
979 5504 1180 5572 αὑτός.
1221 5503 1373 5560 Hanc
1397 5504 1628 5577 Joannis
1655 5505 1967 5570 historiam,

401 5575 588 5648 ιιιιιιιιιί
612 5593 642 5630 a
693 5576 1014 5648 Polyearpo
1041 5585 1344 5648 acceperat,
1382 5575 1547 5630 refert
1578 5575 1844 5648 lt:en._|ib_.
1882 5591 1967 5648 tn,

402 5664 527 5714 rap.
561 5647 614 5708 5,
643 5655 697 5701 ct
725 5644 940 5701 Eu'sebf
965 5646 1056 5700 lib.
1091 5661 1157 5698 nr
1185 5644 1414 5708 llistor.,
1447 5661 1566 5714 cap.
1609 5645 1700 5714 ‘20.
1729 5644 1834 5700 Sed
1869 5647 1971 5702 Ce-

402 5713 664 5780 rinthum,
693 5733 802 5770 non
835 5715 1092 5769 Ebionem
1124 5715 1433 5768 haereticum
1468 5713 1630 5768 illutn’
1648 5713 1814 5770 fuisse
1839 5729 1970 5768 con-

401 5787 643 5847 sentiunt
667 5801 877 5840 omnes.
905 5787 1084 5851 Quare
1117 5785 1446 5854 μνημονικόν
1479 5793 1562 5840 est
1593 5785 1814 5854 σφάλμα
1839 5783 1968 5855 Epi-

401 5855 586 5926 phanii
622 5855 814 5910 nostri.

2143 5507 2256 5589 (.39)
2307 5511 2360 5562 '0
2391 5511 2460 5576 δὲ
2488 5515 2779 5584 ὀλεάριος.
2821 5516 2961 5586 Ergo
2985 5517 3217 5589 olearius
3244 5521 3546 5589 appellatus
3566 5534 3654 5580 est

2067 5587 2513 5656 vestimentorum
2568 5596 2776 5652 custos,
2826 5587 3204 5656 ἰματιοφύλαξ.
3255 5587 3337 5644 An
3401 5592 3542 5647 idem
3594 5606 3654 5652 et

2067 5649 2244 5702 oleum
2274 5652 2566 5717 praebebat,
2597 5663 2652 5707 et
2678 5649 2999 5710 vestimenta
3027 5649 3319 5714 servabat?
3351 5660 3432 5716 An
3467 5649 3656 5717 σπολίέ

2068 5733 2183 5798 ριον
2224 5717 2545 5799 legendum?
2573 5721 2706 5778 Nam
2727 5734 2796 5799 et
2831 5725 3210 5799 ᾁποδυτήριον,
3245 5728 3430 5785 Latine
3452 5733 3655 5799 spolia-

2066 5787 2226 5910 rizﬁni
2259 5787 2314 5842 In
2334 5793 2500 5847 veteri
2516 5792 2646 5850 Lex.
2679 5809 2696 5848 :
2724 5793 3013 5866 Spoliaria.
3035 5787 3319 5854 citeriores
3345 5787 3653 5856 balneorum

2069 5871 2124 5909 ce
2172 5873 2200 5908 ιι
2231 5875 2293 5910 ιιι.

2069 5871 2293 5912 εειιιιιαι.
