3982 6434
297 399 410 455 ιω

997 383 1370 443 ADVERSUS
1409 382 1753 440 IL-ERESES
1788 380 1917 436 LIB.

2041 373 2205 432 TOM.
2240 373 2307 431 ll.
2348 406 2418 418 —
2454 373 2735 432 ΠᾸΞΒΕΒ.
2775 372 2944 428 XXX.

3488 378 3594 435 450

296 515 488 566 τιέων.
521 509 633 564 Καὶ
672 506 782 580 γὰρ
827 506 892 560 ἐκ
937 504 1252 576 σπέρματος
1291 502 1399 556 τῶν
1441 501 1712 572 Ἐλλήνων
1755 498 1902 553 Ἀλέ-

2030 509 2154 548 erra
2201 507 2376 556 genus
2425 491 2701 562 quoddam
2751 503 2876 544 esse
2925 485 3354 560 propagatum’.
3395 489 3529 545 Nam
3563 495 3606 546 e'

299 603 534 674 ξανδρος
581 603 610 655 ὁ
653 597 940 654 Μακεδών.
993 595 1158 649 Ἀλλά
1199 595 1490 664 γενόμενος
1537 593 1698 648 πάλιν
1736 593 1792 644 ὲν
1825 588 1904 660 τῷ

298 697 485 767 τόπῳ,
515 695 604 749 διὰ
643 692 736 746 τὸν
781 689 1095 762 ἐμπεσόντα
1133 687 1292 756 λόγον
1322 685 1598 757 διεξῆλθον
1641 685 1740 754 τὴν
1773 683 1905 754 περῖ¹

299 789 516 843 τούτων
541 783 802 856 ἱστορίαν.
828 780 971 852 Πλὴν
993 781 1076 834 ὅτι
1091 777 1198 833 ἀπὸ
1220 778 1320 848 τῆς
1335 776 1556 848 μετοική
1565 792 1698 838 σεως
1725 771 1906 826 πολλοὶ

302 879 478 943 ἄλλας
511 877 696 948 χώρας
735 875 1059 944 οἰκήσαντες
1093 869 1187 924 τοῦ
1227 868 1445 942 Ἰσραὴλ
1475 864 1616 940 ἦσαν
1651 865 1904 936 σπέρμα-

303 986 402 1032 τος
425 967 568 1022 κατὰ
592 965 861 1036 διαδοχήν.
895 961 1175 1028 Ἐλέγοντο
1201 959 1310 1030 γὰρ
1338 959 1434 1012 καὶ
1458 958 1696 1027 ἑκάστης
1723 955 1907 1026 χώρας

305 1060 646 1132 πατριῶταν
675 1057 751 1120 ὡς
783 1055 880 1109 καὶ
907 1055 962 1108 αἱ
989 1052 1289 1123 θυγατέρες
1311 1049 1404 1104 τοῦ
1433 1049 1600 1120 Ἰοθὺρ
1630 1049 1726 1120 τὴν
1759 1045 1908 1100 ἀντί-

305 1153 476 1225 ληψιν
518 1151 612 1205 τοῦ
653 1148 929 1211 Μωῦσέως
973 1146 1052 1217 τῷ
1082 1145 1252 1216 πατρὶ
1277 1142 1642 1214 ἀπήγγειλαν,
1669 1141 1744 1204 ὼς
1775 1141 1908 1192 ἀπο-

308 1252 528 1320 στήσας
567 1245 692 1310 τοὺς
728 1243 994 1314 ποιμένας
1029 1241 1280 1294 ἐπότισεν
1313 1237 1493 1293 αὐτῶν
1525 1235 1592 1290 τὰ
1636 1235 1906 1306 πρόϐατα,

310 1343 412 1396 καὶ
438 1338 793 1411 πορευθεῖσαι
826 1335 954 1406 περὶ
982 1332 1173 1386 τούτου
1205 1329 1513 1400 ὑφηγοῦντο
1541 1327 1619 1398 τῷ
1664 1327 1776 1397 ίδίῳ
1805 1342 1909 1378 πα-

309 1432 425 1504 τρί.
454 1431 562 1484 Τοῦ
601 1429 659 1482 δὲ
697 1427 948 1495 λέγοντος
969 1465 984 1487 ,
1032 1424 1092 1476 Τί
1132 1423 1463 1491 ἐταχύνατε
1496 1419 1766 1488 σήμερον
1795 1417 1907 1485 (42)

311 1526 428 1580 τοῦ
475 1521 680 1578 ἐλθεῖν
725 1520 818 1572 ἐπ’
865 1519 1088 1579 adadv;
1131 1514 1362 1583 ἔφασαν,
1406 1513 1489 1565 ὅτι
1526 1509 1706 1576 Ἀνὴρ
1736 1509 1911 1576 Αίγύ-

312 1635 496 1682 πτιος
521 1614 780 1683 ἐρύσατο
822 1608 982 1677 ’ἡμᾶς
1019 1607 1138 1662 ἀπὸ
1171 1605 1290 1659 τῶν
1316 1603 1636 1674 ποιμένων,
1671 1601 1766 1654 καί
1799 1600 1890 1668 ἤν.

311 1713 548 1775 τλησε,
602 1704 700 1758 καὶ
749 1703 1038 1756 ἐπότισεν
1092 1697 1264 1766 ἡμῶν
1309 1695 1382 1750 τὰ
1432 1695 1752 1765 θρέμματα.
1801 1691 1912 1744 Καὶ

2006 585 2320 640 Graecorum
2352 598 2552 653 genere
2582 582 2894 636 Alexander
2927 589 3108 634 ortum
3129 587 3458 650 acceperat.
3489 579 3594 636 Ve-

2006 691 2128 728 rum
2187 673 2448 744 quoniam
2510 671 2708 726 iterum
2774 669 3070 725 narraudas
3125 669 3290 740 hujus
3353 670 3597 726 historia:

2006 765 2188 820 oblata
2237 765 2400 819 nobis
2447 763 2670 818 occasio
2717 770 2840 827 est,
2901 763 2955 816 in
3010 777 3132 819 eam
3185 777 3305 819 sum
3367 762 3596 818 fortuito

2007 858 2242 914 delatus.
2288 856 2366 912 Eo
2410 871 2544 910 vero
2585 856 2891 926 pertinebat
2940 855 3123 920 istud,
3181 863 3242 910 ut
3282 856 3596 926 complures

2006 949 2426 1005 ostenderemus
2472 947 2526 1001 in
2575 962 2638 1002 ea
2691 946 3020 1018 migratione
3065 947 3249 1002 varias
3295 959 3598 1018 occupasse

2009 1040 2188 1103 sedes,
2219 1040 2313 1109 qui
2347 1054 2412 1094 ex
2458 1030 2758 1093 Israelitica
2792 1046 2954 1109 gente
2987 1038 3220 1108 originis
3267 1047 3426 1094 erant
3463 1053 3596 1094 suc-
3625 1068 3628 1072 -

2007 1129 2264 1186 eessioue
2289 1128 2540 1183 derivati.
2578 1128 2684 1194 Qui
2707 1129 2930 1200 quidem
2961 1130 3031 1184 ab
3053 1145 3116 1185 ea
3149 1129 3242 1184 ubi
3275 1128 3600 1187 habitabant

2007 1224 2233 1294 regione
2261 1221 2639 1293 cog-nominari
2668 1221 2940 1276 solebant.
2973 1219 3444 1288 Quemadmodum
3470 1235 3598 1278 cum

2009 1313 2133 1373 tilia:
2159 1311 2350 1366 Jcthro
2393 1311 2613 1365 allatam
2645 1310 2750 1365 sibi
2785 1323 2815 1362 a
2849 1308 3036 1380 Moyse
3067 1323 3224 1380 opem
3260 1311 3474 1380 parenti
3508 1325 3598 1366 re-

2007 1404 2345 1470 nuntiarent,
2381 1409 2782 1470 narrarentque
2825 1401 3070 1471 depulsis
3112 1417 3142 1456 a
3173 1417 3232 1457 se
3259 1402 3600 1472 pastoribus,

2008 1509 2140 1550 suos
2183 1493 2336 1547 illum
2386 1509 2580 1563 greges
2623 1493 2954 1563 adaquasse,
3007 1485 3132 1557 hoc,
3180 1493 3428 1565 inquam,
3474 1509 3602 1550 cum

2009 1586 2235 1640 domum
2284 1600 2520 1640 reversa:
2569 1585 2782 1654 parenti
2827 1585 3116 1650 dixissent,
3165 1583 3484 1642 sciscitante
3513 1585 3604 1640 ni-

2008 1677 2208 1732 mirum
2245 1691 2311 1731 eo
2344 1695 2358 1731 :
2390 1674 2501 1733 Cur
2541 1677 2696 1732 hodie
2737 1677 2953 1731 venistis
3003 1677 3231 1732 velocius
3262 1677 3466 1733 solito?
3499 1676 3606 1732 Bc-

316 1767 540 1860 εὐθῦςό
568 1795 730 1858 αὐτὸς
763 1792 866 1863 ἔφη
903 1790 1040 1862 πρὸς
1073 1788 1244 1851 αὑτάς
1263 1803 1274 1815 '
1303 1787 1406 1840 Διὰ
1437 1787 1495 1838 τι
1521 1789 1633 1838 οὐκ
1659 1783 1910 1852 ἠγάγετε

2030 1769 2356 1838 ςροηᾶθιηιιιι
2393 1787 2407 1822 :
2456 1767 2547 1822 Vir
2580 1767 2870 1837 Egyptius
2914 1767 3154 1824 liberavit
3201 1785 3296 1823 nos
3335 1769 3399 1822 de
3439 1784 3603 1852 manu

316 1843 727 1860 """"""
768 1843 866 1863 ’τι
949 1843 962 1862 ι
1021 1843 1038 1852 -
1223 1843 1241 1851 ν
1683 1843 1720 1852 ε.
1787 1843 1798 1852 .

314 1889 515 1945 αὐτὸν
539 1883 679 1949 ὧδε,
705 1887 807 1939 ἵνα
834 1883 994 1954 φάγῃ
1024 1882 1244 1951 ἅρτον;
1270 1881 1368 1943 Τίς
1407 1879 1463 1932 δὲ
1497 1879 1598 1932 οὐκ
1638 1872 1798 1937 οἶδεν,
1825 1876 1908 1928 ὅτι

2030 1869 2310 1924 iustorum,
2343 1859 2555 1928 insuper
2583 1869 2633 1914 et
2661 1859 2837 1914 hausit
2869 1877 3101 1930 aquam,
3140 1869 3423 1932 potumque
3455 1843 3606 1915 dedit

317 1980 569 2051 Μωῢσῆς
614 1978 728 2042 υἱὸς
761 1979 857 2049 μὲν
890 1979 1099 2045 γίνεται
1128 1974 1222 2026 τοῦ
1258 1971 1501 2042 ’Λμρὰμ,
1537 1971 1630 2022 καὶ
1671 1968 1770 2038 τῆς
1799 1967 1935 2034 Ίωο⁴

317 2072 526 2144 χαϐὲτ,
559 2071 783 2143 Ἀμρὰμ
829 2067 887 2122 δὲ
931 2067 1024 2122 τοῦ
1075 2065 1253 2130 Καὰθ,
1309 2064 1467 2118 Κοιάθ
1513 2062 1570 2115 δὲ
1616 2060 1710 2112 τοῦ
1759 2058 1910 2120 Λευῒ,

318 2165 458 2221 Λευῒ
488 2165 546 2217 δὲ
571 2163 665 2217 τοῦ
697 2159 916 2224 Ἰακὼϐ,
948 2157 1143 2212 Ἰακὼϐ
1183 2157 1240 2209 δὲ
1271 2155 1366 2208 τοῦ
1395 2152 1606 2217 Ἰσαὰκ,
1641 2151 1829 2204 Ἰσαὰκ
1857 2149 1914 2202 δὲ

319 2257 423 2310 ’τῖῦ
452 2254 736 2326 Ἀϐραάμς
768 2253 877 2306 Καὶ
908 2251 1008 2304 οὐκ
1042 2249 1152 2302 ἀπὸ
1189 2247 1281 2302 τοῦ
1320 2244 1598 2301 καλεῖσθαι
1628 2243 1718 2296 τὸν
1749 2244 1916 2295 Μωῦ-

321 2349 430 2402 σέα
471 2346 804 2415 Αίγύπτιον,
856 2341 1074 2404 πάντως
1121 2341 1154 2410 ἡ
1201 2338 1300 2408 τῆς
1354 2336 1630 2404 εὐγενείας
1675 2334 1770 2387 καὶ
1807 2332 1914 2385 τοῦ

323 2438 642 2510 σπέρματος
675 2435 924 2488 διέπεσεν
953 2429 1264 2486 ἀκολουθία.
1304 2425 1512 2480 Οὐκοῦν
1549 2420 1714 2489 οῦτοι,
1746 2441 1915 2477 κατα-

322 2530 614 2599 λείψαντες
641 2528 740 2599 τὴν
771 2525 909 2588 ὁδὸν,
941 2526 991 2577 οἱ
1021 2523 1130 2578 ἀπὸ
1157 2521 1248 2574 τοῦ
1278 2520 1534 2583 Ἑϐίωνος
1565 2515 1918 2587 πεπλανημέ-

323 2639 440 2684 νοι,
490 2621 585 2674 ἐπὶ
623 2617 821 2682 πολλὰς
869 2613 1311 2686 διεστραμμένης
1355 2614 1504 2678 ὁδους
1573 2612 1666 2664 καὶ
1715 2611 1916 2680 ἀνάντη

323 2715 520 2788 τρίὸον
543 2713 634 2767 τὸν
665 2713 790 2766 νοῦν
825 2709 1207 2764 ὲκδεδώκασιν.

405 2887 553 2958 κςν.
595 2885 829 2958 Λὺχοῦσι
875 2885 932 2938 δὲ
983 2884 1144 2938 πάλιν
1195 2881 1494 2952 περιτομὴν
1542 2880 1786 2950 ἔχοντες,
1827 2880 1921 2933 καὶ

331 2983 692 3056 σεμνύνονται
718 2979 877 3050 δῆθεν
907 2971 1045 3030 εἶναι
1069 2976 1274 3046 ταύτην
1309 2973 1578 3046 σφραγῖδα
1604 2973 1918 3044 ἡγούμενοι,

329 3078 426 3132 καὶ
453 3071 782 3146 χαρακτῆρα
814 3067 922 3122 τῶν
965 3085 1026 3121 τε
1063 3067 1419 3138 πατριαρχῶν
1444 3065 1538 3119 καὶ
1563 3065 1786 3118 δικαίων
1814 3063 1922 3124 τῶν

2017 1949 2195 2004 ovibus
2231 1949 2451 2006 nostris.
2495 1948 2800 2019 Statimque
2834 1950 2975 2004 dixit
3010 1951 3118 2004 illis
3151 1966 3164 2002 :
3209 1949 3318 2004 Cur
3355 1967 3460 2005 non
3503 1951 3606 2005 huc

2015 2043 2164 2096 illum
2195 2043 2518 2104 adduxistis,
2549 2051 2606 2096 ut
2637 2041 2926 2095 comederet
2952 2057 3138 2110 panem
3171 2042 3231 2096 '?
3257 2041 3394 2108 Quis
3423 2051 3609 2099 autem

2016 2136 2194 2190 nescit
2220 2135 2466 2212 Amrami
2494 2141 2549 2188 et
2587 2131 2904 2188 Jochabetae
2940 2133 3110 2186 tilium
3147 2135 3422 2188 exstitisse
3452 2133 3608 2206 Moy-

2017 2239 2150 2292 sen;
2195 2225 2515 2278 Amramum
2567 2221 2784 2286 Caathi,
2837 2222 3106 2276 Caathum
3142 2220 3292 2286 Levi,
3337 2221 3483 2276 hunc
3513 2221 3610 2278 δε-

2018 2317 2162 2381 cobi,
2193 2316 2351 2386 cujus
2378 2322 2532 2384 pater
2558 2313 2798 2378 lsaacus,
2837 2313 3006 2367 lsaaci
3035 2312 3383 2368 Abrahamus
3411 2311 3614 2368 fuerit?

2016 2409 2204 2482 Neque
2246 2419 2466 2472 tamen,
2516 2423 2616 2480 pro
2663 2423 2730 2463 eo
2779 2406 2926 2478 quod
2971 2405 3265 2478 ngyptius
3303 2407 3612 2478 appellatur

2021 2499 2254 2572 Iloyses,
2291 2497 2418 2552 ideo
2463 2497 2768 2552 nobilitatis
2803 2495 2951 2552 illius
2985 2510 3049 2550 ac
3083 2497 3272 2566 stirpis
3319 2503 3406 2550 est
3439 2495 3612 2552 series

2019 2593 2310 2649 exstincta.
2348 2590 2460 2644 Hoc
2495 2590 2664 2660 igitur
2693 2589 2855 2644 modo
2889 2587 3116 2642 Ebionis
3155 2589 3432 2658 diSt-ipuli,
3465 2589 3611 2644 velut

2021 2685 2342 2739 aberrantes
2375 2697 2439 2737 ac
2465 2681 2629 2747 devii,
2663 2682 2846 2737 varias
2875 2696 2933 2736 se
2961 2682 3014 2735 in
3047 2682 3305 2750 ambages
3339 2696 3403 2736 ac
3431 2681 3608 2738 ﬂexus

2021 2775 2368 2845 abruptaque
2397 2773 2594 2827 itinera
2619 2771 3035 2827 commiserunt.

2091 2863 2284 2919 XXVI.
2332 2863 2551 2918 Atenim
2607 2862 3086 2916 circumcisionem
3135 2877 3247 2932 prae
3288 2877 3348 2918 se
3392 2861 3611 2929 ferunt;

2021 2973 2195 3027 eaque
2223 2973 2283 3012 re
2309 2957 2602 3026 plurimum
2627 2955 2955 3025 gloriantur,
2985 2964 3169 3024 utpote
3194 2970 3358 3024 quam
3386 2956 3617 3024 patriar-

2023 3050 2249 3103 charum
2271 3087 2286 3112 ,
2319 3049 2664 3116 aliorumque
2695 3047 2788 3116 qui
2837 3046 2970 3115 legis
3015 3055 3259 3115 tempore
3294 3047 3476 3102 vixere
3523 3045 3614 3117 ju-

331 3165 480 3220 κατὰ
518 3166 610 3217 τόν
640 3162 803 3231 νόμον
848 3157 1356 3228 πεπολιτευμένων,
1391 3155 1579 3221 δι’·οὒς
1618 3155 1922 3220 ἐξισοῦσθαι

2030 3153 2257 3206 storum,
2289 3139 2444 3210 151
2491 3152 2674 3193 notam
2720 3153 2784 3192 ac
2819 3138 3034 3207 signum
3067 3138 3348 3192 exstitisse
3389 3145 3615 3209 putent;

333 3259 565 3320 ἐκείνοις
592 3253 893 3326 νομίζουσι,
936 3253 1032 3306 καὶ
1071 3252 1208 3320 δῆτα
1242 3250 1336 3304 ἀπ’
1365 3249 1528 3302 αὑτοῦ
1563 3249 1652 3302 τοῦ
1687 3248 1924 3320 Χριστοῦ

333 3350 432 3421 τὴν
487 3346 742 3401 σύστασιν
783 3343 986 3414 ταύτης
1038 3341 1316 3412 βούλονται
1361 3342 1582 3412 φέρειν,
1621 3340 1696 3403 ὡς
1742 3341 1836 3394 καί⁸
1878 3341 1928 3392 οἱ

339 3441 472 3512 ’περὶ¹
501 3437 793 3510 Κήρινθον.
823 3436 962 3488 Φασὶ
991 3435 1100 3504 γὰρ
1130 3434 1224 3486 καὶ
1251 3426 1394 3486 οὗτοι
1426 3435 1567 3486 κατά
1591 3432 1681 3484 τὸν
1705 3433 1929 3485 ἐκείνων

334 3530 556 3603 ληρώδη
588 3529 762 3596 λόγον·
810 3528 1090 3595 ’Λρκετόν
1117 3523 1198 3590 τῷ
1227 3523 1465 3594 μαθητῇ
1489 3521 1640 3576 εἶναι
1672 3525 1752 3588 ὡς
1784 3527 1816 3576 ὁ
1849 3523 1932 3576 δι-

336 3625 672 3689 δάσκαλος.
707 3619 1057 3690 Περιετμήθη
1089 3618 1218 3689 γὰρ,
1257 3618 1440 3686 φησὶν,
1475 3619 1504 3670 ὁ
1549 3616 1802 3688 Χριστὸς,
1839 3616 1933 3670 καί¹

339 3718 408 3770 σὺ
445 3712 833 3785 περιτμήθητι.
875 3711 985 3764 Καὶ
1017 3709 1102 3762 ἵνα
1131 3709 1274 3762 κατὰ
1307 3708 1486 3762 πάντα
1513 3709 1712 3778 τρόπον
1741 3724 1932 3760 καται-

337 3807 604 3878 σχύνηται
635 3804 734 3874 τῆς
774 3802 983 3872 πλάνης
1025 3800 1093 3853 τὰ
1143 3798 1455 3868 σπέρματα,
1497 3799 1750 3868 καθάπερ
1782 3796 1934 3868 χαλι-

338 3901 430 3964 νὸς
466 3897 578 3970 (45)
607 3899 672 3968 τῇ
720 3894 963 3964 θαλάσσῃ
1012 3893 1076 3946 ὲκ
1121 3889 1258 3943 Θεοῦ
1305 3890 1542 3960 ὁρισοεὶς
1579 3889 1803 3960 κλεῖθρα
1841 3886 1938 3940 καὶ

341 3988 512 4042 πύλαι
535 3974 762 4056 ψάμμον
787 3983 933 4055 ὅριον
958 3981 998 4044 ⁸,
1029 3979 1124 4034 καὶ
1160 3979 1485 4050 πρόσταγμα
1513 3977 1594 4040 τὸ,
1619 3977 1774 4042 ’Ἕως
1805 3975 1938 4029 τού-

340 4099 453 4135 του
482 4079 730 4146 ἑλεύσῃ,
761 4075 857 4128 καί
903 4076 1015 4142 οὐχ
1045 4071 1360 4139 ὑπερϐήσῃ
1389 4087 1403 4101 ·
1434 4071 1593 4124 ἀλλὰ
1620 4070 1690 4122 ἐν
1711 4065 1938 4135 σεαυτῇ

345 4165 862 4240 συντριϐήσονταί
893 4179 1012 4218 σου
1046 4164 1120 4217 τὰ
1152 4163 1417 4232 κύματα,
1451 4159 1634 4230 φησίν·
1674 4158 1815 4212 οὕτω
1847 4159 1941 4211 καὶ

343 4255 496 4316 οὗτοι
523 4261 582 4313 ὲν
607 4260 820 4321 ἑαυτοῖς
846 4253 1477 4324 καταδαπανηθήσονται.
1511 4248 1670 4302 Ἀλλά
1697 4250 1813 4302 ἐκεῖ
1841 4249 1940 4318 μὲν

343 4357 411 4407 ὲκ
463 4351 610 4406 θείου
659 4348 1086 4422 προστάγματος
1138 4346 1218 4407 εἰς
1259 4341 1515 4406 εὐταξίαν
1557 4340 1832 4410 θαλάσσης
1877 4341 1942 4392 ἐκ

344 4443 486 4498 Θεοῦ
529 4442 742 4514 εἴρηται
775 4441 803 4494 ό
833 4439 926 4493 τοῦ
955 4439 1083 4509 ὅρου
1123 4435 1278 4504 λόγος
1297 4451 1309 4464 ·
1347 4433 1581 4487 ἐνταῦθα
1606 4433 1662 4486 δὲ
1689 4432 1780 4502 ἀφ’
1813 4433 1942 4484 ἐαυ-

2029 3248 2137 3303 quo
2171 3233 2336 3287 etiam
2375 3232 2592 3284 nomine
2627 3228 2902 3297 adaequari
2945 3245 3002 3283 se
3034 3244 3157 3282 eum
3203 3229 3311 3284 illis
3343 3230 3617 3283 arbitran-

2029 3335 2167 3378 tur:
2216 3323 2460 3392 adeoque
2505 3321 2708 3375 Christi
2758 3321 2930 3390 ipsius
2983 3320 3292 3388 exemplum
3347 3321 3411 3373 ad
3466 3320 3616 3374 illam

2030 3411 2491 3482 comprobandum
2545 3410 3006 3474 accounnodant,
3057 3417 3115 3463 ut
3173 3417 3228 3464 et
3276 3411 3618 3466 Cerinthiani

2032 3505 2262 3560 faciunt.
2297 3505 2541 3570 Quorum
2583 3501 2920 3572 ineptissime
2965 3503 3432 3556 accommodatam
3469 3502 3619 3556 illam

2033 3597 2363 3655 sententiam
2395 3603 2666 3665 usurpant
2705 3612 2718 3647 :
2759 3593 3262 3664 Suﬂicitdiscipulo,
3297 3594 3343 3646 si
3373 3593 3444 3647 sit
3483 3595 3620 3648 sicut

2035 3693 2292 3762 magister
2320 3690 2436 3759 ejus
2478 3687 2522 3744 ⁸.
2550 3687 2809 3742 Christus
2850 3686 3016 3752 enim,
3048 3685 3221 3750 aiunt,
3255 3685 3622 3742 circumcisus

2034 3791 2119 3840 est
2151 3801 2165 3838 :
2199 3791 2256 3838 tu
2289 3782 2454 3852 igitur
2498 3766 2927 3834 circumciditor.
2975 3778 3153 3846 Atque
3195 3785 3254 3830 ut
3295 3777 3504 3831 erroris
3537 3791 3619 3832 se.

2036 3877 2184 3930 mina
2221 3888 2418 3943 magno
2451 3887 2575 3926 cum
2615 3871 2831 3925 illorum
2869 3868 3077 3940 pudore
3111 3868 3484 3939 proﬂigentur,
3515 3885 3624 3924 non

2037 3981 2200 4022 secus
2227 3981 2292 4020 ac
2323 3963 2590 4018 frenando
2624 3961 2762 4016 mari
2803 3961 2953 4016 velut
2996 3961 3254 4031 repagula
3287 3959 3532 4030 quaedam
3564 3974 3626 4014 ac

2040 4066 2231 4128 porta),
2263 4069 2554 4111 arenarum
2583 4067 2612 4105 a
2641 4053 2750 4106 Deo
2778 4052 2951 4105 moles
2976 4051 3192 4119 objecta
3219 4058 3326 4114 est,
3359 4051 3630 4120 ejusdem-

2041 4162 2148 4218 que
2199 4145 2520 4200 mandatum
2569 4140 2882 4196 istiusmodi
2925 4156 2938 4190 :
2989 4143 3274 4210 Hucusque
3323 4143 3525 4204 uenies,
3579 4152 3628 4195 et

2043 4257 2146 4293 non
2181 4235 2429 4308 procedes
2479 4233 2733 4303 amplius.
2764 4231 2868 4286 Sed
2899 4233 2956 4284 in
3001 4241 3049 4284 te
3086 4231 3485 4302 confringentur
3523 4233 3620 4302 ﬂu-

2043 4339 2158 4384 ctus
2209 4329 2286 4381 tui
2319 4328 2417 4397 (ait
2463 4325 2746 4394 Scriptura
2784 4323 2850 4390 ⁵).
2887 4319 2978 4376 Sic
3009 4324 3174 4376 etiam
3211 4321 3286 4375 illi
3333 4322 3389 4376 in
3435 4333 3618 4378 semet-

2044 4425 2195 4496 ipsos
2223 4419 2422 4490 relapsi
2472 4418 2692 4489 penitus
2724 4421 3140 4470 consumentur.
3173 4414 3496 4484 Quanquam
3531 4413 3632 4470 hoc

344 4537 447 4607 τῆς
476 4536 512 4605 ἡ
541 4505 712 4586 κακία
737 4532 830 4585 καὶ
858 4531 892 4601 ἡ
925 4505 1102 4600 πλάνη
1135 4524 1524 4595 τυφλώττουσα
1553 4525 1644 4577 τὸν
1671 4523 1814 4586 νοῦν,
1848 4523 1926 4575 κα¹

2047 4517 2290 4578 interest,
2327 4511 2474 4582 quod
2510 4510 2622 4564 illic
2655 4509 2724 4562 ad
2769 4505 3072 4562 coercenda
3107 4507 3281 4560 maria
3313 4505 3503 4561 divino
3532 4507 3630 4562 im-

345 4630 439 4682 τὸν
468 4625 666 4694 εὐσεϐῆ
705 4620 965 4692 λογισμὸν
997 4616 1476 4690 ἀποστρεφομένη,
1513 4613 1788 4685 προῦλαϐε
1818 4611 1938 4666 καθ’

347 4717 575 4788 ἑαυτῆς,
625 4716 814 4790 ὥσπερ
859 4712 1082 4783 κύματα
1123 4711 1432 4780 ἐγείρουσα,
1486 4707 1555 4760 ea:
1595 4707 1811 4777 σχέτλια
1835 4705 1942 4758 τῶν

349 4805 961 4884 προαπαγγελλομένων
1005 4801 1188 4864 αὐτοῖς
1211 4799 1554 4870 ὑπολήψεων,
1604 4799 1811 4870 ἑτέροις
1843 4795 1944 4848 κύ-

349 4918 521 4974 μασιν
557 4901 724 4970 ὲαυτῇ
760 4895 1162 4967 συγκροὺουσα,
1191 4893 1287 4946 καὶ
1323 4894 1381 4946 ὲν
1423 4892 1588 4962 ἑαυτῇ
1615 4890 1700 4944 ἀεὶ
1728 4907 1947 4960 συντρι-

349 4994 556 5066 Εομένη
585 4991 784 5062 ἑαυτὴν
809 4988 1133 5043 διαλύειν¹⁶ο
1169 4985 1202 5056 ἦ
1235 4984 1486 5056 καθάπερ
1520 4983 1749 5054 ἑρπετὸν
1777 4983 1946 5035 δεινὸν

350 5083 534 5154 ἑαυτῷ
579 5080 976 5152 λυμαινόμενον
1017 5078 1112 5131 καὶ
1155 5073 1645 5146 ἀντιστρεφόμενον
1693 5073 1800 5126 ἀπὸ
1848 5073 1947 5144 τῆς

349 5177 580 5247 κέρκου.
598 5173 694 5227 καὶ
711 5171 872 5225 ἑαυτὸ
905 5168 1210 5233 κατεσθίον,
1239 5166 1372 5221 αὐτὸ
1393 5163 1589 5219 ἑαυτοῦ
1616 5161 1947 5218 ἀναλωτικὸν

350 5269 585 5336 γίνεται.
611 5263 784 5318 Τοῦτο
811 5261 918 5334 γάρ
949 5277 1080 5330 φασι
1107 5257 1435 5328 γεγενῆσθαι
1463 5255 1640 5326 καιρῷ
1661 5255 1764 5308 ὑπὸ
1787 5252 1950 5308 ἀσπί-

2045 4605 2200 4679 peric
2232 4604 2502 4660 terminus
2537 4602 2627 4656 ille
2655 4600 2988 4656 constitutus
3025 4605 3144 4664 est;
3183 4597 3273 4652 hic
3305 4605 3484 4653 autem
3517 4597 3638 4668 ipsa

2047 4713 2144 4769 per
2178 4712 2300 4754 sese
2346 4695 2611 4767 nequitia,
2649 4701 2812 4764 atque
2841 4701 3130 4746 excaecata!
3178 4691 3378 4746 mentis
3419 4706 3576 4746 error
3605 4705 3638 4745 a

2049 4803 2216 4846 sensu
2273 4786 2494 4858 pietatis
2544 4784 2847 4839 abhorrens
2899 4782 3276 4843 infelicissima
3330 4781 3458 4846 illa,
3505 4797 3638 4853 quae

2049 4889 2178 4936 ante
2199 4879 2550 4952 protulimus,
2577 4878 2852 4947 dogmata,
2885 4877 3036 4929 velut
3070 4875 3340 4945 quosdam
3369 4876 3424 4930 in
3456 4891 3515 4930 se
3541 4875 3640 4929 ﬂu-

2053 4983 2175 5029 ctus
2217 4971 2477 5028 excitavit
2514 4969 2688 5038 prius,
2731 4981 2796 5022 ac
2838 4968 3136 5022 contrariis
3170 4965 3424 5023 ﬂuctibus
3459 4967 3631 5032 illisit,

2053 5074 2107 5123 ct
2139 5063 2491 5132 semetipsum
2527 5062 2580 5115 in
2616 5075 2676 5116 se
2715 5075 3016 5115 conversus
3063 5057 3491 5128 confractusque
3524 5058 3638 5116 dis-

2055 5157 2273 5227 sipavit.
2327 5155 2435 5206 Aut
2486 5159 2546 5206 ut
2599 5151 2838 5206 exitialis
2899 5165 3128 5222 serpens
3173 5166 3295 5206 sese
3337 5150 3631 5205 conﬁcient

2055 5251 2270 5320 ipsum,
2316 5253 2370 5301 et
2413 5261 2442 5299 a
2487 5243 2660 5297 cauda
2711 5243 2983 5311 replicans
3033 5258 3096 5297 ac
3147 5243 3431 5297 revolvens
3477 5257 3638 5297 suum

429 5469 445 5498 ¹
481 5465 543 5520 F.
577 5464 807 5536 ψάμμος
838 5465 1006 5536 ὄριον.
1087 5463 1126 5492 ¹⁶
1147 5458 1460 5531 Legendum
1489 5455 1714 5510 διαλύει.
1791 5456 1812 5484 ¹
1845 5453 1861 5508 l
1892 5453 1926 5508 bl

2030 5470 2070 5506 ι.
2104 5469 2142 5516 ι,
2170 5453 2220 5506 Ι.
2299 5449 2321 5480 ³
2350 5447 2518 5502 Exod.
2559 5463 2621 5513 ιι,
2661 5446 2726 5499 18
2757 5462 2878 5515 sqq.
2958 5442 2977 5473 ⁸
3007 5441 3196 5500 Matth.
3230 5457 3284 5504 κ,
3317 5440 3407 5496 25.
3485 5442 3505 5474 ³
3535 5431 3646 5497 Job-

355 5553 591 5601 nxvnt,
625 5537 712 5589 ll.

432 5692 546 5760 (42)
590 5690 650 5744 Τί
677 5688 1011 5760 ἐταχὺναξνε
1043 5685 1356 5760 σήμερον.Δ
1375 5638 1547 5760 Exod.
1585 5693 1648 5738 Il,
1684 5692 1826 5760 com:
1862 5676 1952 5760 183

359 5747 845 5830 Διότι’ὲταχύνατέ
881 5757 973 5830 τοῦ
996 5747 1423 5830 Δ’παραγενέσθαι
1468 5750 1740 5830 τήμερον;
1795 5747 1952 5830 Apud

359 5818 731 5906 Epiphaniam
758 5829 967 5883 voculae
995 5818 1112 5881 istaE
1145 5818 1229 5878 ἐπ’
1259 5824 1420 5877 αὐτόν
1453 5818 1799 5875 commodum
1831 5818 1954 5872 nul-

2058 5675 2167 5729 lum
2193 5687 2414 5729 sensum
2436 5669 2692 5734 reddunt,
2707 5667 2813 5722 nisi
2833 5668 2889 5730 ἐς
2908 5666 3068 5721 αὑτὸν
3087 5666 3294 5736 ἔφασαν
3313 5664 3634 5721 substituas.

2130 5744 2244 5816 (45)
2283 5739 2561 5816 Καθάπερ
2604 5737 2875 5816 χαλινςές,
2917 5747 3022 5816 etc.
3065 5738 3276 5816 Leviter
3307 5737 3639 5816 depravatus

2061 5807 2149 5871 hic
2177 5807 2334 5868 locus
2362 5819 2466 5867 est.
2499 5807 2756 5864 Fortasse
2789 5809 3073 5878 legendum
3106 5822 3183 5862 es:
3218 5807 3448 5879 ὡρίσθη.
