3982 6420
499 371 600 429 451

1882 355 1940 410 s.
1983 325 2328 409 Eptpniuu

3673 336 3770 394 £59.

501 479 706 535 corpus
751 461 954 524 adedit,
1000 465 1056 516 et
1103 455 1357 512 absumit.
1401 453 1462 508 ld
1501 451 1646 508 enim
1697 449 1827 504 olim
1873 451 2092 521 aspides

2232 466 2301 501 ων
2335 442 2790 516 συγκλεισθεισῶν
2823 442 2879 498 ἐν
2916 440 3112 506 πίθοις,
3149 437 3241 494 καὶ
3267 435 3513 506 ἑκάστης
3536 434 3634 505 τὴν
3665 435 3770 486 ἐτέ-

505 555 704 612 fecisse
727 557 974 610 narraut,
1003 561 1258 618 quarum,
1287 558 1408 598 cum
1431 542 1657 596 inclusa:
1691 537 1854 593 doliis
1879 544 2087 601 essent,

503 647 737 700 alteram
762 643 932 696 altera
963 637 1262 694 devoravit.
1291 633 1430 688 Tum
1461 646 1582 703 quae
1611 629 1845 685 ferocior
1873 642 1938 682 ac
1963 643 2093 682 cru-

507 737 684 792 delior
713 741 832 789 erat
857 733 974 788 sola
1004 743 1316 789 rennuens,
1336 733 1639 792 enectaque
1664 720 1828 787 fame,
1855 719 2094 788 seipsam

508 842 540 882 a
597 827 772 881 cauda
822 824 1089 893 incipiens
1145 819 1408 891 paulatim
1463 812 1810 882 consumpsit
1867 829 1881 864 :
1935 811 2097 878 idque

510 918 690 988 ipsum
743 917 796 969 in
847 914 1082 984 IEgypto
1129 909 1426 977 contigisse
1471 921 1501 960 a
1546 903 1864 966 nonnullis,
1903 901 1997 970 qui
2035 900 2100 954 de

511 1023 694 1063 rerum
739 1017 936 1061 natura
980 1003 1359 1072 scripserunt,
1398 996 1672 1069 proditum
1715 1001 1822 1048 est.
1857 991 2015 1045 Unde
2048 997 2101 1042 et

511 1101 585 1156 ob
614 1100 962 1170 Gorgoneum
993 1095 1160 1149 veluti
1191 1099 1378 1161 caput,
1413 1085 1882 1158 Aspidogorgonis
1907 1081 2102 1136 merito

513 1195 562 1250 ei
599 1203 684 1250 est
714 1206 913 1246 nomen
949 1187 1288 1258 impositum.
1337 1183 1601 1238 Similiter
1631 1181 1846 1260 ineptus
1885 1190 1951 1230 ac
1992 1183 2105 1229 sto-

513 1287 659 1342 lidus
688 1285 882 1346 Ebion,
919 1280 1254 1348 Ebiunisque
1289 1276 1532 1330 fautores
1573 1270 1868 1326 concidere
1893 1267 2104 1336 seipsos

515 1381 953 1436 anteverterunt,
979 1386 1152 1441 eaque
1179 1369 1382 1439 quibus
1415 1363 1762 1436 potissimum
1801 1359 2106 1430 gloriantur

517 1467 678 1522 initio
714 1465 1077 1522 sustulerunt.
1105 1461 1224 1515 Non
1251 1459 1397 1514 enim
1439 1455 1715 1518 Christus,
1755 1459 1942 1522 utpote
1979 1463 2104 1504 cum

519 1558 704 1613 infans
771 1555 950 1610 adhuc
1001 1561 1170 1618 esset,
1225 1549 1516 1618 semetipse
1562 1543 1932 1600 circumcidit.
1999 1540 2105 1594 Sed

523 1647 833 1704 laudandus
868 1656 1157 1717 propterea
1191 1643 1510 1698 misericors
1541 1639 1805 1692 Dominus
1833 1644 1940 1697 est,
1961 1631 2107 1704 quod

524 1743 601 1796 ita
636 1757 695 1795 se
727 1739 902 1793 Ehion
949 1735 1268 1811 imprudens
1316 1732 1602 1800 objecerit,
1637 1737 1695 1782 ut
1730 1717 1964 1780 minime'
1981 1739 2109 1778 vera

2196 557 2298 611 ραν
2341 537 2836 607 καταναλωσάσης,
2865 534 2964 604 τὴν
2997 532 3053 585 δὲ
3103 529 3450 602 ίταμωτέραν
3497 526 3590 580 καὶ
3631 524 3772 595 χαλε-

2197 633 2450 705 πωτέραν
2498 633 2578 694 εἰς
2625 629 2851 702 ὕστερον
2901 624 3268 699 μεμενηκέναι
3325 623 3500 693 μόνην
3542 617 3776 674 καταλει-

2199 729 2424 798 φθεῖσαν
2452 766 2466 786 ,
2521 723 2618 777 καὶ
2667 723 2747 786 είς
2791 722 2982 773 πεῖναν
3027 716 3305 780 ἐλθοῦσαν,
3347 713 3460 767 ἀπὸ
3507 712 3607 782 τῆς
3657 710 3778 772 ἰδίας

2199 821 2396 890 κέρκου
2424 815 2736 887 ἀρξαμένην
2765 811 2963 882 ἑαυτὴν
2986 805 3494 876 καταϐεϐρωκέναι,
3526 801 3780 872 ἱστοροῦσί

2203 928 2340 973 τιιες
2376 907 2682 977 φυσιολόγοι
2716 901 2859 956 κατὰ
2903 901 3001 971 τὴν
3049 897 3360 967 Αἰγυπτίων
3395 893 3602 967 χώραν.
3635 891 3780 946 Ὅθεν
3869 929 3878 936 .

2202 1002 2294 1053 καὶ
2328 999 2598 1069 ἁρμοδίως
2629 996 2687 1048 τὸ
2710 995 2878 1063 ὄνομα
2909 993 3047 1062 αὐτῇ
3079 991 3353 1049 ἐπέθεντο,
3382 985 3474 1038 διὰ
3500 977 3598 1052 τὴν
3631 997 3782 1051 κεφα·

2202 1087 2298 1157 λὴν
2342 1087 2438 1154 τῆς
2482 1083 2743 1154 Γοργόνος
2785 1082 2877 1134 καὶ
2929 1077 3134 1148 ταύτην
3179 1073 3651 1144 ’Λσπιδογοργύνα
3695 1087 3777 1122 κα-

2204 1178 2436 1240 λοῦντες.
2471 1175 2627 1228 Οὕτω
2656 1174 2751 1226 καὶ
2779 1175 2806 1226 ὁ
2831 1169 3064 1243 parate;
3078 1186 3183 1242 ρων
3215 1168 3436 1228 Ἐϐίων,
3465 1166 3560 1218 καὶ
3587 1164 3632 1216 οἱ
3660 1159 3778 1232 ἀμφ’

2206 1268 2370 1324 αὐτὸν
2402 1265 2704 1336 προῦλαϐον
2737 1265 2963 1326 ἑαυτοὺς
3007 1261 3465 1330 κατατέμνοντες,
3518 1256 3610 1308 καὶ
3651 1256 3784 1308 ἀναιέ

2211 1358 2428 1432 ροῦντες
2469 1356 2564 1411 ἀπ’
2606 1355 2780 1425 ἀρχῆς
2825 1355 3027 1416 ἐκεῖνα,
3071 1347 3153 1419 ἐφ’
3184 1344 3265 1412 οἷς
3297 1347 3394 1400 καὶ
3424 1345 3783 1416 σεμνύνονται.

2208 1449 2442 1521 Χριστὸς
2483 1447 2592 1518 γὰρ
2637 1445 2826 1499 ἐαυτὸν
2869 1445 2928 1496 οὐ
2967 1442 3293 1514 περιέτεμε’
3334 1438 3551 1492 παιδίον
3579 1440 3680 1506 γὰρ
3707 1431 3784 1507 ἦν.

2210 1543 2346 1608 Δόξα
2390 1541 2446 1594 δέ
2489 1539 2566 1610 τῷ
2612 1539 2866 1608 ἐλεήμονι
2905 1534 3043 1605 Θεῷ,
3075 1535 3157 1586 ὅτι
3206 1531 3398 1584 ἑαυτὸν
3447 1523 3786 1601 προῦϐαλενῦ

2215 1633 2426 1698 Ἐϐίων,
2471 1633 2557 1685 ἵνα
2603 1631 2670 1683 τὰ
2715 1627 2947 1697 ἀληθινὰ
2996 1627 3070 1696 μὴ
3107 1624 3445 1696 ὁμολογήσῃ,
3493 1621 3572 1684 εἰς
3601 1621 3659 1672 τὸ
3698 1621 3782 1672 καὶ

2213 1725 2430 1794 ἔλεγχον
2483 1722 2632 1792 αὖτῷ
2677 1719 2947 1790 γενέσθαι.
3001 1719 3064 1770 Ei
3122 1717 3222 1787 μὲν
3265 1715 3376 1786 γΞιρ
3412 1713 3598 1780 ἔλεγεν
3645 1711 3785 1764 αὑτὸν

525 1831 837 1893 confessus,
861 1825 1223 1882 convincendi
1253 1823 1339 1878 sui
1367 1836 1558 1876 ansam
1585 1819 1743 1874 nobis
1769 1816 2108 1870 obtruderet.

2232 1818 2346 1871 ὒεδν
2374 1815 2580 1869 ἄνωθεν
2613 1815 2817 1884 ἥκοντα
2856 1808 3287 1882 περιτετμῆσθαι
3334 1805 3433 1876 τὴν
3469 1804 3788 1872 ὀκταήμερον

528 1921 585 1978 Si
633 1922 776 1976 enim
829 1920 999 1974 Deum
1053 1917 1206 1971 illum
1257 1930 1410 1978 esse,
1455 1913 1782 1980 cmlitusque
1826 1909 2109 1976 delapsum

525 2019 839 2076 assereret,
889 2019 1195 2078 octavoque
1244 2006 1332 2061 die
1378 2019 1409 2059 a
1455 2003 1624 2057 Maria
1680 2000 2109 2060 circumcisum,

528 2116 640 2159 tum
667 2101 886 2172 quidem
922 2109 1190 2170 quatenus
1219 2106 1271 2152 et
1302 2095 1446 2150 Deus
1483 2094 1640 2155 foret,
1686 2102 1740 2146 et
1779 2091 1830 2145 id
1878 2091 2019 2144 ultro
2049 2104 2114 2142 ac

527 2195 806 2248 voluntate
851 2191 1226 2260 permisisset,
1259 2188 1569 2257 speciosum
1601 2182 1860 2253 quiddam
1899 2198 1963 2236 ac
1993 2197 2119 2251 pro-

529 2287 707 2340 babile
737 2285 802 2339 ad
835 2282 1278 2338 circumcisionis
1318 2277 1849 2334 commendationem
1883 2275 2120 2328 circum-

530 2377 754 2432 foraneo
803 2373 961 2444 152
1000 2374 1092 2426 isti
1130 2371 1473 2442 prmbuisset.
1522 2366 1641 2421 Jam
1680 2381 1808 2421 vero
1847 2380 1970 2419 cum
2004 2379 2119 2417 me-

535 2482 655 2521 rum
697 2466 849 2518 illum
882 2462 1156 2516 hominem
1186 2475 1329 2523 esse,
1363 2467 1525 2526 atque
1566 2456 1634 2509 ab
1665 2453 1982 2508 hominibus
2011 2453 2121 2506 cir-

529 2557 841 2613 cumcisum
903 2552 1076 2607 fuisse
1139 2549 1372 2612 sentiat,
1427 2560 1772 2615 nequaquam
1820 2559 1992 2614 puero
2046 2543 2122 2596 illi

535 2648 688 2702 velut
721 2643 932 2698 auctori
962 2638 1313 2695 tribuendum
1338 2643 1458 2697 est,
1494 2636 1638 2704 quod
1673 2642 1864 2690 octava
1899 2635 1971 2689 sit
2003 2636 2122 2688 luce

537 2736 917 2792 circumcisus.
951 2730 1138 2800 Neque
1165 2730 1311 2784 enim
1343 2729 1696 2795 semetipsum
1730 2725 1997 2794 przecidit,
2028 2726 2123 2780 sed

538 2829 594 2884 id
625 2829 696 2882 ab
730 2827 855 2882 aliis
901 2839 1099 2895 passus
1134 2831 1218 2876 est
1245 2837 1258 2872 :
1287 2818 1433 2890 quod
1483 2817 1589 2874 sibi
1638 2818 1772 2888 ipsis
1814 2817 1968 2888 pueri
2015 2833 2124 2871 nou

541 2921 789 2984 faciunt,
839 2931 1016 2985 neque
1051 2909 1494 2967 circumcisionis
1541 2914 1800 2962 auctores
1844 2907 1981 2976 ipsi,
2030 2907 2126 2961 sed

2217 1908 2322 1960 ὑπὸ
2351 1907 2444 1976 τῆς
2467 1905 2706 1976 Μαρίας,
2739 1903 2798 1955 τὸ
2825 1900 3146 1972 τηνικαῦτα,
3183 1898 3314 1961 Θεὸς
3339 1896 3439 1957 ὢν,
3470 1895 3564 1948 καὶ
3600 1911 3786 1962 συγχω-

2223 1999 2330 2073 ρῶν
2358 2000 2498 2052 κατὰ
2526 1998 2660 2050 ἰδίαν
2693 1995 2962 2055 εὐδοκίαν,
2989 1995 3247 2063 παρεῖχεν
3277 1989 3341 2042 ἆν
3375 1987 3454 2058 τῷ
3480 1985 3682 2056 ἀγύρτῃ
3706 1983 3788 2050 τῆς

2223 2091 2522 2164 περιτομῆς
2565 2088 2977 2155 πιθανολογίαν·
3024 2085 3186 2138 ὁπότε
3233 2083 3290 2136 δι
3337 2079 3498 2150 ψιλὸν
3531 2079 3786 2147 ἄνθρωπον

2223 2184 2382 2238 αὐτον
2423 2180 2749 2251 γεγενῆσθαι
2782 2180 2801 2210 ³
2839 2179 2929 2233 ὑπ’
2975 2176 3277 2249 ἀνθρώπων
3313 2171 3672 2245 παρεισφέρει
3708 2175 3790 2220 πε-

2227 2273 2607 2344 ριτετμῆσθαι,
2636 2272 2818 2324 οὐκέτι
2845 2269 3016 2332 αἴτιός
3047 2270 3194 2321 ἐστιν
3241 2267 3270 2319 ὁ
3309 2266 3466 2329 παῖς,
3499 2264 3546 2315 εί
3589 2261 3676 2314 καὶ
3705 2258 3788 2326 τὴν

2224 2365 2565 2435 ὀκταήμερον
2612 2363 2904 2435 περιτομὴν
2953 2355 3314 2431 περιετμήθη.
3368 2358 3445 2410 Οὐ
3489 2354 3594 2425 γάρ
3623 2349 3790 2406 ἑαυτὸν

2229 2459 2576 2527 περιέτεμεν,
2621 2455 2734 2510 ἀλλ’
2785 2453 2890 2506 ὑπὸ
2940 2451 3244 2522 ἀνθρώπων
3292 2444 3654 2520 περιετμήθη.
3695 2440 3789 2494 Καὶ

2221 2548 2334 2622 γὰρ
2365 2547 2413 2598 οἱ
2449 2546 2638 2608 παῖδες
2681 2544 2780 2612 οὐχ
2825 2541 3050 2603 ἑαυτοὺς
3102 2537 3524 2610 περιτέμνουσι,
3562 2533 3651 2588 καὶ
3687 2527 3790 2584 οὐδὲ

2231 2638 2390 2692 αἴτιοί
2416 2639 2522 2690 εἰσι
2562 2637 2661 2707 τῆς
2689 2618 2896 2688 amri;
2941 2632 3264 2703 περιτομῆς,
3289 2629 3410 2684 ἀλλ’
3441 2629 3490 2682 οἱ
3519 2624 3688 2680 αὐτῶν
3711 2634 3788 2691 γο-

2231 2731 2362 2788 νεῖς.
2394 2729 2622 2782 Ἐκεῖνοι
2666 2728 2774 2798 γὰρ
2807 2726 3028 2797 βραχεῖς
3073 2722 3245 2787 ὅντες,
3281 2721 3632 2793 νηπιάζουσιν
3657 2716 3793 2784 ἀγνο-

2233 2818 2436 2886 οῦντες,
2468 2820 2563 2873 καὶ
2610 2819 2730 2872 οὺδέ
2773 2817 2950 2870 οἴδασι
2992 2814 3046 2867 τί
3089 2815 3276 2878 αὐτοῖς
3321 2813 3433 2868 ὑπὸ
3471 2811 3578 2864 τῶν
3621 2805 3791 2877 γονέων

2234 2911 2464 2979 γίνεται.

539 3027 728 3069 eorum
762 3009 942 3080 potius
977 3011 1238 3076 parentes
1283 2999 1518 3056 habendi
1586 3005 1738 3054 sunt.
1791 2997 2004 3054 Etenim
2056 3001 2316 3069 pusiones
2351 3003 2427 3057 illi
2474 3019 2586 3075 prae
2636 3002 2868 3059 infantia
2937 3001 3068 3074 quid
3111 2999 3214 3056 sibi
3281 3014 3310 3053 a
3357 2993 3671 3070 parentibus
3716 2985 3790 3042 ﬂat

541 3109 818 3175 ignorant.

614 3195 826 3250 XXVII.
858 3194 928 3248 At
955 3209 1058 3247 nos
1084 3200 1138 3246 et
1166 3191 1334 3245 Deum
1366 3188 1522 3246 illum
1547 3203 1578 3244 e
1608 3187 1750 3243 cmlo
1783 3186 2135 3242 descendisse
2165 3195 2206 3251 c
2311 3191 2438 3242 KZ'.

541 3275 800 3351 dicimus,
833 3297 886 3340 et
917 3286 970 3339 in
1005 3284 1190 3338 Maria:
1218 3280 1461 3351 Virginis
1510 3288 1666 3334 utero
1713 3279 1958 3349 legitimo
2000 3287 2135 3332 lem-

545 3395 676 3449 pore
726 3376 1136 3448 permansisse,
1193 3380 1401 3442 quanto
1456 3371 1663 3426 scilicet
1712 3368 1915 3440 gestari
1956 3367 2137 3423 creteri

546 3470 836 3524 infantium
873 3467 1070 3526 solent,
1104 3465 1279 3517 donec
1307 3479 1372 3516 ex
1406 3462 1498 3516 illo
1540 3459 1780 3530 Virginis
1813 3468 1972 3514 utero
2007 3475 2138 3530 pro-

549 3564 729 3623 fusus,
763 3558 1008 3629 perfecto
1034 3556 1147 3623 jam
1185 3553 1423 3608 hominis
1457 3552 1605 3624 quod
1655 3552 1910 3606 induerat
1942 3566 2140 3620 corpo-

549 3671 631 3717 re,
678 3661 985 3720 susceptam
1024 3665 1053 3702 a
1099 3662 1159 3702 se
1206 3647 1402 3702 salutis
1451 3654 1656 3700 nostrae
1701 3644 2138 3714 procurationem

549 3745 774 3816 aggredi
826 3741 1084 3796 instituit.
1117 3738 1176 3792 In
1209 3753 1317 3808 qua
1349 3747 1405 3792 et
1441 3737 1508 3792 ad
1553 3736 1698 3792 diem
1739 3743 1995 3791 octavum
2031 3751 2139 3790 non

551 3838 738 3908 specie
787 3847 990 3896 tenus,
1041 3833 1134 3888 sed
1193 3832 1372 3902 reipsa
1417 3829 1781 3885 circumcisus
1825 3837 1933 3883 est.
1980 3826 2143 3882 Venit

555 3931 701 3986 enim
749 3935 807 3981 ut
853 3927 1023 3996 legem
1055 3923 1120 3978 ac
1163 3923 1556 3994 prophetarum
1604 3921 1856 3992 impleret
1897 3921 2139 3984 oracula,

557 4037 664 4076 non
693 4025 959 4074 everteret
987 4017 1040 4082 ¹;
1073 4023 1238 4084 atque
1271 4023 1330 4068 ut
1356 4013 1590 4068 alienam
1623 4027 1730 4068 non
1762 4009 1936 4066 fuisse
1969 4011 2142 4081 legem

553 4111 890 4175 ostenderet,
923 4107 1014 4165 sed
1049 4122 1078 4160 a
1105 4107 1290 4178 seipse
1323 4118 1644 4162 concessam
1671 4103 1741 4158 ad
1776 4118 1937 4158 suum
1969 4117 2145 4171 usque

554 4213 775 4273 tempus
803 4201 908 4256 sub
936 4197 1269 4270 quibusdam
1304 4195 1606 4268 ﬁgurarum
1629 4195 1780 4250 velut
1808 4194 2146 4249 umbraculis

556 4297 865 4368 perstitisse
899 4308 1051 4364 :quo
1098 4292 1152 4346 in
1199 4303 1436 4350 sese_ac
1479 4303 1575 4358 per
1619 4303 1742 4344 sese
1782 4286 2148 4357 quodcunque

558 4387 659 4455 trgi
689 4385 874 4438 deerat
901 4389 1178 4451 postremo
1207 4378 1528 4448 suppleret;
1555 4376 1860 4446 eademque
1887 4376 1978 4430 illa
2013 4375 2150 4446 ligu-

560 4489 748 4527 rarum
784 4472 1064 4526 involucra
1089 4470 1156 4524 ad
1183 4469 1487 4540 spiritalem
1519 4467 1936 4537 perfectionem,
1971 4482 2034 4522 ac
2065 4483 2148 4522 ve-

2485 3189 2676 3258 Ἡμεῖς
2703 3187 2758 3240 δὲ
2801 3187 2895 3240 καὶ
2932 3185 3064 3238 Θεὸν
3089 3183 3250 3237 αὐτὸν
3277 3181 3514 3250 λέγομεν
3541 3177 3629 3231 ἀπ’
3654 3174 3790 3244 οὖρα-

2239 3278 2331 3332 νοῦ
2376 3279 2618 3342 ἐλθόντα,
2664 3279 2759 3332 καὶ
2806 3279 2862 3330 ἐν
2917 3277 3100 3347 μήτρᾳ
3147 3273 3433 3344 Παρθένου
3476 3269 3680 3341 Μαρίας
3719 3264 3792 3317 τὸν

2240 3371 2430 3442 χρόνον
2485 3369 2592 3422 τῶν
2640 3370 2943 3439 ἐγκυμονον
2953 3367 3126 3438 μένων
3174 3364 3386 3418 παίδων
3438 3375 3580 3432 παρα
3589 3371 3793 3430 μεμενη-

2241 3463 2394 3525 κότα,
2442 3463 2546 3524 ἕως
2588 3459 2806 3522 τελείως
2849 3458 2957 3512 ἀπὸ
2995 3459 3091 3528 τῆς
3132 3453 3471 3527 παρθενικῆς
3497 3453 3690 3524 μήτρας
3714 3445 3790 3516 τὴν

2243 3553 2507 3623 Ενσαρκον
2547 3549 2962 3622 ἐνανθρώπησιν
3007 3547 3186 3618 ὲαυτῷ
3219 3547 3314 3601 καὶ
3353 3544 3653 3614 οἰκονομίαν
3675 3542 3790 3592 οἱκο-

2242 3649 2476 3717 νομὴση.
2507 3647 2563 3698 ἐν
2661 3647 2750 3698 καὶ
2795 3643 3136 3716 περιετμήθη
3183 3643 3457 3713 ἀληθινῶς
3478 3682 3491 3704 ,
3523 3640 3613 3694 καὶ
3643 3637 3694 3688 οὐ
3718 3633 3789 3686 δο-

2243 3741 2400 3808 κήσει
2427 3737 2608 3808 ἡμέρα
2634 3741 2698 3808 τῇ
2725 3736 2903 3807 ὀγδόῃ.
2931 3732 3103 3788 ’Ἦλθε
3145 3735 3254 3805 γὰρ
3304 3732 3589 3805 πληρῶσαι
3624 3727 3702 3781 τὸν
3723 3723 3790 3775 νό-

2247 3847 2346 3899 μον
2377 3829 2470 3881 καὶ
2503 3830 2628 3891 τοὺς
2673 3829 2989 3899 προφήτας,
3035 3825 3128 3878 καὶ
3175 3826 3236 3878 οὺ
3281 3823 3613 3878 καταλῦσαι’
3638 3817 3718 3870 καὶ
3741 3812 3788 3865 σὺ

2245 3920 2336 3973 τὸν
2382 3919 2544 3991 νόμον
2597 3919 2873 3990 ἀλλότριον
2905 3917 3204 3988 ἀποφῆναι,
3249 3915 3388 3969 ἀλλά
3421 3914 3482 3980 ἐξ
3518 3909 3669 3966 αὐτοῦ
3709 3905 3788 3977 μὲν

2244 4011 2640 4083 δεδωρημένον,
2674 4012 2777 4075 ’έως
2815 4010 2871 4063 δὲ
2915 4008 3081 4064 αὐτοῦ
3125 4011 3183 4062 ἐν
3226 4009 3424 4072 τύποις
3466 4000 3787 4078 μεμενηκόταθ

2245 4105 2394 4166 ὅπως
2417 4101 2472 4155 ὲν
2497 4101 2646 4172 αὑτῷ
2673 4103 2766 4156 καὶ
2786 4103 2853 4154 δι’
2875 4100 3040 4154 αὑτοῦ
3065 4100 3225 4154 πάλιν
3249 4101 3390 4172 ὅπερ
3416 4099 3642 4152 ἐνέλιπεν
3663 4093 3710 4144 ἐν
3729 4086 3790 4156 τῷ

2247 4193 2396 4264 νόμῳ
2430 4193 2715 4265 πληρωθῆ,
2741 4192 2828 4246 ἵνα
2863 4194 2912 4244 οἱ
2935 4191 3095 4244 τύποι
3122 4192 3199 4254 είς
3224 4187 3595 4261 πνευματικὴν
3613 4179 3789 4236 τελείω-

2250 4301 2332 4336 σιν
2364 4283 2608 4346 ἐλθόντες
2633 4285 2688 4335 ἐν
2719 4283 2966 4354 ἀληθείᾳ,
3003 4283 3092 4338 ὑπ’
3123 4280 3288 4336 αὐτοῦ
3319 4299 3380 4334 τε
3408 4281 3500 4334 καὶ
3531 4276 3626 4330 τῶν
3653 4263 3787 4325 αὑτοῦ

2249 4377 2563 4430 ἀποστόλων
2607 4375 2993 4447 κηρυχθῶσιν,
3049 4373 3230 4428 οὐκέτι
3281 4373 3433 4436 ὄντες
3481 4369 3658 4426 τύποις
3698 4357 3786 4415 ἀλλ’

2249 4469 2495 4540 ἀλήθεια.
2533 4469 2659 4522 Ἐπὶ
2701 4467 2876 4538 τούτῳ
2920 4468 3027 4539 γὰρ
3058 4465 3364 4538 ἐπληροῦτο
3407 4463 3466 4518 τὸ
3499 4465 3553 4515 ἐν
3579 4458 3648 4528 τῷ
3671 4454 3788 4522 νόμῳ

560 4564 777 4617 ritatem
824 4560 1087 4631 perducta
1142 4559 1345 4628 ﬁguras
1385 4571 1511 4612 esse
1563 4556 1816 4622 desiisse,
1865 4565 2030 4626 atque
2079 4572 2126 4612 at

2255 4557 2564 4629 εἰρημένον,
2602 4556 2705 4619 ἕως
2745 4555 2913 4609 αὑτοῦ
2956 4554 3050 4608 τοῦ
3083 4555 3276 4627 χρόνον
3314 4552 3617 4627 διαρκέσαν,
3643 4543 3722 4598 καὶ
3742 4541 3786 4590 ἐν

560 4655 848 4708 veritatem
893 4651 1203 4714 transiisse,
1243 4656 1355 4702 tam
1390 4649 1506 4718 ipse
1541 4663 1706 4719 quam
1749 4648 1872 4718 ejus
1915 4649 2146 4718 apostoli

561 4742 944 4814 praedicarent.
981 4739 1040 4795 ln
1077 4739 1173 4793 illo
1217 4739 1417 4809 quippe
1460 4738 1608 4809 quod
1644 4739 1909 4808 scriptum
1946 4749 2063 4794 erat
2095 4740 2146 4792 in

564 4837 699 4906 lege,
731 4832 1032 4903 perfectum
1063 4840 1168 4896 est,
1199 4833 1276 4898 id,
1303 4832 1546 4902 inquam,
1573 4830 1715 4902 quod
1743 4831 1810 4885 ad
1829 4831 1948 4901 ejus
1975 4847 2150 4900 usque

561 4939 809 5000 tempora
845 4927 1182 4999 perduravit,
1215 4933 1270 4982 et
1305 4925 1359 4980 iu
1391 4927 1512 4996 ipso
1537 4925 1652 4994 jam
1697 4925 2008 4981 absolutum
2049 4924 2150 4978 im-

564 5026 881 5094 pletumque
906 5019 1089 5082 desiit,
1122 5019 1380 5073 nimirum
1422 5018 1570 5088 quod
1606 5017 1853 5088 Sephora
1881 5016 2098 5072 dicebat
2133 5035 2146 5070 :

565 5115 720 5170 Stetit
752 5112 970 5183 sanguis
997 5111 1422 5165 circumcisionis
1452 5110 1553 5179 ﬁlii
1585 5110 1685 5163 mei
1719 5110 1762 5162 ’.
1807 5107 1922 5162 Non
1959 5108 2098 5162 dixit
2136 5127 2150 5161 :

564 5202 892 5258 Circuntcidi
954 5201 1125 5255 ﬁlium
1168 5215 1368 5254 meum.
1429 5199 1616 5269 Neque
1670 5199 1813 5254 enim
1859 5197 1912 5252 id
1963 5199 2160 5268 agebat

569 5293 826 5362 angelus,
879 5297 942 5346 ut
993 5289 1344 5346 circumcisio
1401 5287 1586 5355 fieret,
1639 5303 1816 5359 neque
1871 5287 2160 5358 sanguinis

641 5445 656 5475 ‘
695 5445 882 5500 Matth.
926 5463 980 5514 v,
1016 5448 1102 5502 l7.
1178 5449 1198 5479 ¹
1237 5443 1408 5500 Exod.
1443 5459 1518 5508 tv,
1547 5443 1640 5498 9.5.
1720 5443 1740 5474 ⁸
1772 5441 1936 5498 Deest
1966 5441 2086 5495 καί.

573 5689 585 5701 ⁸
628 5621 982 5704 ’μωςᾯπερ
1021 5624 1232 5704 sane}
1277 5622 1588 5704 Σεῖεέροῖῃῖαἶ
1641 5621 1894 5704 ΜίιίίίςσΜ
1921 5629 2006 5704 est
2037 5619 2143 5674 loci

573 5691 752 5770 istius;
765 5691 1172 5770 interpretatio,
1219 5691 1380 5770 quam
1406 5691 1796 5770 Epiphanius
1817 5691 1992 5770 alTert_.
2023 5707 2142 5770 qua;

571 5773 638 5814 ex
673 5760 813 5816 LXX
867 5759 1095 5817 lectione
1142 5759 1372 5833 petitur;
1425 5759 1557 5816 nam
1590 5763 1798 5818 llchrrei
1853 5769 1906 5817 et
1965 5759 2144 5816 Latini

2256 4647 2406 4718 αὐτῷ
2455 4646 2847 4718 ἀφιστάμενον,
2897 4649 2976 4710 είς
3010 4648 3284 4718 πλήρωμα
3321 4646 3377 4700 δέ
3425 4639 3785 4712 μεθιστάμενονι

2255 4742 2393 4813 ὅπερ
2434 4741 2539 4813 ἔφη
2580 4744 2612 4813 ὴ
2660 4742 2934 4812 Σεπφώρα
2965 4740 3096 4811 (44)·
3127 4741 3209 4792 ὅτι
3247 4741 3437 4824 "qam
3471 4734 3531 4789 τὸ
3558 4721 3785 4800 αᾷιατῆς

2257 4832 2579 4903 περιτομῆς
2624 4834 2730 4888 τοῦ
2781 4833 3022 4886 παιδίου
3047 4850 3186 4900 μου.
3239 4815 3350 4886 κὰκ
3393 4831 3489 4883 οὐκ
3525 4821 3689 4882 εἶπεν,
3724 4815 3786 4866 ὅτι

2253 4925 2588 4996 Περιέτεμὸν
2647 4943 2749 4996 μου
2805 4926 2867 4978 τὺ
2932 4924 3164 4978 παιδίον.
3216 4923 3292 4975 Ob
3336 4921 3444 4993 γὰρ
3490 4904 3784 4996 ᾠκονόμειρ

2257 4993 2588 5080 ἀποσταλεὶς
2649 4993 2916 5086 ἄγγελος,
2954 5017 3044 5070 ἵνα
3091 5014 3364 5086 περιτομὴ
3413 5012 3637 5081 γένηται·
3680 4993 3785 5086 ἀλλά

2260 5106 2380 5159 οὐδὲ
2415 5107 2476 5160 τὸ
2510 5101 2648 5178 αἷμα
2820 5108 3123 5179 περιτομῆς
3155 5083 3412 5177 φοϐηθεὶς
3441 5100 3652 5163 ἀπέστη·
3679 5083 3784 5179 ἀξλὰ

2263 5197 2622 5268 ὑπομνήσεως
2670 5197 2828 5268 χάριν
2877 5197 2971 5251 τοῦ
3019 5197 3305 5268 μέλλοντος
3355 5193 3556 5249 παιδίου
3586 5185 3639 5238 τὸ
3678 5173 3785 5246 αἷμα

2265 5287 2365 5357 τῆς
2403 5291 2706 5360 περιτομῆς
2742 5290 2914 5360 ίστᾷΨ
2954 5289 3091 5360 ὅπερ
3131 5287 3380 5355 ,ἀκούσας
3421 5284 3510 5339 καὶ
3549 5269 3783 5340 oixovot-“i‘

2253 5620 2474 5676 codices
2511 5641 2523 5675 :
2561 5621 2795 5690 Sponsus
2821 5622 3142 5690 sarngtu'num
3179 5631 3232 5674 tu
3261 5617 3388 5674 mihi
3414 5635 3484 5690 es,
3506 5611 3568 5666 ab
3595 5608 3778 5690 rit-euin-

2252 5691 2554 5758 cisimtem,
2598 5669 2816 5747 habent.
2872 5669 3012 5745 LXX
3064 5669 3536 5761 verovilunge-aha
3579 5669 3774 5733 reddide-

2257 5771 2401 5815 runt.

2257 5775 2401 5815 runt.
