3982 6432
439 371 550 431 453

1189 374 1562 433 ADVERSUS
1600 376 1946 433 HAzllIESES
1985 378 2111 435 LIB.
2145 381 2186 435 Ι.
2227 380 2391 438 TOM.
2434 380 2497 437 ll.
2538 412 2607 422 —
2648 382 2922 440 HAZRES.
2960 385 3126 443 XXX.

3602 396 3709 451 454

438 508 543 555 σας
588 491 820 564 ἀπέστη.
855 493 966 548 Καὶ
999 493 1151 548 ποίου
1181 494 1416 559 παιδίου,
1448 495 1632 549 ἄκουε.
1667 494 1805 549 Ἀλλ’
1836 496 1869 567 ἢ
1901 498 2009 568 περ

2133 508 2277 552 metu
2304 499 2552 567 recessit,
2588 500 2684 556 sed
2721 509 2779 557 ut
2810 518 2933 558 eum
2971 502 3255 585 infantem,
3283 520 3313 559 a
3335 522 3445 578 quo
3476 509 3712 564 circum-

434 576 501 640 οὗ
529 580 682 638 εἶπεν
727 588 756 639 6
801 587 1122 658 προφήτης,
1153 588 1236 640 ὅτι
1271 588 1657 653 Θελλήσουσιν
1697 590 1749 640 εὶ
1787 588 2026 657 ἐγένον-

434 692 505 729 το
529 676 642 747 (45)
668 679 1088 746 πυρίκαυστοι.
1116 679 1246 732 Ὅτι
1279 678 1521 733 παιδίον
1541 680 1835 750 ἐγεννήθη
1860 679 2022 749 ἡμῖν,

433 770 535 823 καὶ
582 771 714 836 υἱὸς
743 771 919 838 ἐδόθη
960 770 1128 841 ἡμῖν.
1159 771 1233 823 Τὸ
1262 770 1362 840 μὲν
1392 768 1651 840 γεννηθὲν
1683 770 1896 824 παιδίον
1918 770 2025 823 δει-

433 862 571 925 κνὺς
612 862 672 915 έν
714 862 964 934 ἀληθείᾳ,
1007 863 1155 926 ὅπως
1201 863 1417 934 σημάνῃ
1447 862 1546 932 τὴν
1580 862 1839 932 ἀληθινὴν
1872 863 2024 916 ἐναν-

433 950 753 1023 θρώπησιν·
785 953 845 1006 τὸ
869 953 954 1018 δὲ,
987 954 1118 1019 υἱὸς
1152 952 1329 1020 ἐδόθη
1372 954 1536 1021 ἡμῖν,
1566 955 1712 1017 ὅπως
1748 953 1894 1025 δείξῃ
1933 954 2023 1006 τὸν

431 1042 642 1097 ἄνωθεν
670 1043 806 1097 Θεοῦ
841 1045 1033 1113 Λόγον,
1069 1044 1163 1098 καὶ
1198 1044 1327 1097 Υἱὸν
1361 1043 1494 1097 Θεοῦ
1530 1045 1690 1098 αὐτὸν
1721 1045 2020 1114 δειχθέντα,

430 1136 531 1188 καὶ
580 1137 638 1188 ἐν
695 1137 877 1207 μήτρᾳ
911 1136 1202 1206 γενόμενον
1249 1134 1780 1205 ὲνανΟρωπήσαντα,
1830 1133 2023 1202 ἔχοντα

430 1226 725 1297 ἀμφότερα
753 1226 885 1280 Θεὸν
905 1227 1000 1279 καὶ⁵
1031 1226 1334 1298 ἄνθρωπον,
1364 1226 1524 1278 αὐτὸν
1554 1225 1708 1289 Θεὸν,
1744 1224 1904 1277 αὑτὸν
1926 1225 2021 1279 ἄν-

430 1316 688 1388 θρωπον,
724 1318 885 1371 αὐτὸν
932 1319 1045 1372 υἱὸν
1081 1318 1286 1373 ἄνωθεν
1321 1318 1570 1379 δοθέντα,
1613 1317 1774 1370 αὑτὸν
1809 1317 2021 1370 παιδίον

426 1407 785 1478 γεννηθέντα.
828 1410 945 1479 Ἐφ’
983 1403 1045 1462 οῦ
1079 1410 1208 1481 ἔστη
1253 1409 1438 1463 λοιπὸν
1483 1410 1543 1461 τὸ
1574 1403 1715 1479 αἷμα
1740 1409 1835 1479 τῆς
1865 1426 2021 1480 περι-

429 1500 639 1570 τομῆς,
667 1501 744 1564 ὼς
783 1503 877 1555 καὶ
915 1504 975 1556 ὲν
1024 1501 1101 1572 τῷ
1146 1501 1464 1573 Εὑαγγελίῳ
1499 1501 1667 1570 λέγει’
1705 1501 1834 1555 Ὅτε
1859 1497 2019 1576 ἦλθον

412 1592 698 1660 ιἘλληνες
757 1592 1071 1666 βουλόμενοι
1117 1593 1279 1647 αὐτὸν
1335 1591 1667 1646 θεάσασθαι·
1716 1594 1807 1645 καὶ
1858 1588 2020 1663 ἦλθον

430 1686 571 1756 πρὸς
604 1685 890 1749 Φίλιππον,
932 1686 1029 1739 καὶ
1070 1686 1321 1755 λέγουσιν
1351 1686 1521 1757 αὐτῷ,
1555 1686 1739 1752 Δεῖξον
1765 1687 1895 1756 ἡμῖν
1928 1685 2019 1737 τὸν

430 1777 666 1845 Ἰησοῦνο
708 1778 803 1831 καὶ
831 1780 860 1831 6
884 1778 1151 1842 Φίλιππος
1193 1777 1272 1849 τῷ
1294 1778 1538 1849 Ἀνδρέᾳ,
1574 1777 1669 1831 καὶ
1698 1779 1726 1831 6
1761 1776 2017 1848 Ἀνδρέας

2130 583 2353 638 cisionis
2392 601 2559 639 cruor
2608 587 2936 644 inhibendus
2970 583 3124 657 erat,
3158 592 3215 646 in
3252 596 3573 650 memoriam
3620 614 3711 653 re-

2128 684 2366 729 vocaret.
2419 674 2600 742 Quare
2634 695 2755 733 mox
2804 688 2863 734 ut
2897 681 3031 734 illud
3080 684 3289 737 audivit
3331 700 3395 740 ac
3434 688 3707 757 praestitit,

2126 778 2156 817 e
2188 764 2375 835 medio
2403 781 2462 819 se
2494 767 2776 821 subduxit.
2807 769 2874 823 At
2902 772 3155 841 quisnam
3190 773 3279 828 ille
3309 774 3531 831 futurus
3562 786 3708 832 esset

2128 854 2331 918 infans,
2361 857 2569 926 accipe.
2605 860 2658 913 Is
2694 861 2837 913 enim
2871 875 2988 917 erat
3022 864 3087 918 de
3120 880 3230 933 quo
3264 868 3530 937 pr0pbeta
3558 869 3708 923 locu-

2127 953 2214 999 tus
2264 954 2348 999 est
2391 961 2403 998 :
2454 946 2523 1000 Et
2574 949 2741 1003 volent
2786 968 2898 1005 esse
2941 953 3058 1023 igne
3104 957 3382 1012 combusti.
3443 957 3707 1023 Quoniam

2123 1039 2372 1104 parvulus
2419 1050 2574 1094 natus
2618 1053 2693 1095 est
2726 1046 2893 1108 nobis,
2928 1057 2974 1099 et
3011 1047 3156 1115 ﬁlius
3187 1049 3346 1103 datus
3380 1059 3457 1103 est
3482 1052 3631 1104 nobis
3662 1052 3702 1104 ³.

2125 1129 2335 1195 Quibus
2374 1133 2552 1188 verbis
2579 1134 2815 1203 primum
2847 1145 3032 1191 natum
3071 1155 3257 1194 revera
3286 1141 3571 1209 parvulum
3607 1143 3700 1195 de-

2126 1223 2469 1287 monstravit,
2516 1232 2575 1278 ut
2609 1241 2735 1280 vere
2783 1238 3093 1298 susceptam
3126 1231 3193 1283 ab
3222 1246 3287 1284 eo
3324 1238 3574 1285 naturam
3605 1233 3705 1286 bo-

2124 1312 2287 1367 minis
2322 1315 2672 1385 signiﬁcaret.
2712 1316 2916 1373 Deinde
2960 1320 3228 1390 subjecit,
3266 1324 3410 1390 ﬁlius
3440 1323 3597 1378 datus
3627 1334 3704 1378 est

2124 1403 2306 1470 nobis;
2336 1416 2393 1460 ut
2440 1407 2692 1462 eumdem
2743 1408 2838 1464 Dei
2888 1426 3010 1467 esse
3042 1411 3280 1467 Verbum
3310 1431 3338 1468 e
3371 1416 3510 1468 cmlo
3554 1415 3704 1469 dcta-

2121 1514 2302 1569 psum,
2334 1497 2540 1569 Deique
2572 1498 2770 1554 Filium
2807 1503 3141 1558 declaratum
3188 1505 3534 1567 ostenderet,
3562 1515 3615 1560 et
3647 1507 3701 1560 in

2123 1601 2277 1646 utero
2320 1594 2559 1663 genitum
2582 1635 2597 1661 ,
2647 1594 3032 1666 hominemque
3080 1598 3315 1663 factum,
3348 1599 3419 1652 ita
3454 1598 3609 1669 153
3641 1606 3704 1653 ut

2121 1681 2392 1751 duplicem
2429 1685 2481 1736 in
2512 1700 2570 1739 se
2604 1693 2877 1750 naturam,
2919 1687 3013 1742 Dei
3046 1690 3320 1755 videlicet,
3356 1690 3702 1762 hominisque

2122 1774 2463 1840 contineret,
2502 1779 2839 1847 proindeque
2873 1777 3039 1834 Deum
3082 1782 3287 1851 pariter
3326 1792 3490 1853 atque
3526 1785 3702 1839 homi-

428 1869 509 1938 τῷ
544 1870 720 1940 Ἰησοῦ
759 1870 888 1943 ἔφη,
923 1872 1005 1925 ὅτι
1052 1870 1216 1938 Τινὲς
1256 1873 1557 1938 ’Έλληνες
1579 1871 1913 1935 βούλονταί
1943 1887 2009 1925 σε

2120 1879 2266 1929 nem,
2303 1873 2355 1919 et
2395 1866 2645 1920 eumdem
2676 1869 2939 1925 divinitus
2972 1872 3212 1926 oblatum
3254 1873 3444 1938 tilium,
3479 1890 3542 1927 ac
3571 1891 3702 1944 pue-

429 1958 784 2015 θεάσασθαι.
831 1962 942 2014 Καὶ
990 1962 1149 2026 εὐθὺς
1188 1965 1214 2016 6
1255 1962 1461 2034 Κύριος
1506 1960 1880 2031 ἀποκρίνεται,
1930 1961 2017 2014 λέ-

427 2065 566 2117 γων’
600 2049 713 2103 Νῦν
752 2051 987 2122 ἔφθασεν
1015 2056 1048 2125 ἡ
1080 2054 1207 2119 δόξα
1232 2054 1326 2108 τοῦ
1363 2054 1517 2108 Θεοῦ·
1554 2054 1640 2107 ἵνα
1684 2054 1833 2127 δείξῃ
1863 2071 2019 2125 περι-

426 2140 604 2211 τομὴν
658 2143 757 2211 μὲν
804 2146 1225 2217 παρερχομένην
1268 2145 1366 2216 τὴν
1414 2145 1698 2216 ἕνσαρκον,
1734 2145 1828 2198 καὶ
1861 2144 2015 2215 τύπῳ

427 2230 855 2301 ὑπηρετήσασαν
900 2234 1029 2306 ἄχρι
1073 2235 1287 2306 χρόνου,
1327 2234 1424 2306 τὴν
1452 2235 1506 2287 δὲ
1547 2237 1605 2287 ὲν
1640 2233 1803 2305 σαρκὶ
1848 2235 2015 2303 ἀκρο-

425 2320 656 2374 ϐυστίαν
703 2324 761 2376 ὲν
806 2325 1077 2395 πνεύματι
1127 2326 1358 2397 ἔχουσαν
1410 2327 1633 2396 μείζονα
1686 2325 2009 2396 περιτομὴν,

428 2413 741 2487 θεωροῦσαν
787 2417 1039 2488 Χριστὸν,
1088 2418 1181 2471 καὶ
1221 2418 1383 2471 αὑτὸν
1409 2420 1466 2471 ὲν
1501 2416 1727 2470 ἀλτοεία
1761 2415 2013 2486 κατειλη-

428 2509 615 2573 φυῖαν.

2120 1958 2300 2010 rulum
2333 1966 2540 2011 natum.
2570 1959 2627 2012 In
2653 1975 2760 2029 quo
2790 1961 3233 2019 circumcisionis
3259 1964 3517 2035 deinceps
3538 1981 3702 2020 cruor

2120 2049 2302 2114 stetit,
2354 2058 2412 2102 ut
2457 2049 2510 2102 in
2559 2048 2855 2120 Evangelio
2901 2053 3017 2124 ipse
3059 2064 3310 2110 testatur.
3365 2056 3500 2111 Cum
3554 2059 3698 2112 enim
3749 2100 3758 2108 .

2117 2141 2349 2210 gentiles
2383 2142 2599 2197 videndi
2631 2146 2751 2213 ejus
2782 2144 3056 2199 desiderio
3100 2148 3469 2202 accessissent
3496 2165 3509 2213 ;
3547 2155 3600 2201 et
3631 2148 3699 2200 ad

2120 2233 2425 2304 Philippum
2463 2237 2731 2291 adeuntes
2778 2237 3045 2291 dixissent
3083 2254 3096 2289 :
3135 2237 3375 2292 Ostende
3408 2239 3565 2292 nobis
3609 2237 3699 2292 Je-

2120 2342 2274 2391 snm;
2302 2340 2364 2378 ac
2392 2324 2677 2396 Philippus
2706 2328 2755 2382 id
2793 2327 3041 2391 Andreae,
3082 2330 3323 2385 Andreas
3357 2327 3578 2384 Christo
3611 2345 3695 2382 re-

2122 2418 2333 2471 tulisset
2377 2419 2462 2473 his
2507 2420 2688 2475 verbis
2720 2439 2733 2474 :
2760 2418 2988 2474 Gentiles
3033 2422 3247 2490 quidam
3300 2422 3473 2476 vfdere
3520 2432 3567 2476 te
3607 2438 3696 2475 cu-

2116 2508 2266 2576 piunt
2314 2507 2355 2571 ‘,
2394 2507 2659 2564 Dominus
2707 2508 2855 2564 illico
2902 2512 3412 2583 responditzNunc
3451 2514 3698 2582 pervenit

425 2602 604 2670 gloria
651 2601 770 2666 Dei,
821 2612 878 2658 nt
916 2607 1396 2661 circumcisionem
1445 2621 1630 2659 carnis
1678 2601 2008 2673 prieteriisse
2036 2601 2147 2671 jam
2180 2602 2419 2668 doceret,
2454 2612 2505 2657 et
2543 2602 2609 2656 ad
2639 2612 2847 2658 certum
2907 2614 3120 2675 tempus
3187 2606 3371 2676 ﬁgurae
3415 2605 3696 2669 serviisse,

420 2693 615 2746 carnis
677 2709 805 2750 vero
847 2697 1171 2766 praeputium
1220 2696 1493 2765 spirituali
1541 2710 1605 2750 ac
1675 2694 2043 2765 praestantiori
2114 2694 2534 2749 circumcisione
2596 2696 2882 2765 praeditum
2943 2698 3300 2768 contemplari
3376 2699 3693 2767 Christum,

423 2780 661 2851 ejusque
701 2786 876 2853 reipsa
916 2794 1221 2854 compotem
1265 2785 1401 2839 ﬁeri.

496 2875 634 2929 KH’.
670 2873 733 2926 Εἰ
767 2872 821 2924 δὲ
862 2871 1141 2942 βούλονται
1174 2864 1319 2925 οὗτοι
1350 2871 1547 2940 λέγειν,
1589 2871 1713 2934 ῐΙῶς
1744 2867 1835 2925 οὖν
1872 2873 2008 2943 Χριο

422 2967 553 3030 στὸς
581 2964 962 3037 περιετμήθη;
996 2964 1320 3018 ἀκούσονται
1347 3007 1361 3029 ,
1396 2965 1477 3016 ὅτι
1514 2964 1652 3035 Ἤδη
1690 2965 1789 3034 μὲν
1813 2959 1925 3027 οὖν,
1961 2957 2006 3016 ὦ

419 3058 856 3129 πεπλανημένοι,
896 3057 1179 3128 ἐδείξαμεν
1227 3058 1353 3127 ὑμῖν
1404 3056 1469 3108 δι’
1510 3056 1575 3126 ἣν
1614 3055 1791 3108 αἰτίαν
1846 3072 2004 3125 περι-

420 3149 663 3221 ετμήθη.
700 3149 1048 3220 Περιετμήθη
1083 3148 1192 3220 γὰρ
1226 3148 1314 3201 διὰ
1350 3147 1580 3210 πολλοὺς
1607 3146 1859 3217 τρόπους.
1898 3147 2009 3200 Καὶ

418 3240 666 3311 πρῶτον,
695 3240 780 3293 ἵνα
821 3238 970 3311 δείξῃ
1003 3241 1060 3292 έν
1095 3239 1321 3309 ἀληθείᾳ
1356 3237 1533 3309 σάρκα
1574 3236 1764 3290 ἑαυτὸν
1792 3236 2008 3307 ἀνειλη-

421 3333 606 3400 φέναι,
643 3330 733 3384 διὰ
780 3332 1079 3401 Μανιχαῖον
1130 3331 1223 3383 καὶ
1257 3332 1382 3396 τοὺς
1424 3331 1678 3399 λέγοντας
1708 3332 1765 3382 ὲν
1791 3329 2010 3400 δοκήσει

419 3425 758 3495 πεφηνέναι’
807 3423 1032 3491 ἔπειτα,
1089 3424 1176 3476 ἵνα
1227 3424 1394 3495 δείξῃ,
1431 3424 1507 3486 ὡς
1557 3423 1657 3476 οὐκ
1706 3416 1773 3491 ἦν
1817 3420 2009 3491 ὁμοού-

419 3533 540 3569 σιον
574 3515 684 3585 (46)
718 3515 777 3569 τὸ
812 3514 973 3586 σῶμα
1006 3518 1073 3586 τῇ
1110 3515 1343 3586 θεότητι,
1406 3514 1481 3578 ὼς
1521 3512 1685 3584 φησὶν
1726 3512 2005 3564 Ἀπολινά-

419 3621 572 3676 ροντ’
603 3604 719 3658 ἀλλ’
751 3602 874 3657 οὔτε
907 3604 1114 3659 ἄνωθεν
1155 3603 1286 3658 αὐτὸ
1327 3604 1702 3673 κατενήνοχεν,
1750 3602 1827 3665 ὡς
1858 3600 2007 3669 λέγει

414 3698 776 3762 υιῖδαλεψιτῖνος1
795 3715 808 3728 ·
845 3698 938 3751 καὶ⁵
962 3697 1049 3751 ἵνα
1077 3695 1352 3767 βεϐαιώσῃ
1372 3698 1439 3766 ἢν
1469 3696 1636 3748 πάλαι
1658 3694 1823 3747 ἔδωκε
1852 3710 2009 3763 περι-

415 3789 598 3860 τομὴν
624 3788 847 3852 δικαίως
872 3788 1299 3858 ὑπηρετήσασαν
1331 3786 1434 3849 ἕως
1464 3787 1564 3857 τῆς
1599 3783 1764 3839 αὑτοῦ
1796 3801 2006 3856 παρου-

416 3882 569 3945 σίας,
594 3882 689 3937 καὶ
720 3880 808 3935 διά
840 3881 901 3934 τὸ
928 3879 1002 3951 μὴ
1036 3878 1182 3948 ἔχειν
1205 3878 1329 3942 τοὺς
1364 3877 1652 3941 Ἰουδαίους
1685 3877 2003 3944 ἀπολογίαν.

419 3975 485 4026 Εἰ
519 3973 628 4044 γὰρ
663 3972 739 4043 μὴ
788 3970 1158 4042 περιετμήθη,
1213 3964 1612 4041 εἶχονλέγεινο
1660 3970 1775 4022 Οὐκ
1807 3967 2006 4038 ἠδυνά-

418 4061 566 4132 μεθα
598 4061 834 4132 Χριστὸν
855 4060 1109 4127 δέξασθαι
1136 4061 1192 4111 ἐν
1219 4058 1572 4131 ἀκροϐυστίᾳ.
1596 4058 1806 4121 ’Ἄλλως
1831 4075 1889 4110 τε
1912 4058 2007 4111 καὶ

412 4154 526 4206 ἔδει
561 4152 723 4206 αὑτὸν
757 4151 1133 4223 ἐντειλάμενον
1163 4151 1240 4221 τῷ
1285 4150 1537 4223 Ἀϐραὰμ
1576 4149 2004 4221 περιτμηθῆναι,

417 4243 718 4316 σφραγῖδος
752 4242 916 4296 ἕνεκα
950 4241 1304 4312 φαινομένης,
1339 4240 1420 4302 εἰς
1447 4238 1617 4292 τύπον
1651 4240 1708 4292 δὲ
1743 4238 2007 4309 ἀληθινῆς

414 4337 514 4388 καὶ
551 4334 783 4408 ἀοράτου
838 4332 1117 4405 δοθείσης,
1165 4330 1261 4385 νῦν
1303 4328 1709 4401 περιτμηθῆναι
1754 4329 1959 4401 ταύτην
1985 4330 2002 4361 ¹

418 4428 743 4499 βεϐαιῶσαι.
777 4426 1027 4494 Ἐγένετο
1056 4424 1164 4495 γὰρ
1192 4426 1225 4494 ἡ
1262 4422 1559 4493 φαινομένη
1593 4421 1865 4493 περιτομὴ
1887 4421 2003 4474 ἒνε-
2035 4443 2078 4497 ι)

419 4536 515 4573 κεν
549 4517 848 4587 δισταγμοῦ
887 4516 981 4570 τοῦ
1024 4516 1295 4587 Ἀϐραὰμ,
1339 4516 1426 4569 ὅτε
1462 4508 1615 4567 εἶπεν
1645 4516 1673 4566 ό
1714 4515 1871 4581 ἅγιος
1908 4513 2002 4567 καὶ

414 4614 630 4676 δίκαιος
665 4611 741 4676 ὡς
778 4612 836 4663 ὲν
869 4609 1180 4679 δισταγμῷ·
1205 4611 1273 4662 El
1302 4607 1379 4673 τῷ
1409 4605 1847 4661 ἑκατονταέτει²
1872 4604 1998 4670 υἱὸς

421 4704 779 4774 γενήσεται;
824 4702 922 4756 καὶ
970 4705 1023 4756 εὶ
1069 4700 1267 4770 Σάῤῥα
1296 4700 1334 4766 ή
1373 4697 1696 4768 πρεσϐῦτις
1722 4696 2007 4766 γεννήσει

424 4798 594 4858 ιιιόν;
620 4794 730 4848 Kal.
752 4792 910 4863 ερθῦς
943 4795 971 4846 6
1009 4791 1211 4863 Κύριος
1232 4808 1245 4821 °
1284 4789 1440 4845 Λάϐε
1472 4807 1574 4859 μοι
1605 4790 1773 4858 κριὸν
1802 4789 2010 4856 τριετί-

417 4886 593 4944 (orta
620 4885 755 4956 (I7),
802 4883 901 4937 καὶ
944 4878 1084 4951 αἶγα
1125 4879 1225 4933 καὶ
1267 4870 1548 4948 δάμαλιν,
1593 4878 1688 4932 καὶ
1736 4877 1806 4931 τά
1855 4876 2003 4947 ἑξῆς.

415 4978 530 5033 Καὶ
561 4977 690 5045 περὶ
720 4976 832 5045 τὴν
858 4974 964 5028 τοῦ
992 4975 1174 5041 ἡλίου
1202 4972 1402 5036 δύσιν,
1430 4972 1510 5036 ὼς
1539 4965 1660 5024 εἶδε
1685 4968 2005 5039 λαμπάδας

489 5137 505 5167 ¹
538 5153 631 5204 γρ.
661 5134 755 5189 καὶ
783 5130 1008 5202 ταύτην.
1087 5131 1107 5160 ²
1134 5127 1521 5197 ὲκατονταέτῃ.

484 5247 611 5319 (όῖᾓ
638 5247 759 5319 Ὅτι
810 5244 1185 5319 ρεεβῄσουσιν
1228 5244 1280 5319 εὶ
1328 5240 1627 5319 ἐγένοντο.
1668 5237 1853 5308 Neque
1902 5240 1995 5319 hic

410 5308 795 5374 cuin'Hebraeo
822 5308 963 5367 LXX
994 5308 1378 5368 consentiunt.
1402 5308 1847 5380 Vulgnlanostra
1875 5329 1888 5363 :
1924 5310 1993 5362 Et

412 5392 776 5444 vestimentum
809 5386 1024 5438 mistum
1056 5384 1312 5444 sanguine
1345 5381 1447 5435 erit
1481 5383 1539 5433 in
1560 5381 1991 5438 combustionem,

409 5472 459 5514 et
491 5460 640 5513 cibus
668 5458 826 5527 ignis.
864 5455 969 5510 Pro
999 5470 1109 5525 quo
1142 5447 1340 5515 Graeci,
1374 5451 1467 5504 καὶ
1498 5450 1815 5520 θελήσουσιν
1853 5447 1992 5502 εἶναι

411 5530 794 5606 πυρὲξαιιετοι-
925 5596 948 5606 -
1062 5593 1088 5606 -
1132 5594 1181 5606 .-
1288 5593 1301 5606 .
1433 5593 1443 5605 .
1539 5586 1566 5606 .
1665 5593 1677 5606 .
1812 5591 1822 5605 .

485 5593 596 5669 (ili)
640 5600 883 5650 Ἔπειτα
925 5596 1025 5648 ἵνα
1052 5593 1248 5669 δείξῃ,
1270 5593 1350 5669 ὡς
1382 5593 1493 5644 οὐκ
1526 5593 1605 5659 ἦν
1645 5593 1988 5669 (inmemor.

414 5664 748 5738 Apollinaris
795 5681 1012 5723 carnem
1048 5665 1251 5741 Christi
1298 5667 1367 5741 ab
1408 5671 1613 5741 retento
1669 5664 1865 5741 litasse,
1900 5676 1998 5741 nec

414 5729 479 5793 (ιὲ
510 5741 763 5815 νινείιιεΔ
783 5747 963 5815 natam
1012 5738 1267 5815 asseruit.
1305 5732 1530 5815 Cregor.
1564 5729 1820 5815 Nazianz.
1854 5739 1996 5810 orat.

419 5826 542 5865 xtvt
581 5802 1041 5866 ε’Διαϐεϐαιοῦται
1102 5806 1209 5876 γὰρ
1259 5804 1332 5874 μὴ
1383 5802 1673 5868 ἐπίκτητον
1719 5802 1856 5854 εἶναι
1900 5802 1995 5867 τὴν

1601 5127 1621 5158 ³
1653 5125 1757 5182 Isa.
1790 5142 1865 5191 ιι,
1907 5125 1960 5190 5,
1991 5125 2046 5181 6.

2189 2863 2427 2920 XXVIII.
2471 2865 2629 2932 Quod
2658 2868 2704 2923 si
2752 2868 2897 2923 istud
2933 2871 3093 2926 nobis
3122 2872 3387 2942 objicient
3412 2893 3424 2929 :
3450 2875 3563 2933 Cur
3592 2878 3696 2949 igi-

2116 2964 2206 3009 tur
2236 2956 2600 3011 circumcisus
2635 2968 2716 3013 est
2749 2958 3045 3015 Christus?
3075 2962 3146 3017 ita
3180 2978 3209 3015 a
3245 2965 3403 3020 nobis
3432 2968 3692 3026 audient:

2113 3045 2443 3100 Jamdudum
2471 3049 2711 3116 quidem,
2732 3065 2764 3104 ο
2787 3051 3038 3107 homines
3061 3054 3320 3123 opinione
3348 3056 3483 3113 falsa
3509 3060 3691 3117 ducti!

2114 3154 2338 3193 causam
2376 3139 2531 3195 vobis
2578 3155 2677 3194 cur
2722 3150 2869 3197 esset
2911 3144 3275 3201 circumcisus
3324 3150 3693 3209 ostendimus.

2114 3227 2299 3282 Multis
2333 3228 2477 3281 cnim
2511 3229 2563 3282 id
2605 3228 2671 3284 de
2707 3233 2891 3287 causis
2921 3234 3210 3287 sustinuit.
3247 3234 3513 3303 Primum,
3551 3251 3606 3294 ut
3634 3258 3693 3298 se

2111 3335 2333 3374 carnem
2391 3335 2582 3375 revera
2639 3322 2887 3379 induisse
2929 3334 3281 3389 monstraret,
3324 3341 3550 3400 propter
3579 3333 3693 3387 Ma-

2110 3413 2403 3478 nicbaaum,
2439 3420 2800 3484 caeterosque,
2838 3417 2932 3485 qui
2964 3418 3325 3475 similitudine
3360 3426 3596 3492 quadam
3628 3442 3691 3480 ac

2110 3504 2299 3573 specie
2328 3505 2593 3559 duntaxat
2636 3509 2963 3576 apparuisse
3003 3508 3336 3566 docuerunt.
3380 3511 3586 3570 Deinde
3632 3526 3690 3571 ut

2109 3611 2311 3665 corpus
2346 3596 2621 3651 divinitati
2658 3601 3134 3655 consubstantiale
3164 3617 3276 3656 non
3314 3618 3439 3659 esse
3464 3604 3693 3661 demon-

2110 3696 2334 3753 straret,
2368 3697 2427 3743 ut
2462 3690 2798 3761 Apollinaris
2833 3694 3148 3760 existimat;
3180 3709 3282 3750 nec
3312 3711 3343 3751 ε
3375 3697 3515 3754 caelo
3543 3700 3691 3753 dela-

2109 3785 2225 3834 tum
2271 3780 2326 3834 in
2383 3788 2582 3844 terras,
2625 3782 2718 3852 qui
2773 3782 3051 3839 Valentini
3096 3800 3254 3839 error
3288 3786 3409 3841 fuit.
3454 3786 3593 3844 Tum
3632 3802 3690 3845 ut

2109 3871 2273 3940 cujus
2318 3872 2447 3926 olim
2501 3873 2950 3930 circumcisionis
2996 3886 3193 3930 auctor
3238 3877 3438 3943 fuerat,
3470 3896 3590 3935 eam
3622 3883 3689 3936 ad

2108 3962 2402 4017 adventum
2450 3979 2627 4033 usque
2675 3979 2835 4019 suum
2877 3967 3222 4022 observatam
3285 3970 3455 4026 fuisse
3492 3974 3690 4028 merito

2108 4054 2531 4123 comprobaret,
2573 4063 2737 4124 atque
2780 4063 2839 4109 ut
2870 4071 3088 4111 omnem
3124 4058 3330 4115 Judaais
3369 4064 3690 4117 excusatio-

2107 4159 2234 4198 nem
2265 4144 2522 4213 eriperet.
2556 4144 2671 4199 Nisi
2699 4145 2845 4199 enim
2878 4147 3246 4204 circumcisus
3279 4150 3440 4213 foret,
3478 4153 3587 4208 hoc
3619 4153 3689 4207 ad

2108 4233 2193 4287 sui
2233 4234 2617 4303 purgationem
2651 4233 2848 4288 afferre
2869 4237 3178 4303 potuissent
3219 4256 3233 4291 :
3260 4238 3370 4295 Nos
3401 4240 3686 4296 Christum

2107 4322 2378 4393 prmputio
2408 4323 2697 4392 praeditum
2739 4324 2975 4394 probare
3010 4328 3378 4395 nequivimus.
3420 4329 3686 4387 Praeterea

2106 4430 2237 4469 vero
2266 4429 2392 4469 eum
2418 4418 2735 4485 oportebat,
2768 4417 2858 4486 qui
2906 4415 3219 4473 Abrnliamo
3247 4421 3687 4478 circumcidendi

2110 4508 2198 4562 sui
2251 4508 2572 4562 mandatum
2615 4508 2895 4575 ediderat,
2933 4519 2989 4563 ut
3032 4510 3099 4563 ad
3156 4514 3266 4566 veri
3304 4522 3357 4568 et
3401 4526 3685 4583 aspectum

2112 4599 2371 4670 fugientis
2421 4600 2860 4655 adumbrandam
2905 4602 3196 4672 imaginem
3228 4621 3499 4674 apparens
3554 4608 3685 4662 illud

2110 4690 2330 4761 signum
2364 4701 2417 4744 et
2458 4692 2794 4760 aspectabile
2839 4706 2953 4761 prae
2988 4708 3048 4747 se
3090 4693 3281 4757 ferret,
3326 4708 3504 4749 ratum
3552 4699 3685 4753 illud

2108 4798 2208 4839 sua
2234 4784 2659 4839 circumcisione
2684 4786 2883 4840 facere.
2910 4784 3046 4840 Nam
3074 4795 3303 4842 externa
3333 4789 3424 4842 illa
3450 4791 3687 4845 circum.

2107 4877 2245 4932 cisio
2300 4876 2618 4930 Abrahamo
2674 4879 2745 4930 ob
2796 4878 2919 4946 ejus
2961 4879 3362 4934 haesitationem
3427 4882 3685 4951 imposita

2107 4969 2242 5033 fuit;
2289 4985 2414 5022 cum
2446 4970 2530 5022 vir
2579 4978 2808 5023 sanctus
2854 4983 2919 5023 ac
2969 4970 3154 5039 justus
3200 4973 3349 5026 velut
3378 4971 3685 5028 dubitando

2123 5128 2144 5156 ⁵
2170 5124 2329 5181 Joan.
2363 5143 2461 5191 ιιι,
2487 5126 2578 5181 2|.

2103 5241 2280 5330 σάρξα
2306 5241 2428 5296 κατ’
2443 5242 2753 5330 οίιιονομίαν
2780 5242 2885 5296 ὑπὸ
2908 5242 3002 5330 τοῦ
3031 5244 3353 5329 μονογενοῦς
3371 5245 3502 5300 Υίοῦ
3519 5264 3685 5330 προσ-

2100 5313 2394 5401 ληὲοεὶσαν
2442 5314 2549 5401 gul!
2575 5313 3053 5401 pegaﬁotxet‘tbcst
3101 5315 3219 5401 cili
3246 5316 3460 5401 φῦσεῳς
3505 5313 3682 5401 ἡμῶν,

2100 5383 2214 5465 ἀλλ’
2250 5383 2309 5448 ἐξ
2332 5385 2506 5453 ἀρχῆς
2533 5385 2589 5435 ὲν
2618 5383 2695 5453 τῷ
2728 5384 2840 5454 Υίῷ
2871 5385 2971 5456 τὴν
3000 5383 3267 5457 σαρκώδη
3282 5388 3497 5460 ἐκείνην
3524 5383 3684 5458 φύσιν

2101 5464 2613 5596 εΝᾶιίὶθίξᾶϐίε-οζοι
2639 5523 2824 5596 τόμον
2865 5523 3110 5591 χάρτου.
3155 5524 3265 5579 Vox
3297 5526 3497 5596 χάρτου
3531 5529 3683 5580 abest

2102 5608 2130 5644 a
2182 5597 2396 5662 vulgata
2448 5592 2587 5645 LXX
2637 5593 2994 5663 interpretum
3045 5592 3443 5651 editionefSt-d
3474 5599 3526 5650 in
3561 5599 3683 5650 uitis

2104 5664 2256 5739 o|i_m,
2289 5671 2622 5739 utapparct,
2659 5664 2816 5717 lecta.
2864 5666 3096 5722 Basilius
3144 5676 3326 5722 autem
3370 5669 3533 5739 τόμον
3565 5684 3682 5721 και-

2105 5732 2194 5787 νοῦ
2233 5732 2488 5804 μεγάλοῦ.
2800 5766 2807 5775 ~
