3982 6426
462 403 565 461 455

1857 381 1916 438 S.
1961 378 2303 436 ΕΡΙΡἩΑΝΙΙ

3618 378 3718 436 ιεο

458 520 739 575 dixisset:
777 514 860 568 An
919 509 1219 566 centenario
1275 509 1518 559 nascetur
1547 499 1738 570 ﬁlius?
1779 506 1828 553 et
1877 496 2044 553 Sarra

2171 495 2338 563 τυρὸς
2389 491 2489 547 καί
2527 494 2837 559 κλίϐανον,
2872 491 2968 547 καὶ
3017 492 3206 549 τᾶλλα.
3255 493 3445 566 Msa;
3501 495 3644 567 αὐτῷ
3697 502 3724 552 ὁ

454 627 572 686 jam
627 623 762 664 auus
814 605 988 674 ﬁlium
1044 597 1315 670 pariet“?
1372 595 1682 662 Statimque
1734 589 1996 644 Dominus
2030 607 2067 642 ε.

461 684 644 765 Sume,
680 696 880 767 inquit,
910 692 1041 748 mihi
1092 691 1310 744 arietem
1361 700 1623 739 annorum
1667 684 1850 745 trium,
1879 689 1927 734 et
1960 695 2050 732 ca—

462 808 636 865 pram,
670 800 721 844 et
757 801 992 849 vaccam,
1019 790 1128 839 etc.
1163 780 1395 848 Cumque
1430 776 1512 829 sol
1552 772 1901 836 occumberet,
1931 785 2050 823 cum

465 884 735 954 lampades
764 880 901 952 ignis
926 888 975 933 et
1004 875 1272 949 clibanum
1300 871 1534 935 uidisset,
1564 878 1697 935 etc.,
1731 867 1852 936 ejus
1882 865 2049 921 casti-

466 976 628 1047 gandi
668 986 838 1028 causa
882 968 1027 1023 Deus
1060 964 1236 1022 edixit
1273 982 1287 1020 :
1341 962 1691 1031 Peregrinum
1732 959 1833 1013 erit
1878 972 2055 1011 semen

468 1080 617 1122 tuum
646 1067 699 1119 in
734 1076 877 1118 terra
912 1061 1112 1121 aliena,
1145 1067 1196 1111 et
1232 1055 1511 1125 subjicient
1546 1069 1632 1106 eos
1656 1051 1895 1106 servituti
1921 1066 2055 1119 qua-

463 1156 752 1227 dringentis
779 1154 936 1207 annis
956 1154 1000 1205 ².
1024 1147 1393 1217 Quamobrem
1415 1142 1734 1199 stabilitatis
1764 1139 2052 1210 cujusdam

464 1263 527 1303 ac
562 1246 838 1301 firmitatis
887 1244 1102 1315 gratia,
1158 1254 1260 1311 pro
1293 1235 1456 1309 154
1502 1250 1570 1291 eo
1625 1232 1772 1305 quod
1802 1230 2056 1287 nonnihil

465 1339 797 1395 addubitans
818 1335 1049 1391 dixisset
1076 1351 1089 1387 :
1111 1331 1256 1386 Num
1282 1328 1582 1384 centenario
1603 1333 1852 1379 nascetur
1869 1322 2056 1392 ﬁlius?

464 1447 536 1484 ne
576 1430 702 1499 ejus
740 1426 948 1498 posteri
986 1423 1306 1502 infidelibus
1338 1419 1725 1486 idolorumque
1751 1414 2056 1469 cultoribus

468 1519 746 1592 Egyptiis
796 1521 851 1571 in
912 1516 1238 1571 servitutem
1274 1512 1408 1575 dati,
1468 1510 1536 1564 ad
1579 1508 1803 1564 eosdem
1834 1520 1973 1577 quos
2004 1513 2059 1560 et

468 1614 619 1669 illius
644 1610 881 1681 majores
909 1607 1154 1663 venerati
1189 1607 1428 1666 fuerant,
1465 1603 1597 1657 deos
1629 1615 1750 1657 sese
1790 1597 2059 1653 transfer-

468 1712 613 1765 rent,
664 1710 776 1755 tam
822 1700 1140 1755 Abrahamo
1190 1697 1317 1767 ipsi,
1354 1710 1519 1766 quam
1573 1694 1695 1763 ejus
1736 1692 1893 1761 stirpi
1940 1693 2055 1743 cir-

470 1793 872 1849 cumcisionem
909 1791 1055 1845 illam
1091 1788 1281 1843 carnis
1327 1786 1549 1850 inussit,
1582 1794 1641 1838 ut
1674 1785 1796 1852 ejus
1833 1787 2055 1852 aspectu

2147 586 2280 649 Θεὸς
2310 585 2431 639 κατ’
2467 586 2783 656 ἐπιτίμησιν
2804 601 2817 615 ·
2854 584 3152 655 Πάροικον
3187 585 3361 646 ἔσται
3396 586 3469 641 τὸ
3496 586 3724 656 σπέρμα

2146 694 2265 733 σου
2291 679 2360 732 ἐν
2387 676 2461 748 τῇ
2494 678 2805 747 ἀλλοτρίᾳ,
2840 677 2941 731 καὶ
2975 676 3555 733 καταδουλώσουσιν·
3580 678 3729 745 αὐτῷ

2149 772 2253 837 ἐτη
2278 770 2653 837 τετρακόσια,
2677 768 2983 839 ἀσφαλείας
3003 767 3167 822 ἕνεκα
3193 768 3279 822 διά
3298 768 3397 823 τὸν
3419 770 3727 841 δισταγμὸν,

2149 860 2216 913 δι’
2247 859 2306 912 ὃν
2336 855 2509 923 εἶπεν,
2546 861 2614 913 El
2652 857 2734 925 τῷ
2766 858 3166 927 ἐκατονταέτῃ
3209 860 3340 927 υίὸς
3384 858 3731 929 τεν-ήσεως

2153 951 2239 1004 ἵνα
2271 950 2345 1021 μὴ
2375 948 2781 1003 καταδουλωθὲν
2827 949 2890 1002 τὸ
2934 949 3157 1020 σπέρμα
3189 949 3293 1003 ὑπὸ
3336 950 3732 1022 εἰδωλολατρῶν

2153 1041 2249 1093 καὶ
2282 1041 2527 1094 ἀπίστων
2551 1040 2864 1108 Αἰγυπτίων
2894 1039 3219 1112 ἐπιλάθηται
3250 1040 3392 1094 Θεοῦ
3435 1041 3547 1096 τῶν
3578 1042 3735 1095 πατέι

2156 1149 2267 1203 ρων
2294 1132 2480 1198 αὐτοῦ,
2515 1132 2784 1202 ἐπέθηκεν
2813 1131 2964 1202 αὺτῷ
3002 1133 3099 1186 καὶ
3131 1135 3314 1197 αὐτοῖς
3346 1134 3453 1205 τὴν
3485 1134 3735 1206 ἐνσαρκον

2156 1222 2480 1294 περιτομὴν,
2513 1222 2601 1275 ἵνα
2633 1220 2869 1292 ὁρῶντες
2897 1221 3429 1292 ὑπομιμνήσκωνται
3450 1262 3466 1285 ,
3498 1222 3594 1274 καὶ⁵
3624 1222 3737 1275 δυσ-

2155 1315 2449 1379 ωπῶνται,
2499 1316 2591 1368 καὶ
2634 1315 2709 1385 μὴ
2758 1312 3031 1384 ἀρνῶνται
3073 1314 3256 1366 αὐτόν.
3305 1314 3422 1369 Καὶ
3462 1314 3736 1385 διήρκεσεν

2156 1407 2285 1478 ἄχρι
2332 1406 2572 1479 Χριστοῦ
2618 1405 2811 1460 τοῦτο’
2858 1407 2954 1460 καὶ
2984 1405 3176 1461 τούτου
3226 1406 3394 1460 ἕνεκα
3451 1407 3547 1460 καὶ
3590 1407 3739 1471 αὐτὸς

2158 1499 2370 1563 εὐδοκεῖ
2422 1497 2865 1570 περιτμηθῆναι·
2917 1499 3011 1551 καὶ
3068 1484 3359 1568 ἄνθρωπος
3421 1498 3645 1567 γέγονεν
3686 1501 3738 1552 ὲν

2158 1590 2406 1662 ἀληθείᾳ,
2443 1587 2650 1644 ἀνωθεν
2684 1588 2855 1642 ὲλθὼν
2903 1593 2968 1643 ὲκ
3008 1590 3220 1660 Πατρὺς
3252 1590 3388 1655 Θεὸς
3430 1591 3623 1659 Λόγος,
3655 1593 3739 1646 καὶ

2159 1682 2259 1734 οὐκ
2294 1681 2630 1751 ἀποθέμενος
2670 1682 2771 1753 τὴν
2817 1680 3079 1752 θεότητα·
3118 1682 3254 1736 ἀλλά
3293 1684 3479 1754 σάρκα
3519 1682 3739 1754 φορέσας

2160 1776 2219 1827 ὲν
2253 1773 2512 1846 ἀληθείᾳ,
2547 1772 2761 1827 τελείαν
2797 1791 2857 1827 τε
2903 1773 3319 1845 ὲνανθρὼπησιν
3355 1774 3501 1845 ἔχων
3537 1774 3739 1846 περιτέ-

470 1884 840 1941 commonitos
887 1882 1193 1937 reverentia
1240 1878 1489 1949 qumdam
1537 1876 1783 1930 numinis
1825 1874 2059 1935 subiret.

2171 1883 2394 1937 μνεται,
2435 1865 2505 1919 τὰ
2559 1866 2738 1920 πάντα
2790 1866 3092 1936 οίκονομῶν
3130 1867 3188 1919 ὲν
3235 1865 3493 1938 ἀληθείᾳ,
3532 1866 3615 1919 ἵνα
3658 1867 3739 1920 καὶ

471 1992 585 2049 quo
635 1977 822 2032 minus
870 1975 1091 2044 ejnrare
1138 1972 1272 2027 illud
1323 1970 1611 2025 auderent.
1653 1968 1726 2022 Ea
1773 1980 1937 2037 porro
1994 1966 2063 2020 ad

469 2069 755 2125 Christum
799 2081 977 2137 usque
1011 2064 1359 2135 permansit:
1402 2062 1637 2132 ideoque
1668 2066 1722 2115 et
1763 2059 1909 2113 ultro
1950 2057 2062 2112 cir-

471 2159 713 2216 cumcidi
741 2159 859 2230 ipse
882 2159 1077 2221 voluit,
1098 2165 1153 2212 et
1178 2157 1342 2210 homo
1366 2154 1550 2224 reipsa
1582 2151 1762 2207 factus
1786 2160 1890 2216 est,
1919 2149 2063 2204 idem

471 2254 567 2325 qui
607 2262 663 2308 et
699 2252 842 2309 Deus
882 2250 1116 2307 Verbum
1150 2265 1179 2304 a
1209 2248 1372 2302 Patre
1403 2248 1471 2303 de
1494 2248 1637 2302 coelo
1671 2247 1919 2315 lapsum,
1954 2256 2063 2296 non

472 2361 592 2402 eam
630 2358 796 2415 quam
840 2343 1078 2398 habebat
1104 2340 1448 2395 divinitatem
1486 2336 1767 2408 deposuit,
1810 2333 1904 2390 sed
1936 2348 2063 2387 vere

474 2451 698 2492 carnem
732 2434 990 2498 induens,
1028 2440 1193 2502 atque
1221 2446 1287 2484 ex
1323 2429 1569 2500 perfecta
1600 2426 1839 2483 hominis
1866 2432 2062 2480 natura

2177 1958 2454 2021 Ἰουδαῖοι,
2491 1957 2569 2020 ὡς
2613 1959 2875 2030 προεῖπον
2901 1997 2915 2022 ,
2965 1957 3366 2027 ἀναπολόγητοι
3422 1958 3606 2022 ὕντες,
3656 1956 3740 2011 καὶ

2164 2053 2478 2121 Μανιχαϊοι,
2518 2050 2613 2103 καὶ
2658 2049 2809 2104 ἄλλοι
2842 2048 3300 2120 ὲλεγχθήσωνται,
3334 2049 3434 2103 καὶ
3470 2049 3558 2104 ἵνα
3602 2050 3741 2120 τίερι-

2162 2141 2394 2213 τμηθεὶς
2424 2141 2661 2210 εὐλόγως
2689 2143 2969 2215 καταλύσῃ
2992 2143 3090 2215 τὴν
3123 2143 3452 2216 περιτομὴν,
3476 2144 3569 2197 καὶ
3590 2144 3741 2211 ἀλλην

2167 2232 2595 2307 μείζοναεδείξῃ·
2628 2224 2727 2304 οὐχ
2758 2234 2835 2297 ὠς
2872 2235 2947 2305 μὴ
2977 2233 3137 2304 ἔχων,
3165 2236 3259 2288 καὶ
3286 2234 3475 2305 ἐαυτῷ
3510 2233 3742 2289 συνιστά-

2142 2321 2352 2399 μενος,
2386 2327 2522 2381 ἀλλὰ
2564 2327 2702 2399 ἔχων
2739 2327 2859 2398 μὲν,
2895 2330 3110 2393 δεικνὺς
3140 2328 3219 2387 δὲ.
3248 2328 3333 2382 ὃτι
3372 2328 3578 2399 ταύτης
3627 2328 3743 2381 οὐκ·

2170 2421 2251 2474 ἐτι
2273 2420 2390 2473 ἐστὶ
2422 2420 2601 2491 χρεία,
2627 2419 2764 2474 ἀλλά
2790 2420 2889 2489 τῆς
2922 2420 3185 2490 μείζονος.

475 2529 813 2592 coalescens,
855 2526 1341 2581 circumcisionem
1380 2522 1689 2593 usurpavit.
1729 2520 1885 2586 Quod
1914 2526 2088 2574 totum
2128 2532 2193 2571 ex
2238 2517 2317 2570 rei
2356 2516 2590 2569 veritate
2620 2523 2836 2585 gestum
2880 2524 3001 2579 est,
3032 2525 3091 2568 ut
3130 2523 3185 2570 et
3228 2513 3437 2577 Judari,
3500 2512 3742 2583 quemad-

476 2623 699 2679 modum
769 2620 978 2676 dictum
1006 2628 1112 2687 est,
1152 2627 1207 2674 et
1240 2617 1723 2685 Manichaei,omni
1762 2612 2221 2684 tergiversatione
2260 2611 2503 2677 sublata,
2573 2610 2831 2664 convinci
2907 2610 3170 2665 facillime
3229 2618 3490 2680 possent,
3538 2624 3599 2663 ac
3642 2609 3740 2661 cir-

479 2713 760 2769 cumcisus
800 2715 921 2783 ipse
970 2712 1231 2782 abrogata
1313 2711 1514 2767 merito
1571 2709 1995 2765 circumcisione
2058 2705 2324 2783 majorem
2371 2703 2665 2775 quamdam
2706 2703 3013 2758 induceret.
3089 2702 3207 2757 Non
3234 2704 3400 2773 quasi
3443 2705 3620 2773 priore
3664 2702 3741 2754 illa

481 2815 718 2871 careret,
758 2807 1095 2876 minimeque
1122 2807 1459 2875 suscepisset
1493 2806 1548 2859 in
1580 2819 1738 2871 sese;
1772 2801 1868 2859 sed
1910 2810 2062 2856 utea
2105 2799 2430 2871 perfunctus
2470 2799 2609 2853 nihil
2645 2798 2759 2868 jam
2790 2814 2915 2854 esse
2979 2800 3355 2854 necessariam
3426 2797 3739 2857 ostenderet.

481 2900 579 2956 sed
617 2901 781 2954 aliam
821 2900 980 2968 longe
1013 2898 1103 2952 illa
1137 2898 1600 2967 praastantiorem.

556 2989 750 3046 XXIX.
780 2989 938 3056 Quod
971 2996 1153 3044 autem
1178 2987 1417 3042 subinde
1439 2989 1494 3041 in
1515 2986 1693 3041 lucem
1716 2984 1897 3039 editus
1923 2983 2067 3038 Dens

2243 2978 2372 3033 KG'.
2412 2978 2521 3030 Καὶ
2553 2977 2634 3030 ὅτι
2688 2977 2786 3048 μὲν
2818 2977 2981 3040 εὐθὺς
3027 2977 3310 3049 γεννηθεὶς
3364 2979 3500 3043 Θεὸς
3538 2975 3632 3051 ἦν,
3664 2979 3743 3031 καὶ

485 3081 671 3141 fuerit,
714 3095 827 3135 non
871 3079 1033 3133 homo
1072 3076 1363 3141 duntaxat,
1408 3090 1438 3129 a
1482 3075 1657 3146 magis
1690 3082 1878 3145 aperte
1917 3087 2068 3126 com-

2173 3070 2235 3124 οὺ
2266 3070 2419 3139 ψιλὸς
2452 3068 2759 3139 ἄνθρωπος,
2796 3069 2846 3121 οἱ
2886 3070 3051 3138 μάγοι
3086 3070 3275 3138 σαφῶς
3313 3070 3574 3136 δείξουσι.
3610 3072 3743 3124 Μετὰ

482 3172 774 3243 probatum
801 3177 907 3226 est.
946 3168 1229 3239 Siquidem
1262 3168 1453 3237 elapso
1485 3166 1599 3236 jam
1641 3164 1885 3225 biennio,
1916 3160 2061 3232 quod

2171 3161 2275 3231 γὰρ
2303 3159 2397 3213 δύο
2426 3159 2563 3213 ἐτῶν
2586 3161 2800 3231 χρόνον,
2830 3161 2906 3224 ὡς
2938 3160 3143 3225 ἔδειξαν
3172 3161 3248 3232 τῷ
3281 3161 3340 3215 Ἦ
3358 3163 3501 3234 ρώδῃ
3530 3163 3615 3215 τὸν
3636 3163 3743 3233 χρὸ-

481 3266 663 3333 ipsum
699 3262 870 3318 stellae
893 3269 1111 3331 tempus
1135 3258 1336 3315 Herodi
1369 3258 1768 3329 signifiearunt,
1791 3272 1819 3309 a
1850 3254 2073 3309 bienniu

484 3354 734 3410 videlicet
775 3363 937 3424 atque
991 3352 1208 3419 infra',
1258 3350 1699 3421 Hierosolymam
1744 3348 2068 3411 venientes,

483 3447 1003 3514 interrogantesque
1031 3442 1197 3511 magi,
1227 3456 1353 3496 cum
1379 3439 1715 3495 Bethlehcmi
1740 3437 1891 3492 nasci
1918 3436 2075 3489 Chri-

485 3546 633 3590 stum
682 3542 940 3603 oportere
970 3532 1318 3594 didicissent,
1361 3530 1430 3584 ab
1475 3530 1609 3584 urbe
1645 3528 1880 3598 digressi
1919 3535 2070 3588 sunt,

484 3626 793 3695 eademque
823 3625 963 3697 duce
987 3624 1142 3679 stella
1163 3622 1575 3677 Bethlchemum
1604 3621 1917 3690 aspirarunt
1973 3617 2072 3680 lbi,

487 3724 850 3788 posteaquam
888 3714 1217 3787 introgressi
1251 3722 1403 3778 sunt,
1436 3712 1719 3769 Christum
1748 3727 1871 3766 cum
1908 3710 2074 3763 Maria

489 3818 665 3864 matre
692 3814 1021 3878 repererunt
1044 3824 1060 3873 ;
1080 3813 1135 3861 et
1159 3804 1509 3876 procidentes
1534 3804 1902 3859 adoraverunt
1926 3818 2073 3865 eum,

488 3902 923 3969 ehtuleruntque
977 3912 1224 3953 munera.
1277 3896 1643 3963 Quamobrem
1698 3910 1823 3949 cum
1887 3894 2074 3947 statim

487 3994 747 4049 adoretur
779 3993 874 4063 qui
921 4004 1084 4046 natus
1118 4001 1225 4055 est,
1267 4006 1378 4044 non
1420 3990 1604 4044 nudus
1648 3997 1731 4043 est
1757 3988 1941 4052 homo,
1980 3986 2075 4043 sed

487 4084 674 4140 Deus:
713 4099 890 4154 neque
935 4092 1060 4153 post
1109 4098 1289 4139 annos
1323 4083 1570 4152 triginta,
1611 4079 1694 4135 vel
1722 4079 2072 4149 baptismum,

407 4229 416 4240 ,
486 4176 746 4230 Christus
794 4175 1070 4230 ellicitur:
1127 4173 1223 4229 sed
1280 4172 1512 4229 subinde
1543 4172 1800 4227 Christus
1840 4188 1870 4225 e
1907 4169 2076 4224 Maria

493 4266 895 4338 Virgine'Deus
941 4266 1146 4336 pariter
1182 4274 1344 4335 atque
1377 4266 1541 4319 homo
1582 4272 1746 4318 natus
1791 4272 1895 4318 est.
1940 4261 2079 4315 Pro-

490 4368 676 4427 pterea
730 4357 917 4411 statim
967 4356 1145 4426 angeli
1189 4357 1416 4410 caeleste
1457 4370 1679 4408 carmen
1734 4354 2074 4407 comzinunt:

490 4450 675 4505 Gloria
708 4451 762 4504 in
798 4449 1021 4504 eascelsis
1052 4448 1187 4511 Deo,
1226 4457 1277 4502 et
1325 4448 1381 4500 in
1416 4457 1560 4500 terra
1600 4461 1729 4515 pax,
1776 4430 2107 4499 hominibus~

487 4557 749 4610 propensa
779 4540 1025 4593 voluntas
1049 4539 1089 4591 ⁸.
1128 4538 1233 4593 Sed
1273 4546 1328 4593 et
1361 4538 1507 4592 felici
1541 4538 1634 4591 illo
1662 4537 1855 4591 nuntio
1891 4545 2078 4607 pasto-

491 4648 581 4687 res
614 4632 1051 4702 impertiuntur:
1087 4627 1266 4682 Natus
1304 4637 1383 4681 est
1419 4627 1589 4690 nobis,
1616 4628 1891 4697 inquiunt,
1927 4628 2080 4683 hodie

489 4721 740 4780 Christus
786 4717 1048 4773 Dominus
1092 4719 1148 4771 in
1194 4718 1406 4772 civitate
1457 4714 1629 4769 David
1646 4718 1689 4771 ⁸.
1739 4716 1927 4787 Neque
1978 4717 2081 4771 hoc

491 4814 709 4877 solum,
749 4810 942 4865 infelix
1003 4808 1212 4864 Ebion!
1279 4809 1346 4864 de
1397 4808 1621 4865 Christo
1668 4810 2078 4880 comprobatur,

492 4919 686 4961 verum
729 4901 894 4957 etiam
925 4917 1073 4955 anno
1112 4902 1292 4955 aetatis
1320 4900 1649 4956 duodecimo
1691 4900 1891 4957 sedens
1940 4902 2083 4956 inter

491 4996 810 5055 sacerdotes
840 5010 904 5049 ac
933 4993 1183 5049 seniores
1212 5001 1463 5062 repertus
1487 5001 1593 5056 est,
1623 5009 1749 5047 cum
1784 5007 1878 5047 eos
1908 4992 2081 5047 inter-

490 5097 741 5162 rogaret,
796 5085 955 5159 155
999 5101 1065 5140 ac
1095 5100 1219 5139 cum
1269 5085 1377 5140 illis
1426 5084 1772 5155 inquireret:
1831 5083 1970 5138 adeo
2019 5092 2080 5137 ut

494 5185 830 5241 mirarentur
885 5181 942 5235 in
976 5178 1143 5234 verbo
1178 5180 1402 5249 gratiae,
1446 5177 1593 5248 quod
1642 5176 1976 5247 procedebat
2013 5177 2082 5233 de

495 5286 590 5327 ore
627 5278 771 5340 ejus.
790 5270 911 5328 Non
947 5271 1053 5326 hoc
1080 5285 1228 5325 anno
1257 5270 1479 5324 demum
1513 5269 1791 5324 tricesimo
1824 5268 2078 5331 faciebat,

499 5363 768 5419 utdicere
806 5364 1017 5432 possis,
1061 5380 1129 5420 ex
1179 5378 1291 5432 quo
1315 5361 1560 5432 Spiritus
1600 5362 1655 5415 in
1685 5376 1810 5415 eum
1856 5371 2083 5417 sanctus

502 5449 729 5518 illapsus
767 5465 873 5514 est,
927 5455 1206 5511 Christum
1242 5469 1364 5509 esse
1397 5452 1664 5523 cmpisse;
1702 5451 1797 5507 sed
1821 5466 1851 5505 a
1876 5452 2085 5506 duode-

502 5538 647 5593 cimo
683 5542 895 5607 statim,
922 5546 1001 5599 uti
1034 5547 1297 5609 diximus,
1326 5554 1522 5616 estque
1568 5559 1601 5598 a
1630 5543 1779 5599 Luca
1814 5545 1870 5599 in
1902 5544 2049 5598 Evan

506 5627 645 5692 Eclio
681 5629 960 5700 proditum
984 5635 1024 5688 ⁸.
1054 5636 1199 5703 Quin
1229 5638 1393 5693 etiam
1436 5636 1601 5706 paulo
1648 5643 1777 5691 ante
1832 5651 1956 5691 cum
1978 5676 1992 5700 ,
2029 5648 2086 5690 ut

585 5774 757 5834 ‘Ccn.
794 5795 927 5841 xm.
971 5788 1053 5842 l2.
1126 5794 1144 5821 ³
1182 5790 1317 5845 Cen.
1346 5808 1434 5844 xv.
1465 5791 1529 5844 1‘2
1560 5807 1678 5860 sqq.
1759 5791 1777 5821 ³
1810 5790 1998 5843 Matth.
2037 5809 2068 5843 ιι

2171 5791 2331 5860 is“.
2414 5793 2433 5823 "
2462 5792 2595 5846 Luc.
2635 5810 2696 5853 ll,
2738 5796 2821 5849 M.
2887 5797 2908 5828 '
2942 5795 3075 5849 ibid.
3118 5796 3200 5849 Η.

2174 3269 2266 3306 νον
2288 3251 2382 3305 τοῦ
2411 3252 2662 3322 ἀστέρος,
2695 3252 2805 3306 ἀπὸ
2836 3251 3044 3315 διετοῦς
3071 3253 3166 3305 καὶ
3199 3254 3499 3323 κατωτέρω
3526 3254 3742 3315 ἐλθόντες

2176 3343 2256 3405 εἰς
2304 3342 2691 3413 Ἰερουσαλὴμ,
2743 3343 2836 3396 καὶ
2871 3344 3248 3414 ἐρωτήσαντες
3281 3347 3332 3397 ot
3383 3347 3538 3398 αὐτοὶ
3576 3345 3739 3416 μάγοι,

2175 3435 2271 3487 καὶ
2299 3433 2538 3502 γνόντες,
2572 3435 2653 3487 ὅτι
2678 3436 2734 3487 ὲν
2769 3434 3016 3505 Βηθλεὲμ
3037 3437 3269 3506 Χριστος
3301 3439 3578 3504 γεννᾶταιν
3608 3437 3741 3505 ﬁat)"

2177 3526 2268 3580 θον
2299 3525 2461 3580 πάλιν
2493 3526 2585 3578 τοῦ
2625 3526 2854 3605 ἀστέρος
2888 3526 3212 3598 ὁδηγοῖητος
3239 3529 3451 3594 αὐτοῖς,
3486 3531 3577 3582 καὶ
3601 3525 3740 3599 ἦλθον

2178 3617 2286 3670 ἀπὸ
2322 3618 2714 3689 Ἰεροσολύμων
2741 3619 2821 3681 είς
2860 3619 3129 3690 Βηθλεέμ.
3166 3622 3275 3673 Καὶ
3317 3622 3643 3684 εἰσελθόντες
3667 3615 3742 3673 εὖ·

2183 3728 2272 3781 ρον
2322 3711 2484 3764 αὑτὸν
2535 3712 2674 3781 μετά
2728 3711 2826 3781 τῆς
2894 3714 3102 3784 μητρὸς
3151 3714 3318 3767 αὑτοῦ
3369 3717 3614 3787 Μαρίας’
3662 3714 3742 3766 καὶ

2179 3805 2439 3867 πεσόντες
2483 3804 2903 3877 προσεκύνησαν
2937 3805 3107 3876 αὐτῷ,
3147 3809 3242 3859 καὶ
3284 3810 3658 3879 προσήνεγκαν
3684 3803 3743 3856 τὰ

2177 3895 2346 3966 δῶρα.
2373 3897 2437 3949 Εἰ
2471 3896 2653 3950 τοίνυν
2680 3897 2841 3960 εὐθὺς
2866 3902 3274 3967 προσκυνεῖται,
3305 3901 3368 3954 οὐ
3386 3901 3537 3970 ψιλὸς
3559 3899 3743 3970 ἀνθρω-

2180 3980 2281 4050 πός
2305 3990 2333 4041 ὁ
2366 3988 2671 4057 γεννηθεὶς,
2712 3989 2850 4043 ἀλλά
2879 3990 3013 4053 Θεός
3032 4008 3044 4019 ’
3079 3992 3175 4044 καὶ
3206 3993 3267 4044 οὐ
3308 3994 3451 4065 μετά
3476 3986 3742 4066 τριάκοντα

2180 4078 2298 4149 ἔτη,
2328 4080 2423 4131 καὶ
2447 4079 2507 4131 οὐ
2539 4078 2678 4149 μετά
2709 4080 2770 4132 τὸ
2803 4080 3087 4152 βάπτισμα
3116 4082 3350 4152 Χριστὸς
3385 4085 3605 4153 γίνεται,
3627 4078 3742 4134 ἀλλὰ

2180 4170 2341 4233 εὐθὺς
2374 4171 2609 4241 Χριστὸς
2644 4173 2908 4243 ἐγεννήθη
2947 4175 3054 4228 ἀπὸ
3076 4176 3296 4247 Μαρίας
3327 4177 3603 4248 Παρθένου
3627 4172 3740 4234 Θεὸς

2181 4263 2277 4315 καὶ
2326 4262 2635 4334 ἄνθρωπος.
2683 4265 2776 4318 Διὸ
2818 4267 2911 4319 καὶ
2945 4269 2992 4320 oi
3039 4267 3260 4337 ἄγγελοι
3283 4271 3475 4333 ἐὐθὺς
3518 4265 3741 4339 ὑμνοῦσι,

2181 4355 2465 4424 λέγοντεςο
2514 4358 2671 4423 Δόξα
2720 4360 2791 4412 ἐν
2830 4360 3117 4428 ὑψίστοις
3168 4362 3320 4429 Θεῷ,
3374 4363 3474 4417 καὶ
3525 4362 3617 4415 ἐπὶ
3648 4358 3741 4429 γῆς

2181 4448 2413 4516 είρήνη,
2440 4449 2510 4502 ἐν
2536 4450 2870 4518 ἀνθρώποις
2891 4451 3154 4529 εὐροκία.
3186 4454 3296 4506 Kal.
3327 4453 3741 4524 εὐαγγελίζονται

2181 4542 2306 4604 τοὺς
2336 4542 2619 4612 ποιμένας,
2656 4543 2907 4611 λέγοντες
2927 4560 2941 4575 ο
2988 4544 3317 4615 Ἐγεννήοη
3349 4546 3495 4615 ἡμῖν
3515 4541 3740 4613 Χριστὸς

2182 4634 2397 4700 Κύριος
2439 4632 2709 4703 σήμερον
2755 4635 2825 4688 ἐν
2867 4637 3042 4689 πόλει
3089 4636 3285 4690 Δαϐίδ.
3338 4639 3450 4690 Καὶ
3491 4638 3551 4690 οὐ
3603 4633 3739 4703 μόνον

2182 4726 2355 4791 τοῦτο,
2381 4719 2426 4779 ὧ
2456 4727 2640 4797 ἡπατη
2651 4727 2779 4797 μένε
2815 4726 3027 4791 Ἑὸίων,
3057 4728 3352 4793 δείκνυται,
3380 4729 3513 4781 ἀλλά
3540 4727 3626 4780 καὶ
3648 4720 3739 4776 ἀπὸ

2183 4816 2549 4882 δωδεκαετοῦς
2596 4814 2911 4889 εὑρίσκεται
2971 4818 3283 4891 καθήμενος
3333 4819 3598 4890 ἀναμέσον
3647 4812 3738 4866 τῶν

2187 4907 2376 4980 ἱερέων
2406 4908 2499 4961 καὶ
2532 4909 2941 4981 πρεσϐυτέρων,
2972 4912 3192 4981 ἐρωτῶν
3210 4912 3425 4974 αὐτοὺς,
3464 4910 3553 4963 καὶ
3583 4902 3737 4977 ζητῶν

2188 5001 2303 5070 μετ’
2338 5000 2518 5054 αὐτῶν
2540 5021 2554 5034 ·
2580 5002 2674 5055 καὶ
2707 5002 3096 5067 ὲξεπλάττοντο
3125 5004 3218 5056 ἐπὶ
3248 5003 3326 5073 τῷ
3368 5004 3508 5073 λόγῳ
3534 5001 3626 5069 τῆς
3653 4995 3735 5066 χά·

2190 5110 2355 5163 ριτος,
2378 5092 2457 5164 τῷ
2480 5094 2899 5165 ἐκπορευομένῳ
2926 5096 2991 5148 ἐκ
3024 5094 3117 5148 τοῦ
3148 5096 3412 5166 στόματος
3440 5090 3612 5146 αὐτοῦ.
3643 5085 3733 5140 Καὶ

2185 5184 2307 5254 05x1
2335 5184 2474 5255 μετὰ
2501 5186 2561 5237 τὸ
2587 5188 2909 5256 τριακοστὸν
2931 5187 3049 5251 ἔτος
3079 5188 3252 5241 ἐποίει
3278 5187 3451 5249 τοῦτο,
3475 5186 3557 5238 ἵνα
3574 5181 3730 5249 εἴπῃς.

2186 5274 2289 5336 ὅτι,
2315 5274 2410 5342 ἀφ’
2442 5268 2503 5329 οὗ
2531 5270 2663 5345 ἦλθε
2703 5275 2763 5328 τὸ
2793 5275 3017 5346 Πνεῦμα
3051 5278 3131 5338 είς
3172 5276 3353 5338 αὐτὸν,
3386 5270 3607 5344 Χριστὸς
3630 5263 3731 5332 ἦέ*

2186 5380 2327 5426 νετο,
2356 5363 2493 5417 ἀλλά
2524 5364 2685 5427 εὐθὺς
2718 5364 2826 5419 ἀπὸ
2856 5365 3242 5428 διυδεκαετοῦς,
3270 5366 3343 5428 ὡς
3378 5363 3636 5435 προεῖπον,
3666 5352 3730 5412 ὡς

2185 5455 2496 5528 γέγραπται
2527 5459 2585 5511 ὲν
2635 5456 2712 5526 τῷ
2760 5456 2902 5510 κατὰ
2941 5459 3157 5510 Λουκᾶν
3203 5452 3532 5524 Εὑαγγελίῳ.
3593 5439 3726 5498 Ἀλλά

2187 5548 2279 5600 καὶ
2321 5546 2400 5599 ἔτι
2437 5548 2719 5619 ἀνωτέρω,
2746 5550 2834 5603 ὅτε
2879 5548 3238 5619 νηπιάζοντος
3282 5545 3524 5617 ἀνῆλθον,
3566 5535 3729 5614 φησὶν(

2186 5640 2232 5690 οἱ
2264 5639 2394 5709 περὶ
2422 5639 2620 5710 Ἰωσὴφ
2648 5640 2745 5693 καὶ
2765 5640 3004 5709 Μαριὰμ
3033 5643 3113 5705 εἰς
3142 5638 3487 5709 Ἱεοουσα).ὴμ
3514 5629 3729 5705 προσκυ·’

3292 5798 3311 5827 ⁶
3343 5794 3470 5849 Luc;
3495 5805 3563 5853 tv,
3591 5781 3666 5837 22·
