3982 6436
335 406 442 462 457

1080 424 1450 485 ADVERSUS
1491 422 1836 482 HERESES
1869 422 1999 476 LIB.
2042 423 2083 477 l.
2128 423 2290 479 TOM.
2337 426 2401 481 ll.
2444 458 2512 469 -—
2552 428 2827 487 HERES.
2866 432 3036 493 XXX.

3500 438 3609 497 £58

332 531 498 600 νῆσαι
534 535 591 585 ἐν
626 537 691 606 τῇ
716 537 896 611 ἑορτῇ,
929 543 1022 595 καὶ
1048 546 1418 619 άνέκαμπτον,
1438 549 1653 619 ἔμεινεν
1677 545 1885 617 Ἰησοῦς
1907 563 1919 576 ·

2028 543 2292 600 adorandi
2349 548 2522 617 gratia
2565 547 3001 622 Hierosolymam
3051 554 3190 607 festo
3221 555 3306 607 die
3338 555 3607 624 perrexiso

332 625 431 677 καὶ
464 625 693 697 ἐζήτουν
724 631 887 685 αὐτὸν
920 634 979 687 ἐν
1011 641 1076 708 τῇ
1107 639 1404 714 ὁδοιπορίᾳ,
1432 643 1526 695 καὶ
1563 642 1620 694 ἐν
1649 642 1763 703 τοῖς
1795 656 1926 707 συγ-

337 716 550 782 γενέσιν
586 721 786 784 αὐτῶν,
813 726 907 779 καὶ
936 729 1035 800 οὐχ
1072 730 1345 802 εὕρισκον.
1385 730 1510 803 Εἶχε
1534 733 1642 803 γὰρ
1677 734 1710 803 ὴ
1738 731 1925 802 Μαρία

334 810 677 879 συγγένειαν.
717 815 1115 891 Ἀνακάμψασα
1141 823 1198 877 δὲ
1225 826 1321 878 καὶ
1355 826 1591 897 εὑροῦσα
1614 825 1795 886 αὐτὸν,
1822 823 1923 895 ἔφη

331 901 520 974 αὐτῷ’
570 906 633 962 Τί
664 907 811 978 ἡμῖν
839 910 1158 982 ἐποίησας,
1185 916 1436 982 τέκνον;
1481 917 1637 974 Ἰδοὺ
1674 916 1790 987 ἐγὼ
1824 915 1923 970 καί

331 998 371 1049 δ
406 996 606 1067 πατήρ
633 1014 751 1056 σου
781 1002 1147 1075 ὀδυνώμενοι
1176 1009 1501 1079 ἐζητοῦμεν
1531 1024 1626 1063 σε.
1663 1009 1751 1063 Ἐν
1772 1007 1924 1075 τάξει

331 1089 448 1160 γὰρ
493 1092 701 1162 πατρὸς
750 1095 780 1147 6
825 1095 1022 1167 Ἰωσὴφ
1079 1099 1228 1170 αὐτῷ
1271 1100 1548 1172 ὑπῆρχεν·
1596 1099 1659 1153 οὐ
1703 1098 1813 1171 γὰρ
1856 1094 1925 1169 ἦν

330 1181 486 1253 αὑτῷ
514 1184 696 1256 πατὴρ
725 1187 868 1241 κατὰ
894 1189 1076 1258 φύσιν.
1100 1187 1234 1245 Εἶτα
1269 1194 1298 1246 6
1329 1192 1537 1265 Κύριος
1560 1192 1696 1264 πρὸς
1717 1192 1889 1262 αὐτήν
1907 1206 1920 1219 ⁸

334 1273 407 1327 Τί
448 1273 539 1329 ὅτι
573 1274 827 1345 ἐζητεῖτέ
861 1297 975 1355 ge;
1008 1284 1121 1338 οὐκ
1151 1284 1371 1354 ᾔδειτε,
1416 1283 1506 1338 ὅτι
1554 1284 1626 1338 ἑν
1657 1283 1782 1350 τοῖς
1818 1284 1925 1337 τοῦ

328 1366 566 1433 Πατρός
586 1384 704 1437 μου
740 1367 839 1424 δεῖ
875 1368 1034 1427 εἷναί
1056 1390 1169 1442 με;
1198 1374 1498 1445 σημαίνων,
1526 1374 1611 1428 ὃτι
1642 1376 1671 1427 ὁ
1699 1371 1824 1436 ναὸς
1846 1370 1937 1437 εἰς’

328 1457 504 1528 ὄνομα
527 1458 663 1513 Θεοῦ
686 1461 903 1534 Πατρὸς
941 1464 1288 1537 ᾠκοδομήθη.
1309 1468 1371 1519 Εἰ
1392 1465 1573 1519 τοίνυν
1596 1463 1706 1519 ἀπὸ
1726 1463 1922 1534 νηπίου

327 1549 439 1602 οἶδε
473 1550 562 1604 τὸν
590 1551 721 1606 ναὸν
746 1555 842 1607 καὶ
870 1555 960 1608 τὸν
993 1558 1234 1630 Πατέρα,
1265 1558 1366 1611 οὐκ
1396 1559 1507 1630 ἄρα
1531 1558 1687 1628 ψιλὸς
1714 1556 1926 1630 ἄνθρω-

329 1660 433 1708 πος
465 1646 493 1697 6
527 1646 809 1717 γεννηθεὶς
859 1648 1089 1720 Ἰησοῦς,
1137 1652 1259 1704 οὐδὲ
1311 1651 1450 1721 μετὰ
1493 1652 1553 1704 τὸ
1608 1650 1925 1721 τριακοστὸν

327 1734 488 1799 ἔτος,
526 1737 666 1808 μετὰ
696 1736 759 1791 τὸ
799 1738 977 1794 ἐλθεῖν
1009 1743 1091 1805 εἰς
1136 1742 1303 1796 αὐτὸν
1340 1743 1400 1796 τὸ
1447 1741 1586 1807 εἶδος
1632 1743 1732 1813 τῆς
1763 1760 1923 1812 περι-

330 1828 564 1899 στερᾶς,
604 1828 727 1894 Υἱὸς
758 1831 852 1884 καὶ
889 1832 1126 1903 Χριστὸς
1177 1834 1444 1899 ἐκαλεῖτο,
1480 1834 1619 1889 ἀλλὰ
1655 1836 1818 1900 εὐθὺς
1865 1838 1924 1889 ἐν

325 1919 445 1981 τοῖς
486 1915 581 1970 τοῦ
630 1919 845 1992 Πατρὸς
878 1921 1045 1975 αὐτοῦ
1085 1922 1196 1977 δεῖν
1236 1925 1399 1978 αὑτὸν
1441 1921 1582 1979 εἶναι
1616 1926 1918 1981 ἐδίδασκεν.
1958 1904 1998 1958 Β

331 2009 459 2061 ’Ὁτι
486 2009 543 2064 δὲ
566 2013 595 2065 ὁ
623 2011 818 2084 Ἰωσὴφ
852 2014 972 2084 οὐχὶ
1006 2016 1190 2087 πατὴρ
1219 2016 1385 2070 αὐτοῦ
1410 2013 1499 2089 ἦν,
1521 2017 1657 2072 ἀλλὰ
1685 2020 1745 2073 ἐν
1772 2018 1923 2084 τάξει

327 2098 558 2172 πατρὸς,
583 2100 749 2155 ἄκουε
782 2101 877 2155 τοῦ
911 2104 1077 2157 αὑτοῦ
1105 2107 1493 2174 εὐαγγελιστοῦ
1523 2106 1792 2175 λέγοντος,
1826 2109 1921 2164 τοῦ

326 2189 639 2262 γράψαντος
675 2192 784 2246 ἀπὸ
832 2195 1126 2267 προσώπου
1173 2199 1414 2269 Μαρίας,
1451 2199 1535 2252 ὅτι
1571 2199 1719 2269 Ἐγὼ
1763 2201 1861 2254 καὶ
1891 2204 1924 2255 ὀ

327 2280 526 2351 πατὴρ
562 2300 678 2337 σου
708 2284 1071 2355 ὀδυνώμενοι
1101 2287 1422 2360 ἑζητοῦμέν
1460 2307 1535 2346 σε
1556 2308 1569 2321 ·
1608 2292 1770 2346 πάλιν
1806 2292 1923 2356 πῶς

325 2373 534 2446 γράφει
594 2376 801 2446 λέγων’
847 2375 958 2433 Ἦν
1005 2380 1075 2433 δὲ
1125 2383 1356 2451 Ἰησοῦς
1393 2385 1728 2455 ἀρχόμενος
1771 2382 1924 2439 εἶναι

324 2466 412 2532 ὡς
468 2466 621 2521 ἐτῶν
674 2469 1031 2538 τριάκοντα,
1093 2472 1179 2527 ὢν
1235 2476 1401 2542 υἱὸς,
1456 2476 1537 2543 ὡς
1589 2474 1919 2547 ἐνομίζετο,

339 2559 587 2629 Ἰωσήφ.
624 2561 715 2615 Ἑν
751 2562 809 2615 δὲ
865 2563 940 2634 τῷ
982 2566 1176 2630 εἰπεῖν,
1212 2568 1293 2634 ὡς
1342 2568 1674 2638 ἐνομίζετο,
1722 2568 1920 2634 ἔδειξεν

324 2650 492 2706 αὑτὸν
533 2652 607 2723 μὴ
634 2648 775 2708 εἶναι
810 2655 976 2710 αὑτοῦ
1005 2658 1141 2724 υἱὸν,
1164 2659 1301 2714 ἀλλὰ
1324 2660 1660 2732 νομίζεσθαι.

2028 645 2174 703 sent,
2216 638 2577 695 redeuntibus
2620 641 2750 705 illis,
2791 644 3057 698 remansit
3110 642 3309 711 Jesus;
3341 660 3506 714 quem
3555 647 3614 701 in

2030 728 2248 794 itinere,
2280 738 2333 785 et
2361 732 2500 800 apud
2545 746 2811 803 cognatos
2849 734 2927 788 illi
2957 735 3344 805 quaeritabant,
3390 750 3495 791 nec
3526 750 3614 791 re-

2030 820 2213 889 perire
2245 828 2524 890 poterant.
2577 823 2748 877 Maria
2783 826 2987 895 quippe
3019 826 3403 896 cognationem
3445 825 3612 880 hahe-

2031 911 2146 966 bat.
2199 912 2367 982 Igitur
2401 928 2525 968 cum
2560 915 2626 968 ad
2659 916 2848 971 urbem
2901 916 3239 981 revertisset,
3276 929 3342 970 ac
3389 916 3609 988 tandem

2029 1002 2181 1056 illum
2224 1002 2577 1069 olfendi'sset,
2620 1006 2701 1061 sic
2750 1021 2875 1061 eum
2925 1007 3268 1077 alloquitur:
3316 1005 3448 1071 Fili,
3483 1004 3611 1077 quid

2028 1092 2203 1162 fecisti
2230 1094 2421 1150 nobis?
2457 1094 2589 1149 Ecce
2628 1113 2720 1167 ego
2764 1107 2814 1151 et
2850 1111 3001 1167 pater
3033 1108 3154 1152 tuus
3191 1098 3427 1154 dolentes
3466 1113 3610 1169 qua?-

2029 1186 2270 1240 rebamus
2302 1195 2369 1239 te.
2400 1184 2676 1256 Iosephus
2704 1188 2852 1242 enim
2885 1189 3003 1243 loco
3044 1189 3094 1244 ei
3127 1190 3301 1259 patris
3331 1195 3470 1253 erat,
3495 1203 3610 1244 non

2028 1278 2301 1333 naturalis
2327 1286 2501 1349 pater.
2530 1279 2610 1333 Ad
2644 1281 2758 1334 haec
2791 1279 3053 1337 Dominus
3077 1300 3091 1336 :
3119 1281 3259 1350 Quid
3287 1291 3387 1348 est,
3405 1282 3607 1353 inquit,

2026 1370 2165 1439 quod
2225 1370 2546 1441 quwrebatis
2596 1374 2721 1427 me?
2769 1372 3081 1428 nesciebatis
3119 1373 3257 1445 quod
3295 1375 3350 1429 in
3399 1375 3465 1429 iis
3491 1389 3610 1445 qua

2026 1462 2214 1517 Patris
2262 1464 2364 1518 mei
2408 1474 2535 1518 sunt
2588 1474 2792 1533 oportet
2824 1482 2908 1520 me
2947 1468 3138 1521 esse’?
3180 1466 3301 1534 Quo
3343 1481 3610 1538 responso

2028 1556 2399 1627 signiﬁcabat,
2444 1558 2708 1628 templum
2748 1560 2803 1614 in
2847 1559 2963 1625 Dei,
3001 1559 3107 1614 hoc
3155 1569 3242 1616 est
3284 1559 3465 1616 Patris
3498 1561 3608 1624 sui,

2027 1663 2231 1704 nomen
2265 1648 2444 1703 fuisse
2473 1657 2881 1705 constructum.
2914 1649 3283 1717 Quamobrem
3320 1653 3365 1707 si
3395 1652 3464 1707 ab
3492 1652 3611 1722 ipsa

2030 1737 2428 1807 propemodum
2462 1736 2699 1794 infantia
2728 1740 2995 1810 templum
3047 1740 3377 1812 Patremque
3408 1756 3614 1812 cogno-

2028 1837 2202 1893 verat,
2231 1831 2422 1899 utique
2452 1843 2565 1884 non
2594 1846 2784 1887 merus
2824 1832 2988 1888 homo
3014 1840 3180 1889 natus
3205 1834 3297 1889 ille
3319 1832 3482 1889 Jesus
3509 1848 3611 1888 ex-

2030 1921 2195 1987 stitit,
2226 1936 2404 1991 neque
2431 1930 2557 1991 post
2589 1935 2797 1976 annum
2843 1921 3065 1977 demum
3110 1939 3243 1984 xxx.
3279 1938 3403 1978 cum
3449 1938 3508 1978 se
3556 1924 3611 1978 in

2029 2028 2156 2068 eum
2184 2011 2457 2067 columbae
2496 2012 2680 2081 specie
2712 2010 2952 2082 Spiritus
2984 2021 3210 2069 sanctus
3250 2014 3609 2077 insinuasset,

2031 2102 2207 2159 Filius
2239 2118 2304 2158 ac
2332 2102 2591 2158 Christus
2623 2104 2890 2174 appellari
2921 2104 3128 2173 coepit;
3165 2104 3261 2159 sed
3292 2104 3526 2159 subinde
3555 2105 3611 2157 in

2030 2194 2117 2249 his
2154 2208 2276 2264 qua:
2332 2193 2399 2246 ad
2450 2192 2667 2248 Patrem
2723 2208 2883 2248 suum
2938 2194 3258 2256 attinerent,
3307 2194 3516 2250 versari
3552 2208 3614 2249 se

2031 2294 2289 2357 oportere
2335 2285 2546 2339 docuit.
2578 2284 2737 2351 Quod
2790 2299 2925 2340 vero
2975 2284 3252 2355 Josephus
3298 2301 3409 2340 non
3462 2286 3611 2340 illius

2032 2387 2187 2452 pater
2217 2387 2386 2445 esset,
2426 2380 2523 2436 sed
2552 2381 2727 2437 vicem
2761 2382 2938 2451 patris
2968 2389 3203 2453 gereret,
3243 2382 3370 2437 audi
3410 2398 3478 2438 ex
3519 2383 3613 2437 illo

2027 2471 2220 2527 eodem
2246 2472 2603 2541 evangelista.
2623 2472 2719 2541 qui
2745 2471 2969 2526 Mariam
3002 2472 3076 2526 ita
3098 2473 3408 2543 loquentem
3443 2473 3608 2528 facit:

2026 2563 2137 2637 Ego
2163 2572 2212 2619 et
2238 2571 2391 2634 pater
2420 2572 2542 2618 tuus
2570 2562 2806 2618 dolentes
2839 2562 3207 2635 quwrebamus
3241 2562 3492 2628 te.Audi,
3524 2564 3612 2617 in-

2022 2652 2350 2727 quam,quid
2382 2654 2492 2708 alio
2515 2654 2637 2708 loco
2659 2654 2985 2724 scripserit:
3025 2653 3161 2708 Erat
3193 2662 3390 2716 autem,
3412 2654 3611 2724 inquit,

320 2743 486 2802 Iesus
516 2738 769 2816 incipiens
798 2766 912 2804 esse
938 2752 1096 2820 quasi
1122 2768 1385 2806 annorum
1418 2768 1552 2816 xxx,
1575 2754 1825 2823 quierat,
1851 2761 1909 2806 ut
1947 2747 2271 2821 putabatur,
2312 2744 2534 2814 Iosephi
2584 2745 2734 2815 ﬁlius
2753 2745 2796 2800 ³.
2830 2743 2934 2800 Ubi
2968 2760 3094 2800 cum
3121 2760 3219 2802 eas
3287 2762 3451 2802 voces
3517 2748 3613 2802 ad-

321 2838 490 2906 didit,
512 2848 571 2893 ut
599 2842 914 2909 putabatur,
948 2855 1059 2894 non
1094 2841 1271 2912 ipsius
1299 2857 1489 2897 revera
1521 2841 1693 2900 fuisse
1724 2844 1919 2906 filium,
1962 2837 2058 2895 sed
2093 2837 2169 2891 ita
2204 2835 2477 2890 duntaxat
2513 2835 2760 2890 habitum
2794 2835 2966 2891 fuisse
2999 2835 3370 2894 demonstrat.

397 2934 480 2986 A'.
524 2930 822 3000 Ἐπιλείψει
876 2932 936 2985 δέ
976 2949 1065 3003 μοι
1116 2935 1145 2986 6
1196 2934 1386 3006 χρόνος
1441 2937 1786 3008 διηγουμένῳ
1833 2938 1914 2999 είς

328 3023 676 3096 παράστασιν
708 3024 809 3094 τῆς
853 3024 1138 3096 ἀληθείας,
1168 3028 1263 3081 καὶ
1304 3029 1385 3091 εἰς
1418 3028 1640 3101 ἔλεγχον
1677 3030 1777 3099 τῆς
1811 3047 1916 3100 μα-

323 3112 726 3186 ταιοςρροσύνης
765 3111 1040 3181 Ἐὁίωνος,
1072 3117 1169 3170 καὶ
1203 3116 1298 3169 τοῦ
1332 3116 1496 3172 αὐτοῦ
1523 3136 1903 3191 παραπεποιη-

2079 2927 2240 2999 156
2253 2925 2419 2981 XXX.
2433 2924 2651 2982 Deficiet
2663 2941 2751 2981 me
2766 2927 3051 2996 tempus,si
3065 2927 3132 2982 ad
3149 2930 3612 2999 comprobandam

2021 3022 2331 3085 veritatem,
2354 3034 2419 3075 ac
2437 3033 2548 3073 tam
2574 3018 3003 3089 Ebionis,quam
3027 3020 3439 3078 absurdissima:
3464 3024 3612 3080 illius

2024 3112 2229 3168 schola:
2272 3110 2625 3167 refellendam
2673 3112 2991 3176 amentiam,
3033 3111 3287 3183 pluribus
3332 3114 3613 3185 disputare

328 3208 496 3280 μένου
539 3208 936 3279 ματαιόφρονος
980 3208 1355 3264 διδασκαλείου
1382 3213 1421 3265 ί.
1479 3211 1648 3266 Πόθεν
1699 3212 1808 3285 γὰρ
1855 3212 1914 3266 οὐ

2025 3204 2275 3259 voluero.
2310 3201 2449 3269 Quis
2490 3202 2637 3256 enim
2669 3201 2828 3258 facile
2875 3218 2987 3259 non
3027 3204 3282 3277 intelligit
3310 3204 3610 3279 losephum

326 3300 502 3369 σαφὲς
533 3300 599 3353 ἂν
625 3300 733 3371 εἴη,
765 3302 849 3354 ὅτι
880 3301 941 3354 οὐ
970 3301 1155 3373 πατὴρ
1181 3297 1248 3373 ἦν
1270 3302 1493 3375 Ἰωσὴφ,
1529 3304 1644 3357 ἀλλ’
1676 3306 1735 3357 ἐν
1766 3304 1919 3371 τάξει

324 3392 538 3462 πατρὸς
568 3390 880 3461 ὲνομίζετο;
907 3391 1065 3445 Ἰδοὺ
1093 3392 1223 3463 γὰρ,
1256 3395 1442 3464 φησὶν,
1471 3395 1510 3463 ή
1533 3394 1828 3463 παρθένος
1850 3394 1920 3447 ἐν

323 3484 541 3553 γαστρί
591 3482 736 3549 ἕξει,
794 3484 895 3538 καὶ
946 3484 1179 3549 τέξεται
1220 3487 1372 3541 υἱόν.
1426 3486 1535 3540 Kal.
1583 3489 1683 3541 οὐκ
1727 3485 1914 3541 εἶπεν·

321 3574 477 3629 Ἰδοὺ
523 3575 563 3644 ἡ
618 3575 794 3646 γυνή.
846 3576 957 3629 Καὶ
1013 3575 1176 3629 πάλιν
1206 3578 1264 3630 ὲν
1320 3577 1493 3649 ἑτέρῳ
1531 3578 1683 3648 τόπῳ
1731 3578 1915 3646 λέγειν

322 3668 438 3722 Καὶ
471 3667 697 3733 τέξεται
720 3668 760 3735 ἡ
798 3666 1073 3738 δάμαλις,
1104 3668 1203 3723 καὶ
1230 3668 1510 3737 ἐροῦσιν*
1543 3673 1625 3725 Οὐ
1655 3670 1915 3724 τέτοκεν.

338 3758 561 3831 Ἐπειδὴ
589 3761 696 3831 γάρ
718 3777 862 3824 τινες
884 3759 993 3814 τῶν
1019 3761 1337 3832 Μανιχαίων
1366 3762 1461 3816 καὶ
1484 3763 1918 3835 Μαρκιωνιστῶν

322 3852 579 3924 λέγουσιν
613 3854 778 3909 αὐτὸν
809 3854 885 3927 μὴ
916 3854 1192 3927 τετέχθαι.
1226 3855 1317 3911 διὰ
1348 3858 1509 3912 τοῦτο
1533 3858 1785 3924 τέξεται,
1819 3858 1920 3912 καὶ

322 3947 604 4016 ἐροῦσιν
643 3948 725 4002 Οὐ
771 3946 1052 4002 τέτοκενο
1101 3946 1289 4020 ἐπειδὴ
1321 3949 1383 4003 οὐ
1413 3951 1634 4006 τέτοκεν
1675 3951 1918 4024 ἡΜαρία

326 4040 393 4093 ἐκ
444 4037 761 4112 σπέρματος
800 4039 1016 4112 ἀνδρός.
1056 4039 1167 4093 Καὶ
1208 4033 1354 4095 οὗτοι
1405 4040 1670 4112 μανέντες
1700 4041 1917 4110 λέγουσι

323 4130 537 4202 ψευδῶς
578 4134 644 4185 ὲκ
695 4130 1013 4204 σπέρματος
1065 4133 1259 4203 ἀνδρὸς
1304 4134 1476 4204 αὐτὴν
1508 4132 1913 4203 γεγεννηκέναι.

326 4206 663 4296 Γεγέννῆκεν
708 4218 801 4278 οὖν
834 4226 868 4297 ἡ
911 4224 1144 4297 δάμαλις
1176 4224 1333 4289 Θεὸν,
1365 4225 1652 4296 ἄνθρωπον
1684 4227 1743 4278 ὲν
1780 4224 1916 4295 ἅλη-

326 4316 472 4388 Gaia.
508 4318 623 4370 Καὶ
650 4316 852 4389 ὅτιμὲν
890 4316 1122 4388 δάμαλις
1159 4319 1193 4389 ἡ
1218 4316 1497 4390 Παρθένος
1526 4317 1791 4382 καλεῖται,
1823 4317 1917 4371 καὶ

323 4409 388 4463 τὸ
440 4407 647 4479 ταύτης
688 4408 938 4479 λείψανον
969 4409 1311 4482 καθαρισμὺς
1337 4405 1406 4482 ἦν
1436 4409 1548 4463 τῶν
1581 4411 1918 4481 κεκοινωμέ-

324 4520 458 4567 νων,
492 4503 656 4557 ἄκουε
688 4500 783 4555 τοῦ
817 4502 982 4574 νόμου
1009 4501 1264 4571 λέγοντος
1287 4519 1303 4534 ο
1338 4500 1495 4556 Λάϐε
1525 4520 1624 4572 μοι
1656 4500 1917 4571 δάμαλιν

2024 3297 2253 3352 minime
2284 3296 2434 3352 illius
2468 3302 2774 3367 parentem,
2817 3296 2912 3352 sed
2939 3297 3184 3366 parentis
3214 3298 3334 3354 loco
3362 3299 3610 3356 habitum

2024 3390 2238 3446 fuisse?
2263 3388 2399 3444 Ecce
2428 3389 2592 3453 enim,
2622 3388 2823 3458 inquit,
2860 3389 3009 3459 virgo
3044 3390 3326 3458 concipiet,
3361 3399 3412 3446 et
3439 3393 3612 3462 pariet

2022 3483 2200 3552 ﬁlium
2216 3481 2260 3537 ⁸.
2315 3480 2434 3535 Νοη
2466 3482 2606 3536 dixit
2636 3499 2649 3535 :
2689 3479 2825 3535 Ecce
2872 3481 3085 3537 mulier.
3120 3482 3199 3537 Ac
3230 3498 3451 3539 rursum
3504 3486 3611 3541 alio

2023 3574 2182 3630 loco:
2221 3573 2292 3628 Et
2322 3575 2493 3644 pariet
2520 3573 2709 3640 vitula,
2739 3581 2789 3628 et
2819 3573 2994 3629 dicent
3021 3590 3040 3629 :
3066 3572 3194 3629 Non
3224 3576 3443 3646 peperit.
3474 3574 3610 3631 Nam

2022 3683 2146 3722 cum
2172 3665 2602 3723 Manichaeorum
2655 3681 2722 3721 ac
2748 3665 3229 3723 Marcionistarum
3259 3667 3482 3739 quidam
3514 3683 3611 3724 ne-

2021 3768 2149 3829 gent
2185 3760 2338 3813 illum
2381 3767 2543 3829 partu
2590 3759 2647 3813 in
2696 3759 2878 3815 lucem
2916 3760 3150 3825 editum,
3184 3760 3256 3817 ob
3290 3761 3367 3826 id,
3413 3763 3609 3830 pariet,

2023 3853 2222 3923 inquit,
2245 3862 2298 3908 et
2318 3853 2524 3907 dicent:
2550 3853 2672 3907 Non
2685 3854 2906 3923 peperit,
2922 3853 3181 3925 quoniam
3198 3853 3266 3910 de
3282 3854 3385 3909 viri
3402 3855 3610 3912 semine

2025 3942 2191 3997 Maria
2228 3958 2338 3998 non
2379 3945 2610 4015 peperit.
2639 3942 2711 3999 At
2768 3946 2964 4000 furiosi
3020 3945 3115 4001 isti
3162 3944 3230 4002 de
3259 3946 3364 4001 viri
3396 3947 3611 4003 semine

2024 4036 2166 4090 falso
2191 4036 2340 4090 illam
2377 4035 2663 4106 peperisse
2701 4034 2979 4089 dictitant.
3017 4035 3189 4105 igitur
3219 4035 3388 4090 vitula
3433 4036 3610 4092 homi-

2023 4142 2145 4183 nem
2173 4127 2427 4183 eumdem
2466 4141 2531 4182 ac
2580 4125 2754 4181 Deum
2786 4142 2912 4183 vere
2961 4126 3053 4182 illa
3092 4127 3312 4198 quidem
3356 4130 3605 4200 peperit;

2024 4220 2209 4275 vitula:
2242 4234 2412 4291 porro
2455 4219 2677 4276 nomine
2714 4218 2995 4293 Virginem
3036 4219 3344 4289 nominari,
3378 4222 3610 4294 ejusque

2022 4313 2289 4383 reliquias
2317 4312 2386 4367 ad
2423 4325 2521 4368 eos
2549 4312 2642 4382 qui
2676 4311 2879 4383 impuri
2922 4320 3132 4377 essent,
3168 4313 3474 4386 expiandos
3513 4318 3610 4373 ad-

2021 4402 2197 4459 hiberi
2230 4404 2609 4469 consuevisse,
2650 4403 3117 4474 quemadmodum
3159 4405 3245 4461 lex
3288 4407 3407 4480 ipsa
3438 4416 3608 4467 teste-

2023 4502 2136 4559 tur,
2177 4495 2407 4565 accipe:
2466 4493 2645 4559 Sume,
2681 4494 2883 4564 inquit,
2941 4494 3166 4551 vitulam
3214 4497 3396 4569 rufam
3440 4500 3484 4555 '.
3538 4500 3608 4557 Ut

322 4592 595 4661 πυρῤάν·
629 4592 717 4645 ἵνα
752 4590 903 4665 δείξῃ
927 4591 988 4645 τὸ
1022 4591 1277 4645 ἐκλεκτὸν
1315 4591 1509 4655 σκεῦος
1549 4591 1646 4661 τῆς
1675 4590 1915 4663 Μαρίας,

2025 4587 2256 4643 electum
2288 4601 2386 4642 vas
2417 4585 2601 4641 Maria:
2639 4584 2999 4657 signiﬁcaret,
3031 4595 3252 4659 propter
3282 4589 3499 4661 igneam
3550 4591 3605 4647 in

322 4683 416 4739 διὰ
442 4684 503 4738 τὸ
535 4683 817 4756 πυροειδὲς
842 4684 941 4753 τῆς
966 4682 1060 4737 τοῦ
1094 4683 1350 4755 Σωτῆρος
1382 4683 1636 4753 θεότητος
1666 4682 1917 4755 χωρηθὲν

323 4778 385 4830 ὲν
420 4778 486 4848 τῇ
528 4774 812 4849 Παρθένῳ.
847 4775 973 4843 Πῦρ
1004 4774 1117 4844 γὰρ
1169 4778 1202 4829 ό
1242 4775 1421 4844 Θεὸς,
1485 4775 1650 4848 φησι,
1697 4791 1918 4830 καταν-

322 4869 610 4924 αλίσκον.
628 4869 739 4921 Καὶ
769 4867 933 4939 φησὶν
950 4868 978 4920 6
998 4867 1162 4938 νόμος
1186 4866 1448 4938 δάμαλιν
1470 4868 1728 4937 «appar,
1754 4867 1844 4938 ἐφ’
1875 4867 1915 4937 ᾖ

322 4961 500 5033 ζυγὸς
548 4962 661 5015 οὐκ
720 4959 1091 5028 ἀναϐέϐηκεν
1135 4959 1234 5013 ἐπὶ
1282 4961 1390 5014 τὸν
1438 4960 1777 5030 τράχηλον·
1829 4958 1917 5012 ἵνα

320 5049 475 5124 δείξῃ
523 5051 622 5121 τὴν
677 5047 957 5120 Παρθένον
1006 5047 1237 5119 δάμαλιν
1261 5087 1276 5112 ,
1331 5049 1406 5121 μὴ
1459 5047 1698 5118 γνοῦσαν
1752 5047 1916 5116 ζυγὸν

323 5142 506 5214 γάμου
527 5140 741 5215 ἀνδρός.
780 5139 943 5194 Ἀλλὰ
978 5139 1032 5194 τί
1072 5156 1163 5212 μοι
1194 5139 1265 5193 τὰ
1287 5139 1518 5194 πλεῖστα
1532 5140 1913 5208 διαλέγεσθαι;

316 5242 398 5300 ὡς
422 5234 587 5289 πάλιν
629 5232 856 5297 Ἡσαΐας
881 5231 987 5304 ἔφη
1015 5232 1081 5285 ὲκ
1112 5231 1409 5304 προσώπου
1442 5232 1538 5286 τοῦ
1560 5233 1797 5307 Κυρίου’
1832 5232 1917 5285 ὅτι

325 5326 481 5385 Λάϐε
526 5341 628 5381 σοι
660 5325 847 5396 τόμον
892 5323 1118 5394 χάρτου
1169 5323 1399 5378 καινοῦ
1414 5322 1685 5392 μεγάλου
1705 5340 1719 5355 ·
1750 5323 1916 5394 τόμον

315 5418 411 5473 διὰ
444 5418 509 5472 τὸ
536 5414 677 5471 εἶναι
711 5417 809 5489 μὲν
831 5413 929 5487 τὴν
956 5414 1237 5487 Παρθένον
1270 5416 1336 5471 ὲκ
1359 5414 1678 5488 σπέρματος
1700 5415 1914 5487 ἀνδρὸς,

316 5510 629 5584 τετμῆσθαι
674 5508 732 5563 δὲ
773 5508 882 5563 ἀπὸ
914 5509 1114 5580 μίξεως
1147 5507 1380 5581 ἀνδρῶν,
1416 5507 1513 5562 xai.
1548 5507 1609 5561 τὸ
1638 5504 1915 5578 τμηθῆναι

320 5604 432 5659 ἀπὸ
457 5604 559 5675 τῆς
591 5600 700 5655 τῶν
720 5599 1025 5673 ἀνθρώπων
1053 5601 1196 5656 κατὰ
1227 5600 1390 5671 φύσιν
1421 5598 1735 5671 συνηθείας.
1761 5597 1914 5653 Πάν-

2024 4679 2312 4736 Salvatore
2329 4681 2439 4736 vim
2462 4679 2789 4744 divinitatis,
2805 4692 2970 4750 quam
2992 4680 3149 4751 virgo
3169 4683 3441 4753 capiebat.
3468 4683 3607 4740 Deus

2019 4772 2182 4837 enim,
2210 4772 2411 4843 inquit,
2450 4772 2591 4842 ignis
2620 4786 2935 4826 consumens
2973 4772 3110 4828 est“.
3150 4773 3245 4829 Ait
3296 4776 3466 4848 igitur
3522 4779 3607 4834 lex

2018 4864 2245 4918 vitulam
2283 4862 2462 4933 rufam
2487 4901 2503 4926 ,
2552 4862 2705 4932 cujus
2744 4862 2884 4917 collo
2906 4863 3140 4919 nondum
3185 4867 3492 4937 impositum
3529 4877 3609 4924 est

2009 4956 2203 5028 jugum
2236 4957 2290 5021 7;
2344 4963 2406 5010 ut
2452 4953 2734 5026 Virginem
2797 4957 2946 5011 illam
3004 4973 3130 5013 esse
3158 4957 3384 5013 vitulam
3431 4961 3598 5030 Signi-

2022 5050 2166 5115 ticet,
2200 5063 2321 5117 qua:
2368 5048 2684 5117 nuptiarum
2718 5048 2853 5120 jugo
2895 5050 3164 5106 cervicem
3196 5051 3439 5106 nondum
3475 5056 3607 5107 sub-

2021 5140 2256 5196 miserit.
2280 5136 2481 5194 Verum
2506 5140 2639 5210 quid
2661 5139 2755 5195 hic
2785 5142 3041 5212 pluribus
3066 5142 3351 5213 disputare
3379 5159 3606 5201 necesse

2018 5231 2137 5287 est?
2167 5237 2262 5286 aut
2302 5230 2437 5285 illud
2470 5230 2651 5302 ipsum
2685 5247 3146 5301 commemorare,
3176 5235 3323 5305 quod
3358 5235 3463 5291 sub
3497 5236 3605 5291 υυ-

2019 5323 2153 5378 mini
2179 5338 2415 5394 persona
2437 5323 2578 5378 dixit
2607 5322 2781 5380 lsaias
2806 5344 2820 5380 :
2846 5327 3039 5398 Accipe
3067 5338 3390 5399 segmentum
3408 5330 3609 5388 charta:

2019 5416 2243 5471 recentis
2276 5431 2341 5468 ac
2370 5415 2595 5485 maioris
2617 5417 2676 5471 ‘3?
2709 5415 2811 5474 Ubi
2844 5420 3113 5491 segmenti
3154 5437 3292 5478 usus
3333 5430 3417 5478 est
3446 5440 3607 5480 voca-

2018 5507 2174 5571 bulo.
2207 5508 2355 5577 quod
2383 5506 2491 5562 etsi
2516 5522 2549 5563 ε
2577 5508 2726 5563 virili
2747 5510 2958 5565 semine
2987 5522 3288 5584 prepagata
3319 5515 3393 5572 sit
3418 5514 3607 5586 Virgo,

2022 5598 2213 5656 eadem
2248 5607 2432 5654 tamen
2463 5600 2536 5655 sit
2561 5600 2633 5655 ab
2658 5600 2903 5658 humano
2934 5605 3231 5663 concubitu
3257 5608 3609 5680 naturalique

392 5785 411 5817 ¹
447 5781 924 5857 ματαιοφροσύνης
961 5780 1093 5857 διδ.-
1137 5779 1313 5834 ’Luc.
1345 5793 1407 5857 n_,
1430 5777 1499 5833 ΑΒ
1540 5792 1664 5849 sqq.
1741 5777 1761 5809 ³
1794 5776 1919 5831 Luc.

2025 5817 2042 5843 ,
2068 5774 2162 5831 23.
2241 5775 2262 5806 ⁸
2299 5773 2405 5832 lsa.
2439 5777 2634 5845 νίκη.
2725 5778 2747 5810 ⁸
2775 5778 2942 5841 Num.
2973 5799 3091 5851 xix,
3121 5784 3176 5840 2.
3258 5786 3278 5816 ⁶
3309 5784 3474 5843 llebr.
3513 5801 3601 5841 xu.

315 5857 413 5915 29.
447 5850 461 5857 ’
491 5857 511 5889 '
541 5850 704 5910 Num;
734 5868 851 5918 xix,
879 5850 937 5907 '2.
1014 5852 1037 5883 ⁸
1077 5850 1182 5907 lsa.
1214 5864 1336 5917 Vlll,
1370 5851 1425 5908 1.

647 5949 921 6009 Panos.
947 5947 1066 6009 Gn.
1102 5944 1269 6007 XLI.

3264 5950 3340 6013 15
