3982 6426
311 446 412 503 461

1064 442 1439 500 ADVERSUS
1476 440 1828 496 IIIERESES
1860 438 1986 493 LIB.
2033 438 2073 493 I.
2118 438 2283 493 ΤΟΜ.
2327 437 2388 492 11.
2432 466 2501 478 --
2541 434 2816 492 II/ERES.
2860 434 3029 493 XXX.

3499 440 3606 496 469.

311 572 349 643 ἡ
384 567 636 640 ἀλήθεια,
666 568 748 622 ὅτι
785 567 959 631 οὐδεὶς
998 567 1231 638 ⁴ἠδύνατο
1264 568 1369 640 πρὸ
1406 567 1748 621 ἑπτακοσίων
1781 583 1905 619 πενε

2014 563 2106 618 rili
2133 579 2196 619 ex
2222 564 2431 619 semine
2455 570 2821 634 procreatum.
2849 561 3051 618 Verum
3079 563 3231 617 Isaia:
3259 570 3386 618 ante
3404 578 3599 621 occur

288 659 728 754 ⁹ἰτινριοντατριῶν
755 658 892 712 ἐτῶν
924 660 1144 729 σπεῖραι
1176 660 1265 712 τὸν
1298 659 1561 730 μέλλοντα
1589 656 1904 727 γεννᾶσθαι.

316 747 463 824 ’Λρα
507 748 602 805 οὖν
636 751 813 823 μάτην
846 750 992 821 λέγει
1021 749 1099 821 τῷ
1128 752 1409 823 Προφήτῃ,
1440 750 1692 820 Γράψον
1713 767 1729 814 ;
1754 748 1907 821 Οὐχίο

314 843 454 896 ἀλλὰ
487 843 575 897 ἵνα
603 842 753 915 δείξῃ
777 842 836 895 τὸ
856 842 1084 914 Πνεῦμα
1106 842 1165 896 τὸ
1188 843 1343 911 ἅγιον
1370 843 1430 895 τὸ
1460 845 1517 896 ὲν
1546 841 1624 913 τῷ
1656 842 1911 913 προφήτῃ

315 936 451 991 αὐτὸ
486 935 840 1007 ἐνεργητικὸν
866 934 1159 1007 γενόμενον
1195 935 1294 1006 τῆς
1334 936 1649 1006 συλλήψεως
1687 937 1785 1007 τῆς
1827 937 1915 987 ὲν-

315 1030 526 1100 σάρκου
561 1028 799 1100 Χριστοῦ
825 1028 1127 1100 παρουσίας
1157 1030 1213 1081 ὲν
1243 1027 1494 1100 ἀληθείᾳ.
1525 1029 1768 1097 Πνεῦμα
1801 1028 1913 1096 γὰρ

311 1122 491 1191 ἅγιον
508 1122 899 1176 ἐπελεύσεται
924 1120 1023 1175 ἐπὶ
1044 1121 1139 1184 σὲ,
1168 1122 1333 1192 φησὶν
1360 1123 1388 1174 6
1412 1122 1645 1190 ἄγγελος
1672 1120 1914 1192 Γαϐριὴλ

310 1217 380 1286 τῇ
418 1214 627 1286 Μαρίᾳ,
663 1214 757 1266 καὶ
787 1213 855 1265 τὰ
896 1211 1042 1283 ἑξῆς.
1080 1211 1153 1264 Τὸ
1186 1211 1264 1271 δὲ,
1296 1211 1537 1281 τραφίδι
1572 1212 1911 1280 ἀνθρώπων,

310 1308 598 1361 τουτέστιν
631 1305 802 1358 εἰκόνι
849 1303 1161 1377 ἀνθρώπου.
1213 1303 1536 1376 Ἀνθρωπος
1572 1305 1628 1358 δὲ
1680 1304 1907 1376 Χριστὸς

323 1399 561 1470 Ἰησοῦς,
599 1397 825 1469 μεσίτης
847 1397 982 1451 Θεοῦ
1005 1399 1099 1451 καὶ
1120 1397 1447 1470 ἀνθρώπων,
1483 1396 1673 1467 ἐπειδὴ
1707 1395 1913 1450 ἄνωθεν

310 1487 449 1562 ἦλθε
476 1490 608 1553 Θεὸς
638 1490 832 1558 Λόγος,
870 1491 935 1543 ἐκ
972 1490 1196 1562 Μαρίας
1227 1490 1283 1543 δὲ
1323 1490 1627 1561 ἄνθρωπος,
1674 1492 1773 1543 οὐκ
1805 1491 1937 1544 ἀπὸ,

312 1584 635 1654 σπέρματος
660 1581 852 1653 ἀνδρὸς
877 1582 1298 1652 γεγεννημένος.
1326 1582 1437 1635 Καὶ
1457 1582 1545 1635 διὸ.
1567 1581 1725 1635 τοῦτο
1752 1582 1911 1646 εὐθύς

310 1692 480 1745 φησιν
514 1676 543 1726 ὁ
573 1674 883 1746 Προφήτης·
921 1673 1031 1727 Καὶ
1073 1672 1317 1740 εἰσῆλθε
1346 1673 1497 1743 πρὸς
1533 1673 1647 1742 τὴν
1676 1673 1909 1744 προφῆ-

308 1784 428 1825 τιν.
464 1766 552 1819 ἵνα
588 1763 736 1836 δείξῃ
778 1766 1057 1836 προφῆτιν
1103 1764 1201 1835 τὴν
1250 1764 1471 1835 Μαρίαν
1503 1765 1637 1835 (50),
1672 1765 1765 1818 ml.
1788 1766 1909 1836 οὐχὶ

308 1858 414 1924 τὴν
464 1859 700 1926 γυναῖκα
751 1856 946 1927 Ἀχαζ,
983 1855 1060 1920 ὥς
1099 1873 1245 1920 τινες
1292 1855 1627 1923 πλανῶνται,
1675 1855 1763 1911 διὰ
1814 1856 1907 1910 τὸν

2016 654 2142 724 plus
2162 653 2344 707 minus
2376 667 2551 707 annos
2580 651 2751 706 dixit:
2779 650 2984 716 Scribe,
3010 659 3070 705 ut
3099 666 3164 707 ex
3195 659 3312 707 toto
3343 653 3437 708 illo
3469 665 3606 710 tem-

2016 744 2165 814 poris
2198 743 2490 798 intervallo
2517 742 2585 796 de
2610 740 2689 799 rei
2713 743 2946 798 veritate
2972 749 3289 810 constaret;
3329 743 3478 813 quod
3512 759 3605 799 ne-

2016 851 2107 890 mo
2137 842 2263 891 ante
2293 836 2395 892 hos
2427 850 2601 891 annos
2620 851 2816 891 DCCLIII
2851 852 2975 891 eum
3011 836 3105 907 qui
3141 837 3459 894 nasciturus
3487 846 3603 892 erat

2016 933 2139 981 satu
2168 941 2468 997 propagare
2491 936 2698 997 posset.
2721 925 2859 981 Num
2894 927 3060 997 igitur
3084 925 3288 982 frustra
3319 926 3603 998 Propheta!

2018 1018 2149 1073 dixit
2185 1036 2198 1072 :
2233 1018 2460 1075 Scribe?
2496 1018 2716 1074 Minime
2748 1034 2901 1075 vero.
2953 1018 3060 1075 Sed
3100 1027 3157 1074 ut
3187 1020 3280 1075 ille
3311 1020 3476 1087 idem,
3507 1022 3600 1092 qui

2019 1108 2295 1178 propheta:
2324 1108 2522 1174 inerat,
2554 1109 2791 1179 Spiritus
2814 1118 3039 1165 sanctus
3067 1110 3400 1175 ostenderet,
3435 1127 3603 1183 gene-

2017 1202 2248 1256 rationis
2281 1218 2341 1257 se
2367 1203 2593 1267 Christi,
2626 1211 2898 1273 quatenus
2931 1219 3099 1259 carne
3129 1206 3442 1274 constabat,
3474 1221 3605 1261 vere

2017 1302 2300 1349 auctorem
2342 1302 2396 1349 ct
2429 1294 2750 1351 cilicientem
2804 1311 2946 1353 esse.
3001 1297 3233 1367 Spiritus
3287 1301 3426 1354 enim
3473 1317 3602 1355 san-

2015 1395 2131 1439 ctus
2163 1390 2489 1456 superveniet
2521 1389 2577 1442 in
2611 1399 2679 1456 te,
2711 1390 2788 1443 ait
2818 1388 3001 1444 Mariae
3044 1389 3263 1447 Gabriel
3303 1393 3531 1463 angelus
3556 1393 3600 1456 ¹,

2015 1490 2119 1533 etc.
2182 1478 2301 1533 Jam
2360 1484 2506 1551 quod
2567 1483 2791 1552 subjicit
2849 1482 3021 1541 Isaias
3066 1487 3207 1558 slylo
3247 1486 3499 1552 hominis,
3535 1487 3603 1542 ad

2017 1571 2251 1627 hominis
2282 1574 2696 1630 similitudinem
2732 1577 3166 1633 adumbrandam
3214 1579 3473 1652 pertinet.
3517 1578 3605 1635 Si-

2015 1666 2233 1736 quidem
2267 1667 2432 1722 homo
2462 1669 2716 1726 Christus
2744 1667 2909 1727 Jesus
2941 1680 3044 1738 est,
3092 1672 3363 1728 mediator
3405 1673 3502 1729 Dei
3549 1683 3605 1729 et

2014 1758 2295 1813 hominum
2322 1759 2363 1829 ³,
2420 1761 2865 1832 quandoquidem
2919 1763 3061 1821 Deus
3117 1766 3356 1822 Verbum
3391 1782 3423 1822 e
3459 1768 3603 1822 cmlo

2013 1850 2332 1918 descendit;
2371 1860 2535 1921 atque
2563 1868 2624 1907 ex
2657 1852 2826 1908 Maria
2864 1863 3029 1911 natus
3060 1865 3143 1911 est
3177 1857 3364 1924 homo,
3397 1871 3507 1912 non
3534 1874 3603 1913 ex

324 1950 580 2014 Ἐζεκίαν
610 1947 884 2020 εἰρῆσθαι.
922 1948 1067 2019 Ἤδη
1096 1947 1206 2020 γὰρ
1236 1951 1266 2002 6
1302 1947 1552 2013 Ἐζεκίας
1584 1949 1778 2001 ἕνδεκα
1807 1947 1903 2017 ἐτη

2012 1942 2252 1995 humano
2285 1950 2409 1997 satu
2445 1943 2772 2012 productus.
2814 1944 2977 2017 158
3019 1947 3365 2019 Proindeque
3413 1949 3601 2007 statim

310 2038 430 2113 εἶχε
461 2040 875 2111 γεγεννημένος.
925 2037 1015 2109 Τῷ
1064 2040 1173 2107 γὰρ
1206 2039 1381 2111 ἐνάτῳ
1409 2039 1517 2092 ἔτει
1554 2040 1665 2112 (51)
1687 2040 1788 2109 τῆς
1813 2038 1904 2092 τοῦ

310 2134 525 2207 πατρὸς
556 2133 721 2187 αὐτοῦ
770 2132 1051 2203 βασιλείας
1083 2134 1144 2186 τὸ
1184 2134 1332 2202 ῥῆμα
1366 2131 1788 2204 προεφητεύετο·
1827 2132 1908 2184 ὅτι

324 2226 476 2282 Ἰδοὺ
506 2228 543 2294 ἡ
581 2223 871 2293 παρθένος
896 2224 964 2277 ἑν
990 2223 1198 2293 πτιστρὶ
1219 2223 1359 2288 ἕξει.
1389 2223 1500 2277 Καὶ
1532 2224 1671 2294 μετὰ
1689 2223 1751 2276 τὸ
1773 2223 1909 2277 ἀποο

312 2320 503 2373 Θανεῖν
530 2319 620 2371 τὸν
651 2317 824 2388 ’Ἄχας
849 2316 1249 2387 βασιλεύσαντα
1271 2316 1650 2388 δεκατέσσαρα
1677 2316 1794 2389 ἐτη,
1817 2318 1910 2370 καὶ

308 2412 738 2483 τελευτήσαντα,
771 2408 931 2472 εὐθύς
958 2426 1121 2480 φησιν
1146 2411 1180 2479 ἡ
1206 2409 1415 2480 Γραφή·
1451 2408 1562 2462 Καὶ
1593 2408 1909 2462 ἐϐασίλευ-

307 2518 431 2559 σεν
462 2501 739 2569 Ἐζεκίας,
766 2502 865 2555 καί
886 2497 967 2572 ἦν
983 2502 1178 2555 εἴκοσι
1200 2499 1349 2555 ἑτῶν
1366 2501 1436 2555 ἐν
1457 2499 1535 2567 τῷ
1551 2501 1911 2565 βασιλεύειν

309 2597 529 2651 αὐτόν.
573 2594 699 2658 Πῶς
738 2589 829 2648 οὖν
865 2596 922 2647 ὲν
954 2596 1020 2665 τῇ
1071 2594 1321 2665 βασιλείᾳ
1366 2592 1462 2646 τοῦ
1509 2593 1713 2664 πατρὸς
1742 2592 1908 2647 αὐτοῦ

308 2685 784 2757 τεσσαρακαίδεκα
833 2683 929 2755 ἔτη
978 2684 1142 2738 αὐτοῦ
1187 2683 1626 2755 βασιλεύσαντος,
1695 2701 1911 2757 προφη-

310 2777 610 2848 τευομένου
642 2775 736 2831 τοῦ
776 2777 841 2830 ἐκ
873 2774 1153 2847 Παρθένου
1201 2775 1495 2847 γενομένου
1539 2774 1907 2847 Ἐμμανουήλ,

328 2870 582 2937 Ἑζεκίας
631 2870 1050 2942 γεννηθήσεται,
1084 2870 1114 2922 6
1143 2869 1348 2922 εἴκοσιν
1398 2868 1537 2921 ἐτῶν
1587 2867 1910 2937 βασιλεύσας

318 2964 463 3033 μετὰ
491 2963 582 3015 τὸν
620 2963 784 3016 αὐτοῦ
816 2963 1061 3035 πατέρα;
1090 2962 1185 3016 καὶ
1213 2962 1335 3033 οὐχὶ
1369 2961 1569 3033 μᾶλλον
1608 2963 1909 3033 φανήσεται

310 3058 430 3118 τοῖς
465 3057 727 3122 συνετοῖς,
763 3056 844 3108 ὅτι
876 3057 977 3127 ἤδη
1019 3056 1233 3126 ὑπῆρχε
1264 3053 1566 3125 γεννηθεὶς,
1604 3055 1690 3108 ὅτε
1718 3057 1748 3108 6
1776 3072 1908 3127 προς

312 3149 497 3218 φήτης
530 3147 870 3218 προεφήτευε
897 3148 959 3200 τὸ
992 3148 1145 3218 ῥῆμα
1182 3148 1277 3202 ἐπὶ
1303 3148 1403 3218 τῆς
1428 3147 1523 3200 τοῦ
1569 3147 1765 3217 νΛχαζ,
1799 3163 1908 3201 πα·

312 3239 446 3309 τρὸς
502 3237 598 3291 τοῦ
640 3238 905 3304 Ἐζεκίου,
962 3239 1274 3310 βασιλείας;
1312 3239 1548 3311 μάλιστα
1587 3238 1710 3294 οὐδὲ
1768 3255 1906 3312 προ-

2012 2028 2282 2102 Propheta
2317 2032 2581 2103 subjecit:
2616 2033 2686 2086 Et
2717 2036 2979 2106 ingressus
3000 2046 3077 2092 est
3098 2038 3169 2092 ad
3191 2042 3578 2108 prophetissam

2013 2130 2071 2175 ut
2090 2123 2492 2192 pr0phetissam
2520 2124 2743 2181 Mariam
2769 2143 2891 2183 esse
2909 2138 3262 2195 monstraret,
3280 2146 3390 2188 non
3415 2132 3601 2188 Acha).
3630 2121 3635 2127 δ

2014 2228 2261 2277 uxorem,
2290 2214 2359 2271 de
2389 2232 2495 2286 qua
2531 2218 2781 2273 nonnulli
2818 2219 3025 2276 dictum
3058 2221 3190 2276 illud
3218 2231 3441 2295 propter
3464 2224 3602 2283 Eze-

2014 2305 2192 2359 chiam
2236 2305 2372 2362 falso
2424 2310 2796 2380 suspicantur.
2849 2310 2969 2377 Quo
3018 2314 3165 2369 enim
3212 2315 3303 2371 illa
3356 2323 3602 2388 tempore

2013 2403 2367 2469 pronuntiata
2392 2414 2537 2472 sunt,
2563 2420 2615 2459 χι
2637 2405 2745 2475 jam
2774 2421 2948 2462 annos
2973 2418 3134 2464 natus
3163 2419 3281 2464 erat
3310 2410 3597 2469 Ezechias.

2012 2490 2146 2546 Nam
2194 2509 2247 2548 Ix
2292 2495 2503 2565 imperii
2539 2497 2711 2566 patris
2742 2497 2864 2567 ejus
2900 2514 3043 2553 anno
3093 2502 3413 2557 vaticinium
3464 2504 3601 2560 illud

2012 2585 2219 2640 editum
2281 2585 2423 2641 fuit:
2464 2586 2595 2642 Ecce
2624 2591 2768 2660 virgo
2815 2594 3084 2662 concipiet.
3134 2595 3210 2649 Ac
3255 2606 3475 2652 mortuo
3503 2598 3600 2654 de-

2011 2697 2161 2735 mum
2201 2680 2445 2747 Acltazo,
2500 2691 2792 2754 postquam
2839 2701 3013 2742 annos
3045 2704 3137 2741 xw
3169 2691 3440 2759 regnavit,
3471 2708 3599 2748 mox

2015 2768 2303 2841 Scriptura
2334 2772 2517 2841 prodit
2545 2793 2556 2826 :
2590 2773 2658 2828 Et
2704 2780 2938 2846 regnavit
2973 2776 3256 2848 Ezechias,
3283 2794 3501 2856 eratque
3529 2803 3602 2843 xx

2011 2880 2273 2917 annorum
2296 2880 2416 2917 cum
2448 2882 2665 2935 regnare
2696 2870 2934 2937 coepisset
2957 2871 3000 2924 ⁸.
3033 2870 3135 2937 Qui
3169 2875 3337 2946 igitur
3367 2893 3603 2936 consen-

2010 2964 2232 3011 taneum
2263 2965 2366 3023 est,
2398 2965 2480 3021 ut,
2514 2973 2639 3012 cum
2691 2968 2958 3031 regnante
3004 2965 3187 3019 adhuc
3230 2967 3379 3024 illius
3423 2978 3599 3041 patre,

2011 3050 2104 3119 qui
2137 3050 2299 3105 annis
2329 3066 2422 3104 xw
2456 3052 2764 3122 imperavit,
2789 3054 2857 3109 de
2902 3054 3256 3115 Emmanuele
3289 3076 3356 3116 ex
3389 3058 3602 3134 virgine

2013 3142 2294 3197 nascituro
2327 3145 2596 3214 propheta
2621 3161 2950 3216 responsum
2989 3149 3125 3205 illud
3152 3153 3437 3220 cecinerit,
3470 3156 3605 3211 Eze-

2012 3233 2191 3287 chiam
2223 3235 2518 3289 oriundum
2549 3251 2672 3292 esse
2698 3238 3031 3308 praedixerit,
3058 3245 3152 3311 qui
3189 3259 3257 3298 xx
3300 3259 3477 3303 annos
3509 3265 3604 3304 na-

315 3330 541 3400 φήτιδος
569 3327 735 3400 οὔσης
760 3331 858 3401 τῆς
892 3331 986 3385 τοῦ
1023 3329 1194 3401 ’Ἄχας
1224 3331 1501 3400 γυναικὸς,
1530 3331 1605 3395 ὡς
1636 3331 1800 3384 παντί
1828 3347 1905 3400 τῳ

2012 3333 2101 3381 tus
2150 3328 2395 3396 parentis
2456 3329 2687 3399 imperio
2743 3334 3048 3388 successit?
3104 3334 3298 3392 Nonne
3357 3338 3602 3409 prudens

311 3420 476 3491 δῆλόν
504 3421 641 3474 ἐστι.
671 3422 861 3492 Μαρία
889 3422 948 3475 δέ
980 3423 1128 3475 ἐστιν
1153 3425 1185 3493 ή
1208 3420 1437 3476 εἰποῦσα
1470 3421 1565 3475 καὶ
1591 3419 1904 3493 προφητεύ-

315 3530 481 3573 σασα,
529 3513 612 3566 ὅτι
650 3513 785 3567 Ἀπὸ
813 3513 921 3568 τοῦ
951 3513 1068 3567 νῦν
1094 3512 1463 3583 μακαριοῦσι
1501 3530 1580 3584 με
1626 3513 1816 3568 πᾶσαι
1844 3516 1904 3567 αἱ

313 3604 515 3674 ’γενεαί
569 3602 678 3674 τῆς
724 3603 860 3675 γῆς.
914 3605 1057 3679 Πρὸς
1109 3608 1175 3677 ἣν
1228 3606 1443 3678 εἰσῆλθε
1498 3606 1760 3677 Γαϐριὴλ.
1809 3606 1905 3660 καὶ

312 3694 730 3767 εὐηγγελίσατο,
762 3696 839 3760 ὡς
867 3697 927 3750 τὸ
965 3698 1189 3769 Πνεῦμα
1223 3698 1501 3752 ἐλεύσεται
1530 3699 1589 3752 ἐν
1616 3699 1753 3769 αὐτῇ
1777 3700 1815 3760 ι,
1845 3696 1906 3750 τὸ

314 3788 377 3840 ὲν
420 3787 618 3856 Ἡσαΐᾳ
657 3786 917 3857 λαλῆσαψ
960 3789 1052 3841 καὶ
1083 3788 1336 3859 γεννήσει
1378 3788 1523 3855 υἱὸν,
1568 3788 1659 3841 τὸν
1699 3787 1904 3858 Κύριον

312 3878 477 3950 ἡμῶν
534 3878 736 3950 Ἰησοῦν
788 3880 1044 3952 Χριστὸν,
1095 3879 1182 3933 διὰ
1232 3879 1548 3951 Πνεύματος
1603 3880 1779 3949 ἁγίου,
1812 3878 1907 3932 καὶ

311 3973 418 4026 οὐκ
452 3972 560 4026 ἀπὸ
605 3973 916 4044 σπέρματος
963 3974 1177 4043 ἀνδρὸς,
1231 3974 1307 4039 ὡς
1353 3969 1496 4029 οὗτοι
1546 3973 1906 4043 ἀφραίνοντες

313 4063 413 4116 καὶ
440 4063 798 4136 σφαλλόμενοι
832 4065 1264 4137 βλασφημοῦσιν.

2012 3419 2248 3488 quisque
2300 3420 2482 3489 potius
2524 3420 2684 3477 facile
2716 3424 3012 3494 perspiciet
3069 3435 3184 3480 tum
3221 3429 3373 3484 illum
3410 3439 3602 3488 natum

2013 3511 2207 3578 fuisse,
2238 3528 2362 3567 eum
2394 3515 2467 3567 ita
2506 3516 2769 3586 propheta
2801 3519 3212 3586 vaticinaretur,
3255 3523 3478 3580 Acbazo
3510 3542 3601 3583 rc-

2011 3614 2230 3676 gnante,
2263 3607 2354 3677 qui
2390 3607 2638 3664 Ezechiae
2689 3612 2833 3681 regis
2888 3622 3042 3683 pater
3100 3614 3235 3671 fuit?
3291 3616 3602 3678 Praesertim

2014 3714 2137 3752 cum
2170 3714 2237 3752 ne
2271 3700 2619 3769 prophetissa
2661 3702 2880 3773 quidem
2914 3704 3119 3760 Achazi
3173 3710 3380 3780 conjux
3411 3712 3603 3774 fuerit.

2016 3792 2084 3861 de
2115 3809 2223 3862 quo
2251 3793 2505 3850 dubitare
2531 3811 2693 3851 nemo
2725 3805 2920 3867 potest.
2961 3799 3246 3872 Ejusmodi
3278 3820 3407 3861 vero
3431 3806 3604 3864 Maria

2016 3881 2180 3954 Virgo
2217 3884 2340 3947 fuit,
2382 3902 2505 3956 qua:
2551 3889 2779 3946 cmleste
2812 3891 2947 3946 illud
2995 3897 3283 3953 oraculum
3329 3901 3601 3969 protulit:

2015 3970 2100 4024 Ea:
2129 3972 2226 4025 hoc
2262 3990 2402 4026 nunc
2433 3974 2643 4029 beatam
2690 3995 2770 4032 me
2809 3980 2983 4036 dicent
3019 4001 3197 4040 omnes
3239 3993 3605 4058 generationes

2015 4074 2173 4118 terra:
2195 4065 2236 4118 ⁸.
2271 4064 2349 4118 Ad
2380 4081 2544 4136 quam
2578 4068 2867 4139 ingressus
2889 4073 3106 4131 Gabriel
3133 4076 3344 4135 felicem
3380 4082 3528 4139 hunc
3556 4088 3605 4141 ei

314 4158 577 4212 nuntium
615 4160 830 4226 attulit;
882 4157 998 4214 fore
1029 4167 1090 4215 ut
1124 4158 1178 4213 in
1208 4174 1327 4214 eam
1365 4174 1424 4213 se
1470 4157 1712 4228 Spiritus
1776 4158 2103 4220 insinuaret,
2173 4158 2267 4227 qui
2302 4174 2399 4228 per
2467 4161 2661 4216 lsaiam
2700 4162 2941 4230 locutus,
3004 4181 3069 4221 ac
3136 4167 3305 4224 tilium
3365 4185 3605 4243 pareret,

318 4252 611 4309 Dominum
641 4260 893 4309 nostrum
920 4251 1106 4308 Jesum
1139 4252 1442 4313 Christum,
1475 4253 1569 4322 qui
1627 4252 1694 4308 de
1758 4251 1965 4323 Spiritu
2004 4261 2219 4316 sancto,
2269 4269 2379 4309 non
2426 4270 2494 4310 ex
2547 4256 2687 4311 virili
2743 4260 2953 4317 semine
3000 4266 3324 4336 progenitus
3380 4277 3486 4337 est,
3546 4281 3607 4328 ut

316 4356 572 4405 amentes
604 4350 680 4403 illi
717 4363 782 4405 ac
816 4350 1038 4405 fanatici
1071 4365 1168 4420 per
1209 4366 1481 4405 summam
1528 4349 1920 4419 blasphemiam
1968 4351 2288 4422 praedicant.

390 4470 410 4502 ί
442 4489 532 4541 γρ.
564 4472 650 4525 ἐπ’
684 4472 878 4543 αὐτήν.
956 4475 976 4503 ⁸
1005 4470 1140 4525 Luc.
1187 4486 1246 4536 ll,
1284 4472 1374 4526 35.
1452 4471 1520 4525 ³1
1553 4470 1697 4525 Tim.
1728 4487 1790 4537 ιι,
1822 4473 1876 4526 5.

1957 4472 1974 4503 ³
2012 4471 2077 4525 IV
2113 4471 2246 4543 Reg.
2286 4489 2439 4538 xvm,
2478 4473 2533 4529 2.
2612 4477 2635 4507 ⁸
2670 4474 2801 4532 Luc.
2837 4494 2875 4543 ι,
2913 4479 3003 4535 48.

388 4626 502 4711 (59)
544 4629 671 4711 "ira
722 4627 890 4711 (ξείξῃ
937 4628 1067 4711 rip:
1089 4628 1343 4711 Μαρίςςις.
1402 4626 1611 4711 Hebraei
1642 4627 1900 4711 quidam,

2011 4626 2332 4711 Regnxvm,
2369 4641 2421 4687 et
2458 4630 2657 4711 llnPar.
2692 4650 2839 4691 χχιχ.
2879 4636 3063 4704 Quare
3091 4649 3432 4711 postremum
3470 4647 3600 4704 illud

314 4706 512 4770 utputa
557 4700 707 4754 Aben
745 4698 902 4763 Ezra,
947 4710 1001 4754 et
1033 4699 1198 4753 David
1252 4699 1394 4752 Kim.
1435 4700 1489 4753 in
1519 4700 1665 4755 httnc
1698 4700 1901 4765 locum,

318 4771 721 4839 prophetissam
772 4771 918 4823 illam
966 4770 1118 4824 Isaiae
1172 4784 1397 4824 uxorem
1451 4770 1901 4840 interpretantur,

315 4855 459 4910 qua),
493 4842 637 4909 qttod
685 4841 1001 4910 prophetam
1035 4842 1210 4894 virum
1247 4841 1519 4905 habuerit,
1559 4841 1905 4911 prophetissa

317 4909 699 4980 nuncupatur.
724 4909 946 4965 Hieron.
978 4912 1185 4981 partita
1209 4927 1304 4977 per
1331 4909 1739 4979 prophetissam
1775 4909 1904 4981 Spif

316 4982 488 5052 ritum
512 4979 797 5042 sanctum,
829 4979 1025 5051 partim
1059 4981 1118 5033 B.
1148 4979 1420 5052 Virginem
1450 4982 1725 5052 intelligit,
1754 4979 1902 5051 quod

316 5055 372 5108 et
410 5051 665 5122 Basilius,
699 5052 901 5122 aliique
928 5059 1254 5122 sequuntur.

390 5121 500 5193 (5|)
548 5122 633 5187 Τῷ
669 5123 778 5192 γὰρ
803 5120 1168 5187 ἐνάτῳέτει.
1205 5120 1513 5193 Multahhoc
1549 5123 1671 5177 loco
1704 5120 1897 5174 adver-

317 5190 416 5249 sus
459 5190 514 5247 et
547 5190 810 5249 rationem
862 5201 1205 5261 temporum,
1261 5201 1315 5247 ct
1364 5190 1701 5263 Scripturam
1748 5206 1900 5244 com-

316 5263 490 5318 missa
522 5273 685 5331 sunt,
742 5265 858 5317 sive
904 5263 1251 5317 librariorum
1302 5263 1462 5322 vitio.
1517 5265 1631 5319 sive
1677 5270 1899 5316 auctore

318 5335 440 5404 ipso
484 5334 632 5388 aliud
679 5344 892 5404 agente.
941 5333 1097 5387 Isaia:
1126 5333 1443 5404 vaticinium
1480 5334 1613 5387 illud
1645 5346 1790 5385 anno
1842 5347 1898 5385 ix

316 5403 502 5459 Achar.
551 5403 761 5458 editum
799 5403 969 5458 fuisse
1017 5411 1190 5473 putat.
1231 5403 1490 5458 Eumdem
1509 5417 1683 5474 porro
1724 5416 1900 5474 annos

316 5489 581 5546 regnasse
626 5490 740 5539 xw,
772 5488 836 5528 ae
867 5481 980 5546 tum
1011 5475 1317 5546 Ezechiam,
1349 5489 1475 5546 cum
1505 5473 1672 5546 ISaias
1699 5473 1897 5526 vatici-

316 5544 480 5601 natus
522 5552 628 5609 est,
678 5560 854 5599 annos
881 5560 935 5599 χι
967 5544 1242 5600 habuisse.
1281 5544 1437 5610 Quod
1485 5545 1531 5599 si
1563 5557 1752 5598 verum
1789 5551 1895 5604 est,

316 5616 585 5670 bimulum
610 5616 783 5672 fuisse
806 5622 1023 5683 oportet
1049 5614 1362 5677 Ezechiam,
1390 5630 1517 5668 cum
1542 5623 1697 5685 pater
1723 5614 1898 5682 ipsius

317 5700 547 5755 regnum
589 5686 774 5755 cmpit.
809 5685 973 5755 Atqui
1005 5692 1065 5739 ut
1101 5685 1148 5740 is
1177 5701 1267 5740 xtv
1301 5686 1567 5740 duntaxat
1597 5698 1771 5739 annos
1811 5700 1899 5740 re-

315 5756 588 5827 gnaverit,
611 5772 720 5811 non
750 5758 871 5825 plus
903 5770 992 5811 xvr
1014 5756 1175 5810 annis
1208 5756 1399 5810 habuit
1430 5755 1708 5827 Ezechias,
1733 5769 1896 5827 quem

315 5824 500 5897 tamen
533 5841 605 5880 xx
633 5824 808 5883 annos
841 5833 1052 5897 natum,
1086 5841 1210 5881 cum
1245 5841 1474 5897 regnare
1502 5825 1688 5895 cmpit,
1709 5824 1898 5897 fuisse

320 5896 484 5966 paulo
528 5904 652 5966 post
696 5896 908 5953 scribit.
953 5894 1164 5952 Revera
1197 5893 1380 5952 aute'm
1419 5911 1524 5952 xxv
1559 5893 1778 5964 habuit,
1823 5893 1890 5953 IV

2009 4699 2453 4789 niani-fes‘te'eum
2498 4701 2780 4773 Scriptura
2824 4699 3049 4779 pugnat.
3091 4699 3158 4789 Ut
3192 4723 3246 4769 et
3275 4699 3431 4789 illud:
3456 4699 3602 4789 quod

2004 4773 2198 4858 asserit
2226 4773 2412 4858 ᾼειιέῑ
2436 4788 2610 4829 annos
2642 4773 3149 4858 t-egnas'se:§tv,etti
3183 4799 3273 4839 χγι
3308 4773 3600 4858 scrip-tura

2006 4841 2305 4920 tribuit,lV
2336 4841 2471 4913 Reg.
2506 4859 2628 4920 cap.
2664 4841 2773 4920 xvi,
2810 4850 2865 4903 2.
2897 4841 3085 4920 Neque
3114 4869 3245 4909 vero
3281 4841 3601 4915 minuscth

2004 4919 2125 4996 tera
2152 4913 2472 4996 falsansunt.
2490 4913 2625 4996 .Hoc
2658 4919 2802 4996 enim
2821 4913 3136 4996 oraculum,
3163 4925 3313 4996 quod
3340 4913 3595 4983 Isaizevu

2004 4983 2203 5052 legitur
2235 5001 2248 5035 :
2287 4983 2422 5037 Ecce
2455 4985 2599 5055 virgo
2628 4988 2903 5056 concipiet,
2941 5000 3071 5055 etc.,
3122 4983 3231 5050 stib
3286 4996 3417 5051 illud
3455 5005 3599 5053 tem-

2002 5068 2103 5138 pus
2150 5055 2567 5138 prongntiatutn
2614 5065 2720 5138 est,
2772 5055 2897 5138 quo_
2932 5059 3102 5138 Rasin
3148 5081 3243 5138 rex
3295 5065 3487 5138 Syriae,
3546 5080 3599 5124 et

1997 5123 2209 5179 l’hacee
2255 5124 2398 5179 ﬁlius
2437 5125 2697 5180 liomelia:
2743 5123 2839 5184 rex
2879 5129 3045 5188 Israel
3097 5123 3364 5192 adversus
3404 5123 3599 5194 Acha;

1997 5198 2296 5249 exercitum
2329 5194 2625 5251 duxerunt.
2659 5194 2780 5252 Jam
2824 5216 2953 5256 vero
2993 5203 3177 5260 Achaz
3205 5221 3352 5263 anno
3380 5208 3598 5265 Phacee

1999 5279 2375 5347 xv_tt“regnare
2403 5265 2697 5347 ccepi‘t,_lV
2732 5266 2869 5340 Reg.
2904 5288 3014 5347 xv],
3057 5274 3110 5347 2.
3138 5274 3308 5347 Igitur
3339 5289 3593 5335 mortuus

1998 5333 2324 5421 estHPha'cee
2350 5333 2507 5421 anno
2525 5336 2709 5421 achaz
2732 5333 2934 5421 ιγ.ςῖιυί
2954 5333 3207 5421 Ιοειὴιιῆ)
3237 5363 3330 5413 xx,
3349 5364 3471 5421 cap.
3496 5333 3592 5417 iv,

1998 5403 2222 5486 dicitur,
2257 5408 2360 5491 hoc
2392 5414 2485 5491 est
2508 5407 2577 5460 ab
2606 5409 2833 5491 exordio
2855 5403 3020 5483 'regni
3055 5413 3288 5491 Joathan
3319 5403 3332 5473 Ξ
3366 5403 3470 5491 οιῖί
3498 5403 3594 5477 Emi

2001 5476 2087 5530 nis
2118 5492 2210 5530 xvr
2241 5477 2670 5550 regnavit,_cod.
2703 5494 2826 5550 cap.
2871 5476 3074 5539 co'mm.
3124 5487 3215 5543 55.
3259 5476 3432 5547 Paulo
3462 5476 3591 5549 vero

1999 5553 2123 5634 post
2146 5546 2674 5634 vaticiniumil‘lud,
2707 5546 3198 5634 'Iie'glatliphalasar
3230 5546 3588 5634 Assyriorum

1996 5631 2121 5704 Lex,
2145 5617 2497 5704 cujusppem
2521 5617 2706 5704 licita;
2740 5617 3155 5704 imploraverat,
3182 5617 3396 5688 vastaia
3429 5617 3591 5704 Syria

1997 5685 2165 5767 δαείη
2194 5685 2492 5767 interfecit,
2518 5701 2649 5767 cap.
2668 5703 2780 5744 XVI.
2810 5685 2911 5749 Diu
2946 5685 3289 5767 itaque'ante
3318 5685 3590 5758 ιχίλᾶιίάὶ

1997 5757 2131 5838 illud
2161 5757 2234 5838 ab_
2258 5756 2398 5838 Isaia
2430 5756 2753 5838 praedictum
2785 5772 2908 5834 est;
2953 5756 3153 5838 atq-ue,
3206 5756 3285 5826 uti
3330 5756 3590 5829 credibile

1995 5837 2126 5969 ἓῗά
2151 5827 2434 5953 :gggllius
2459 5828 2777 5903 exordium,
2831 5827 2926 5893 aut
2972 5827 3170 5895 saltem
3208 5857 3321 5897 uno
3349 5827 3589 5899 alterove
