3982 6420
407 314 505 370 Hi

1819 314 1876 368 S.
1919 314 2260 371 EPIPHANII

3556 313 3657 367 ιη

408 427 629 484 modum
681 424 893 480 idoneis
943 423 1130 479 multis
1183 424 1412 480 testibus
1468 424 1748 481 evidenter
1802 435 2024 490 ostena

2128 448 2284 502 αμεν.
2302 426 2498 494 Ἦλθε,
2524 430 2617 484 καὶ
2635 428 2919 501 ἐπλήρωσε
2943 427 3068 491 δοὺς
3093 429 3188 498 τὴν
3209 427 3428 498 τελείαν
3460 443 3661 497 περιτο-

406 517 611 573 dimus.
646 514 806 571 Venit
832 514 999 577 enim,
1029 521 1375 583 veteremque
1406 514 1716 585 complevit.
1749 513 1989 585 perlecta

408 610 629 665 demum
677 623 774 678 per
814 622 911 662 sua
949 606 1208 678 mysteria
1250 606 1672 661 circumcisione
1711 622 1998 663 concessa.

408 698 589 767 Quam
628 714 736 753 non
772 714 880 752 una
913 698 1162 767 corporis
1201 704 1356 767 parte
1402 696 1620 752 deliniri
1663 698 1854 762 voluit,
1904 698 1999 753 sed

409 789 602 846 eadem
650 796 825 842 totum
874 802 1076 857 corpus
1123 787 1456 858 obsignavit,
1505 795 1668 857 atque
1708 802 1739 841 a
1778 796 2002 859 peccato

411 879 756 937 circumcidit
788 896 802 933 :
835 893 1011 949 neque
1047 892 1211 932 unam
1251 878 1523 933 duntaxat
1554 878 1737 949 populi
1766 886 1996 949 partem,

412 980 546 1044 puta
572 970 782 1025 virilem
817 984 1030 1035 sexum,
1072 969 1168 1025 sed
1201 969 1514 1024 universam
1553 966 1997 1025 Christianorum

412 1070 630 1135 gentem
681 1060 863 1131 reipsa
919 1059 1187 1118 servavit:
1228 1060 1384 1122 viris,
1423 1060 1665 1130 inquam,
1703 1069 1757 1115 et
1804 1061 2000 1116 mulie-

413 1155 573 1211 ribus
606 1153 822 1225 signum
862 1150 997 1207 illud
1035 1152 1320 1224 impertiit.
1355 1150 1567 1222 Quippe
1598 1150 1665 1205 ad
1699 1153 1851 1222 regni
1885 1165 2002 1206 cce-

413 1244 571 1301 lestis
628 1244 938 1300 adeundam
982 1243 1355 1299 hzereditatem
1410 1242 1684 1298 cumulate
1726 1243 2001 1305 onmihus,

415 1350 528 1390 non
554 1335 1053 1408 angustevirorum
1087 1333 1181 1389 uni
1206 1334 1414 1405 generi,
1442 1333 1587 1387 illam
1618 1332 1790 1403 ipsam
1820 1343 2003 1388 notam

417 1425 648 1497 imponi,
682 1425 834 1481 velut
856 1424 1206 1488 imbecillam,
1238 1424 1449 1479 statuit.
1478 1423 1734 1493 Adeoque
1765 1431 1873 1477 tam
1908 1439 2005 1494 per

417 1532 560 1582 eam,
592 1530 757 1587 quam
791 1530 888 1587 per
924 1515 1183 1571 mandata
1218 1531 1350 1580 sua,
1380 1516 1762 1586 egregiamque
1795 1515 2004 1569 doctri-

420 1623 549 1663 nam
580 1608 803 1664 cmieste
830 1621 1056 1678 regnum
1084 1604 1398 1661 Christiano
1436 1607 1531 1661 toti
1568 1606 1770 1676 populo
1801 1605 2003 1675 patefe-

2103 523 2211 593 μὴν
2249 520 2357 574 τῶν
2392 519 2558 574 αὐτοῦ
2594 518 2936 592 μυστηρίων,
2965 518 3068 572 οὐκ
3098 519 3157 571 ὲν
3202 516 3286 572 ἐνὶ
3318 516 3470 587 μέλει
3505 517 3664 587 μόνῳ,

2099 613 2215 667 ἀλλ’
2239 612 2360 666 ὅλον
2387 610 2548 682 σῶμα
2567 609 2895 681 σφραγίσας,
2923 609 3018 661 καὶ
3037 605 3353 679 περιτεμὼν
3370 606 3479 659 ἀπὸ
3500 607 3660 675 ἁμαρ-

2097 703 2219 765 τίας
2241 718 2253 730 ·
2276 701 2370 755 καὶ
2386 700 2483 770 οὐχ
2513 699 2573 752 ἓν
2599 697 2762 771 μέρος
2787 696 2919 751 λαοῦ
2948 695 3157 763 σώζων,
3178 694 3459 749 τουτέστιν
3486 694 3673 763 ἄνδρας

2102 793 2315 864 μόνους,
2343 790 2479 845 ἀλλὰ
2503 790 2597 844 καὶ
2626 788 2745 843 ὅλον
2772 788 2903 843 λαὸν
2926 787 3020 841 τὸν
3047 786 3155 840 τῶν
3178 784 3523 858 Χριστιανῶν
3544 786 3673 837 mai

2098 884 2378 956 ἀλήθειαν,
2418 882 2614 953 ἄνδρας
2644 898 2703 935 τε
2736 881 2832 934 καὶ
2871 881 3134 948 γυναῖκας
3168 876 3306 949 ὁμοῦ
3347 876 3672 946 σφραγίζων.

2098 976 2194 1030 καὶ⁵
2242 975 2322 1038 εἰς
2361 972 2608 1045 οὐρανῶν
2659 970 2934 1042 βασιλείας
2989 968 3357 1041 κληρονομίαν
3420 964 3677 1034 ἀφθόνοις.

2099 1065 2195 1118 καὶ
2225 1065 2327 1118 οὐκ
2351 1062 2585 1126 ἐλλιπῶς
2609 1062 2693 1116 ἑνὶ
2724 1062 2966 1132 τάγματι
2985 1060 3096 1113 τῶν
3125 1058 3339 1130 ἀνδρῶν
3364 1056 3526 1128 μόνον
3551 1055 3680 1109 κατὰ

2100 1155 2385 1210 ἀσθένειαν
2431 1154 2530 1227 τὴν
2578 1152 2852 1225 σφραγῖδα
2899 1151 3178 1224 παρέχων,
3230 1149 3373 1203 ἀλλὰ
3416 1147 3533 1218 λαῷ
3578 1147 3684 1200 ὁλο-

2100 1246 2247 1300 τελεῖ
2292 1247 2381 1300 διὰ
2430 1246 2530 1317 τῆς
2582 1243 2877 1316 σφραγῖδος
2924 1244 3019 1298 καὶ
3066 1241 3297 1297 ἐντολῶν
3345 1241 3443 1294 καὶ
3483 1236 3684 1308 ἀγαθῆς

2100 1338 2450 1401 διδασκαλίας
2509 1337 2607 1406 τὴν
2668 1334 2943 1406 βασιλείαν
2998 1334 3109 1387 τῶν
3165 1330 3420 1405 οὐρανῶν
3483 1332 3684 1384 ἀποκα-

2102 1429 2340 1483 λύπτων.
2381 1427 2443 1481 Ei
2478 1427 2534 1481 δὲ
2570 1427 2646 1490 ὡς
2683 1428 2713 1480 ὁ
2756 1425 2962 1497 Κύριος
2999 1423 3178 1494 βούλει
3216 1418 3394 1485 εἶναι,
3432 1418 3683 1475 ὀἚϐἱων.

2103 1518 2380 1577 τουτέστιν
2421 1516 2496 1581 ὼς
2539 1519 2568 1570 ὁ
2590 1514 2941 1579 Διδάσκαλος,
2987 1514 3125 1569 πολύ
3162 1512 3471 1583 ἡπάτησαι.
3510 1509 3601 1578 Μὴ
3635 1509 3687 1560 ὲν

2102 1611 2171 1682 τῇ
2202 1612 2473 1683 περιτομῇ
2501 1608 2826 1672 ἀπεικάζου.

421 1699 518 1754 cit.
544 1699 623 1754 Ac
650 1697 696 1755 si
727 1706 791 1753 tu
824 1696 1041 1754 Domini
1074 1697 1272 1754 similis
1309 1712 1455 1764 esse,
1497 1697 1599 1753 hoc
1637 1705 1723 1753 est
1761 1697 2003 1770 Magistri
2044 1702 2149 1766 vis,
2177 1702 2383 1759 Ebion!
2416 1703 2766 1760 vehementcr
2796 1702 3051 1758 aberras:
3074 1698 3192 1756 Noli
3252 1700 3406 1753 enim
3465 1696 3689 1751 circum-

423 1791 636 1851 cisione
667 1792 771 1848 ista
802 1790 1214 1847 similitudinem
1245 1790 1392 1846 illius
1419 1792 1743 1861 exprimere.

493 1881 697 1938 Verum
736 1881 968 1953 agedum
1000 1895 1031 1935 a
1063 1890 1420 1937 monumento
1452 1880 1719 1936 Lazarum
1754 1896 2003 1942 arcesse.
2039 1889 2081 1943 Β

424 1984 521 2029 aut
541 1974 708 2029 alium
737 1972 1047 2043 quempiam
1081 1981 1355 2029 mortuum
1387 1973 1625 2029 excitato
1662 1991 1675 2027 :
1715 1973 1872 2045 162
1912 1984 2009 2028 aut

425 2064 660 2120 infectos
711 2063 857 2134 lepra
902 2078 1172 2134 repurga;
1227 2063 1387 2120 caecis
1444 2065 1660 2127 visum,
1715 2079 2009 2120 nervorum

426 2154 760 2210 resolutione
812 2153 1192 2210 laborantibus
1241 2155 1551 2218 sanitatem,
1585 2155 1631 2209 si
1673 2165 1860 2226 potes,
1921 2171 2008 2210 re-

427 2246 614 2302 stitue.
644 2243 749 2299 Sed
773 2244 897 2300 ideo
925 2259 1035 2299 non
1064 2254 1240 2316 potes,
1270 2246 1413 2317 quod
1440 2246 1778 2313 inﬁdelitate,
1809 2246 2017 2301 carnis-

427 2352 536 2407 que
572 2335 826 2395 vincuiis,
875 2349 940 2389 ac
980 2335 1113 2407 legis
1154 2335 1489 2408 imperfectis
1529 2337 1871 2392 caeremoniis
1921 2335 2019 2390 illi-

427 2434 591 2497 gatus
625 2425 903 2481 contraria
940 2426 1020 2481 illi
1053 2426 1240 2481 omnia
1274 2425 1432 2481 facis.
1466 2428 1645 2498 Atque
1673 2436 1734 2481 ut
1758 2436 2020 2497 prtestare

429 2518 670 2572 maxime
701 2532 914 2587 posses,
948 2518 1001 2572 id
1034 2518 1177 2588 quod
1215 2531 1439 2589 propter
1471 2518 1824 2591 depravatam
1861 2519 2017 2573 [idem

432 2619 579 2663 tuam
633 2610 858 2665 minime
912 2618 1070 2679 potes
1127 2613 1372 2680 assequi,
1425 2626 1534 2665 non
1593 2611 1768 2665 instar
1812 2609 2019 2665 Christi

433 2700 562 2756 dico
642 2702 844 2772 (neque
906 2701 1052 2756 enim
1119 2703 1462 2772 corruptioni
1533 2703 1803 2757 obnoxius
1862 2711 2024 2770 atque

434 2807 625 2847 errore
655 2793 966 2862 implicatus
999 2793 1297 2865 homuncio
1327 2793 1566 2849 conferri
1606 2810 1729 2850 cum
1771 2793 1881 2847 Deo
1922 2810 1991 2865 po

435 2888 580 2950 tes),
614 2881 707 2938 sed
734 2860 916 2952 neque
958 2882 1165 2938 Christi
1184 2860 1390 2939 'nonien
1428 2884 1495 2938 ad
1528 2884 1738 2939 edenda
1777 2860 2023 2956 prodigia

442 2981 601 3044 potes
640 2974 922 3040 invocare;
963 2981 1060 3028 aut
1095 2974 1142 3028 si
1188 2981 1374 3028 tamen
1418 2974 1781 3037 invocaveris,
1826 2974 2025 3029 eilicies

442 3065 765 3135 quidquam.
816 3063 923 3120 Sed
962 3067 1066 3121 etsi
1110 3067 1409 3137 paralytico
1456 3066 1777 3122 suscitando
1823 3066 2026 3136 aliquid

438 3154 705 3221 eillceres,
734 3155 878 3210 idem
910 3156 1117 3227 utique,
1142 3158 1235 3228 qui
1269 3173 1364 3228 per
1384 3155 1515 3212 Jesu
1547 3172 1747 3213 nomen
1776 3173 2028 3228 exsurge-

2179 1879 2341 1933 Ἀλλά
2397 1879 2625 1935 κάλεσον
2680 1879 2772 1934 τὸν
2834 1879 3087 1953 Λάζαρον
3143 1877 3256 1933 ἀπὸ
3318 1878 3609 1949 μνημείου,
3654 1878 3687 1950 ἦ

2114 1970 2271 2026 ἄλλον
2325 1970 2516 2043 νεκρὸν
2563 1970 2795 2042 ἐγειρον,
2844 1969 3083 2042 λεπροὺς
3130 1967 3437 2041 καθάρισον
3461 2010 3476 2033 ,
3523 1969 3554 2040 ἢ
3609 1985 3692 2022 τυ-

2113 2066 2265 2135 φλοῖς
2300 2065 2522 2136 χάρισαι
2566 2063 2629 2118 τὸ
2672 2063 2914 2135 βλέπειν,
2959 2063 2993 2135 ἢ
3031 2062 3417 2133 παραλυτικὸν
3446 2062 3612 2127 ἴασαι,
3648 2064 3692 2115 εἰ

2113 2157 2265 2231 δύνῃ.
2295 2157 2370 2211 Οὐ
2396 2156 2530 2227 δύνῃ
2555 2156 2633 2220 δὲ,
2660 2156 2741 2210 ὅτι
2764 2154 3027 2219 ἐναντίως
3042 2155 3306 2225 πράττεις
3330 2154 3562 2223 ἀπιστίᾳ
3576 2170 3693 2207 κατ-

2116 2251 2371 2322 εχόμενος
2396 2289 2411 2312 ,
2478 2249 2574 2303 καὶ
2631 2248 2851 2319 δεσμοῖς
2912 2246 3153 2319 σαρκὸς,
3211 2247 3310 2301 καὶ
3377 2246 3751 2319 δικαιιῦμα,.ρ

2115 2344 2282 2413 νόμου
2328 2338 2692 2412 ἁπληρώτοις.
2738 2340 2803 2393 Ei
2845 2338 2903 2393 δὲ
2937 2339 3108 2394 ταῦτα
3140 2337 3421 2410 ὴδυνήθης
3468 2337 3695 2408 ποιῆσαι,

2116 2437 2254 2506 ὅπερ
2284 2435 2345 2487 οὐ
2377 2434 2511 2507 δύνῃ
2534 2432 2621 2486 διὰ
2650 2432 2747 2503 τὴν
2773 2431 3135 2486 κακοπιστῖαν
3162 2447 3280 2496 σου,
3320 2431 3385 2484 οὐ
3420 2429 3561 2497 λέγω
3580 2429 3649 2492 ὡς
3672 2428 3698 2480 δ

2119 2526 2355 2598 Χριστὸς
2380 2527 2462 2596 (οὐ
2490 2525 2600 2597 γάρ
2624 2523 2756 2598 δύνῃ
2783 2522 3185 2593 ἀπεικασθῆναι
3207 2521 3354 2592 Θεῷ,
3379 2521 3610 2592 φθαρτὸς
3633 2520 3699 2572 ὢν

2120 2614 2404 2687 ἄνθρωπος
2441 2616 2537 2668 καὶ
2596 2613 2975 2684 ἠπατημένος)
2997 2651 3013 2676 ,
3070 2610 3186 2664 ἀλλ’
3247 2610 3379 2664 οὐτε
3434 2609 3497 2663 τὸ
3545 2608 3700 2678 δνομα

2122 2706 2358 2779 Χριστοῦ
2385 2706 2479 2759 ἐπὶ
2502 2705 2847 2776 θεοσημείοις
2872 2703 3103 2758 δύνασαι
3131 2699 3595 2756 ἑπικαλὲσασθαιι
3610 2698 3701 2751 κᾶν

2121 2816 2182 2853 τε
2206 2797 2528 2869 ὲπικαλέσῃ,
2545 2797 2648 2850 οὐκ
2671 2797 3011 2867 ὲνεργήσεις.
3034 2792 3099 2848 Εἰ
3120 2792 3177 2846 δὲ
3196 2793 3292 2846 καὶ
3311 2791 3455 2855 ὅλως
3477 2790 3702 2861 ἐνεργεᾶ

2125 2889 2497 2962 παραλυτικὸν
2534 2886 2869 2957 ἀναστῆσαι,
2899 2880 3047 2956 εἶχεν
3080 2884 3177 2948 ἂν,
3210 2883 3301 2938 διὰ
3327 2883 3427 2938 τοῦ
3457 2883 3702 2951 ὀνόματος
3802 2888 3815 2895 ‘

2123 2982 2219 3036 τοῦ
2244 2981 2421 3052 Ἰησοῦ
2454 2979 2727 3043 ἀναστὰς,
2762 2979 2857 3033 καὶ
2896 2978 3111 3032 σύνεσιν
3142 2979 3273 3048 παρ’
3306 2974 3471 3030 αὐτοῦ
3502 2972 3699 3027 λαὸεῖν’

2128 3076 2216 3128 ἴνα
2265 3091 2359 3127 σου
2409 3073 2483 3144 μὴ
2532 3073 2834 3142 ἀνάσχηται
2882 3068 3254 3133 σαϐϐατιζειν,
3305 3067 3447 3122 ἀλλὰ
3494 3067 3578 3119 διὰ
3619 3063 3702 3117 τοῦ

2128 3164 2392 3233 ὀνόματος
2449 3160 2541 3215 τοῦ
2596 3160 2891 3230 ῖασαμένου
2952 3159 3178 3231 μαθεῖν,
3237 3159 3321 3213 ὅτι
3381 3153 3567 3225 *Αρον
3614 3154 3707 3207 τὸν

440 3254 549 3310 ret,
581 3246 650 3302 ab
682 3261 749 3301 eo
783 3246 904 3316 ipso
937 3247 1173 3317 quadam
1205 3258 1393 3317 posset
1428 3249 1710 3321 sapientia:
1742 3251 1861 3304 luce
1898 3265 2023 3318 pcr-

2128 3254 2457 3323 κρὰὄσατόν
2479 3267 2619 3317 σου,
2643 3251 2744 3305 καὶ
2767 3251 3029 3319 πορεύου
3056 3251 3145 3314 εὶς
3173 3248 3281 3301 τὸν
3310 3245 3486 3302 οἶκόν
3514 3262 3624 3299 σου
3646 3242 3707 3295 ἐν

441 3336 623 3399 fundi,
654 3351 722 3391 ne
757 3351 820 3391 se
850 3343 1001 3391 tuam
1049 3337 1118 3392 ad
1175 3335 1401 3393 Sabbati
1449 3338 1888 3394 observationem
1936 3353 2028 3391 ac-

441 3426 856 3494 commodaret;
898 3441 962 3482 ac
993 3443 1089 3499 per
1118 3428 1241 3497 ejus
1274 3443 1305 3482 a
1338 3444 1449 3499 quo
1474 3438 1623 3486 esset
1655 3438 1903 3490 sanatus.
1936 3446 2035 3485 no-

443 3532 571 3572 men
602 3516 708 3571 hoc
733 3515 974 3571 disceret
1006 3535 1022 3571 :
1048 3516 1196 3573 Tolle
1215 3519 1501 3589 grabatum
1533 3529 1702 3583 tuum,
1742 3530 1790 3574 et
1823 3520 1951 3573 vade
1980 3521 2036 3574 in

446 3608 665 3662 domum
699 3617 843 3660 tuam
878 3607 1114 3663 Sabbato
1137 3610 1179 3664 ί.
1209 3609 1478 3665 Caeterum
1506 3610 1609 3667 hoc
1638 3626 1668 3664 a
1699 3611 1857 3667 nobis
1879 3619 2036 3665 antea

448 3708 938 3753 commemoratum
988 3708 1093 3765 est,
1150 3700 1246 3771 qui
1296 3717 1363 3756 ex
1418 3702 1509 3756 illa
1565 3712 1714 3757 secta
1753 3711 1904 3768 sunt,
1934 3717 2029 3757 eos

447 3793 602 3847 varie
660 3791 729 3847 de
781 3792 1004 3848 Christo
1053 3793 1275 3849 sentire.
1309 3792 1445 3847 Nam
1479 3793 1624 3866 quod
1665 3793 1732 3849 ad
1770 3793 2026 3850 Ehionem

450 3886 632 3954 ipsum
667 3885 922 3953 pertinet,
958 3899 1167 3940 merum
1204 3886 1353 3940 illum
1388 3885 1664 3942 hominem
1697 3902 1763 3941 ex
1794 3886 2031 3940 humano

452 3975 745 4029 concubitu
773 3982 927 4044 putat
957 3990 1079 4030 esse
1105 3987 1448 4048 prognatum.
1471 3978 1539 4030 At
1569 3976 1661 4046 qui
1694 3975 1935 4031 Ebionaai
1963 3977 2032 4031 de

2129 3340 2425 3404 Σαϐϐάτῳ.
2460 3338 2600 3409 Ἤδη
2622 3338 2680 3391 δέ
2708 3355 2797 3409 μοι
2829 3337 3067 3408 εἴρηται,
3092 3336 3168 3401 ὡς
3187 3336 3465 3409 διαφόρως
3495 3335 3705 3393 ἕκαστος

2130 3430 2315 3486 αὐτῶν
2352 3431 2481 3502 περὶ
2516 3429 2756 3500 Χριστοῦ
2800 3428 3112 3483 ὑποϐάλλειο
3162 3428 3296 3481 ποτὲ
3345 3428 3445 3498 μὲν
3491 3428 3521 3480 δ
3558 3422 3707 3485 αὐτὸς

2145 3522 2344 3575 Ἐὄξων
2375 3522 2550 3591 λέγων
2585 3524 2651 3577 ὲκ
2684 3520 3031 3594 παρατριὸἦς
3070 3520 3222 3591 ψιλὸν
3239 3520 3530 3591 ἄνθρωπον
3561 3513 3708 3571 αὐτὸν

2134 3612 2490 3683 γεγενῆσθαι·
2534 3613 2721 3668 ἄλλοτε
2752 3614 2810 3666 δὲ
2842 3615 2891 3668 οι
2925 3613 3020 3666 ἀπ’
3054 3612 3219 3666 αὐτοῦ
3247 3613 3581 3693 Ἑσιωναῖοι,
3609 3609 3708 3660 ἄνω

2134 3702 2363 3773 δύναμιν
2402 3703 2467 3755 ὲκ
2502 3702 2639 3755 Θεοῦ
2678 3702 2978 3773 κεκτῆσθαι
3016 3703 3166 3767 Υἱὸν,
3210 3703 3307 3757 καὶ
3347 3702 3537 3755 τοῦτον
3584 3695 3709 3750 κατὰ

2135 3794 2327 3866 καιρὸν
2370 3795 2461 3848 τὸν
2500 3795 2673 3867 Ἀδὰμ
2725 3795 3009 3850 ἐνδύεσθαί
3054 3813 3114 3850 τε
3143 3795 3238 3850 καὶ
3272 3792 3580 3848 ἐκδύεσθαι.
3621 3783 3710 3838 Ὧν

2135 3887 2235 3949 τὰς
2284 3885 2577 3957 διαφόρους
2628 3886 2857 3958 γνώμας
2917 3887 2975 3941 ὲν
3036 3885 3263 3956 δυνάμει
3315 3882 3454 3937 Θεοῦ
3509 3875 3709 3948 ἀνετρὲ-

2136 3978 2340 4048 ψαμεν.

454 4069 549 4121 illo
575 4067 753 4121 vocati
788 4074 939 4134 sunt,
973 4070 1160 4124 nescio
1215 4086 1380 4139 quam
1428 4070 1484 4126 in
1552 4071 1693 4128 crelo
1728 4070 1984 4124 virtutem
2051 4069 2316 4124 divinitus
2367 4071 2674 4126 obtinuisse
2709 4070 2901 4132 tilium,
2941 4069 3302 4137 eumdcmque
3341 4083 3445 4122 suo
3476 4081 3534 4121 se
3587 4071 3703 4115 ten»

450 4174 586 4229 pore
638 4159 692 4214 in
739 4160 1005 4215 Adamum
1055 4161 1385 4230 insinuasse,
1440 4165 1769 4236 exuisseque
1819 4171 2027 4234 postea.
2071 4162 2314 4228 Quorum
2343 4164 2591 4217 onuiium
2622 4163 2998 4231 discrepantes
3029 4163 3328 4217 sententias
3391 4158 3573 4214 divina
3619 4165 3711 4222 ope

454 4252 579 4307 freti
616 4252 881 4307 hactenus
915 4253 1237 4310 evertimus.

526 4346 888 4411 Quamobrem
919 4346 1052 4417 quid
1084 4363 1185 4417 ego
1210 4349 1416 4404 diutius
1451 4349 1806 4418 importuosis
1838 4348 1946 4403 illis
1979 4348 2033 4401 iu

2213 4340 2325 4394 Καὶ
2353 4340 2406 4391 τί
2441 4356 2531 4409 μοι
2562 4338 2952 4409 ἔτιδιατρίϐειν
2998 4339 3055 4390 ἐν
3080 4334 3358 4406 ἀλιμένοις
3395 4334 3489 4388 καὶ
3531 4327 3711 4402 ἀμπώο

456 4438 595 4492 locis
628 4453 693 4492 ac
731 4438 877 4492 velut
916 4438 1192 4494 aestuariis
1227 4453 1559 4503 commoror,
1603 4454 1723 4510 quae
1779 4437 2024 4492 inundari

2141 4449 2257 4485 τεσι
2304 4430 2506 4493 τόποις,
2548 4429 2625 4500 πὴ
2672 4430 2771 4500 μὲν
2813 4428 3276 4498 ὲπικλυζομένοις,
3415 4426 3470 4478 δὲ
3494 4420 3713 4491 καταξη-

458 4530 616 4590 aiias,
663 4529 797 4583 alias
839 4528 1108 4583 exsiccari
1158 4530 1369 4596 solent;
1420 4545 1484 4584 ac
1540 4531 1767 4599 piscium
1822 4530 2035 4597 copiam

461 4621 663 4689 saepius
692 4618 747 4671 in
773 4619 928 4673 littus
954 4619 1183 4687 ejicere,
1207 4620 1348 4675 inter
1370 4637 1507 4690 quos
1529 4620 1776 4675 venenati
1794 4620 2036 4689 quidam,

460 4708 771 4777 cuiusmodi
792 4716 920 4763 sunt
941 4707 1259 4776 pastinaca,
1290 4708 1579 4772 dracaena,
1610 4711 1893 4771 caniculae,
1930 4723 2042 4760 tnu-

462 4814 645 4864 ηοω,
686 4813 875 4854 eorum
914 4798 1010 4869 qui
1051 4800 1118 4854 ad
1156 4814 1309 4853 oram
1356 4800 1501 4853 illam
1549 4800 1829 4853 ambulant
1877 4798 2041 4869 pedes

460 4891 672 4949 exitiali
733 4906 972 4958 veneno,
1045 4890 1127 4945 uti
1189 4889 1453 4952 diximus,
1522 4889 1821 4946 infestant?
1889 4889 2045 4943 ilunc

461 4985 629 5053 igitur
658 4983 837 5038 locum
875 4982 1120 5053 ingentes
1154 4981 1265 5038 Deo
1303 4984 1507 5055 gratias
1539 4998 1706 5054 agens
1734 4982 2043 5054 praeteribo,

464 5076 610 5146 quod
649 5076 766 5132 haec
803 5077 1031 5148 insuper
1068 5090 1099 5130 a
1140 5076 1299 5133 nobis
1335 5076 1650 5149 propulsata
1689 5076 1761 5133 sit
1801 5075 2044 5142 haeresis,

535 5238 553 5269 ⁸
583 5234 741 5293 Joan.
777 5253 808 5292 v
860 5234 914 5291 8.

546 5390 661 5460 (57)
709 5395 1007 5461 Τρυγόνας
1052 5392 1120 5446 δέ
1163 5409 1333 5461 φημι,
1383 5391 1481 5443 καὶ
1525 5390 1869 5461 δρακαίνας.
1913 5388 2053 5442 Plin.

474 5460 572 5532 lib.
602 5460 841 5532 Ix,_cap.
868 5461 966 5516 48:
1003 5460 1177 5530 Αἰᾳιιε
1204 5460 1510 5532 pestiferum
1557 5460 1760 5532 animal
1788 5473 2014 5512 araneus
2039 5473 2057 5521 ;

479 5531 648 5595 spina:
693 5528 950 5598 inpfdorso
980 5528 1161 5585 aculeo
1202 5528 1415 5586 noxias.
1463 5530 1567 5583 Sed
1602 5530 1806 5583 nullum
1836 5544 2057 5598 usquam

480 5595 864 5667 exsecrabiiius
889 5637 902 5658 ,
932 5615 1091 5663 quam
1134 5600 1320 5655 radius
1373 5616 1527 5667 super
1572 5599 1795 5653 caudam
1823 5595 2057 5653 eminens

486 5666 745 5739 "990m?-
787 5680 943 5739 ‘Iuam
981 5671 1148 5739 nostri
1176 5666 1519 5739 pastinacam
1558 5670 1863 5739 appellant,
1891 5668 2057 5739 quin-

487 5686 745 5739 trygoma.
787 5686 943 5729 quam
981 5686 1148 5721 nostri
1223 5686 1519 5724 astmacam
1558 5686 1823 5739 appenam
1848 5710 1863 5734 ,
1891 5686 2054 5736 qum-

487 5734 713 5786 cunaah
748 5735 1120 5801 magnitudine.
1154 5686 1404 5794 [Elianus
1435 5740 1471 5794 ι.
1497 5755 1538 5794 u
1572 5739 1649 5793 De
1678 5741 1932 5805 anim.,c.
1967 5736 2054 5803 50,

2147 4521 2505 4594 ραινομένοις·
2535 4520 2595 4585 ἐξ
2623 4514 2805 4590 ὦνπερ
2844 4520 3040 4590 ἰχθύων
3080 4517 3440 4591 ἐκδράσματα
3474 4510 3713 4573 πολλάκις

2144 4614 2375 4683 γίνεται,
2418 4614 2512 4667 καὶ
2555 4615 2667 4675 τοῖς
2709 4612 2835 4665 ποσὶ
2877 4613 2989 4674 τοῖς
3035 4609 3133 4673 τὰς
3178 4608 3342 4679 ὄχθας
3382 4606 3582 4659 τούτων
3603 4618 3714 4673 μετα

2149 4708 2290 4759 ιοῦσι
2328 4705 2435 4757 τῶν
2463 4706 2667 4769 τόπων,
2700 4706 2765 4757 ἐκ
2794 4702 2888 4759 τοῦ
2947 4703 3222 4773 ἀναμέσον
3250 4700 3358 4752 τῶν
3390 4698 3584 4769 ἰχθύων
3606 4693 3713 4748 τινὶ

2151 4796 2332 4850 ἱοὸόλα
2364 4793 2535 4856 εἶναι,
2569 4795 2835 4866 τρυγόνας
2867 4794 2925 4847 δέ
2959 4809 3101 4863 φημι
3135 4790 3228 4843 καὶ
3263 4788 3559 4859 δρακαὶνας
3590 4782 3670 4851 (57
3699 4820 3713 4841 9

2151 4890 2245 4943 καὶ
2272 4889 2605 4959 καρχαρίας,
2643 4888 2739 4940 καὶ
2776 4885 3101 4955 σμυραενας,
3135 4881 3211 4946 ὡς
3242 4882 3342 4952 ἢδη
3377 4878 3713 4951 προείρηται.

2155 4982 2358 5054 βλάϐην
2415 4983 2678 5050 ὲμποιεῖ;
2718 4977 3130 5047 Παρελεύσομαι
3189 4974 3368 5027 τοίνυν
3419 4971 3510 5024 τὸν
3568 4968 3715 5020 τόπον

2154 5072 2331 5138 αὖθις,
2359 5071 2479 5143 Θεῷ
2509 5068 2884 5144 εὐχαριστῶν,
2922 5069 3004 5122 ὅτι
3031 5068 3125 5122 καὶ
3154 5063 3360 5137 ταύτην
3396 5064 3492 5134 τὴν
3523 5059 3729 5131 αἵρεσιν·

2160 5395 2459 5442 venenatos
2491 5385 2671 5455 pisces
2707 5387 3119 5442 commemorat,
3148 5379 3387 5455 gubium,
3417 5376 3710 5455 draco-titan":

2163 5436 2818 5524 quorum
2897 5459 3083 5524 tamen
3109 5436 3269 5503 'virns
3319 5436 3534 5524 mittitur.
3572 5436 3713 5524 letale

2161 5505 2708 5595 £ii.”£ii"i{s'siin5éé
2739 5505 3238 5595 praesentissimum
3282 5533 3404 5573 esse
3440 5517 3629 5595 docet."
3650 5505 3711 5595 lit“

2163 5588 2423 5652 muraenis
2452 5595 2592 5650 Plin.
2646 5588 2949 5652 ΙὶΙ).“χτιι1,
2987 5605 3108 5658 cap.
3142 5591 3196 5655 4,
3244 5602 3491 5642 ιηιιηινιιιυ
3527 5588 3711 5635 morsus

2165 5670 2400 5738 ipsarum
2435 5667 2624 5736 capitis
2658 5666 2828 5719 cinere
2858 5671 3133 5717 sanantur.
