3982 6430
276 368 387 426 473

1038 358 1413 419 ADVERSUS
1451 348 1798 410 IIA'LRESES
1834 342 1967 402 LIB.
2007 342 2047 399 l.
2092 343 2258 400 TOM.
2294 345 2361 400 ll.
2386 376 2456 387 -—
2490 344 2769 401 HA‘IRES.
2805 341 2994 399 XXXI.

3468 340 3577 399 :67":

278 488 359 550 εἰς
387 487 482 539 τού
496 483 636 539 πίσω
660 485 991 558 ἐτρέψαμεν,
1022 483 1083 536 οὐ
1108 481 1425 554 παρέργως,
1470 476 1606 532 ἀλλὰ
1634 475 1728 530 καὶ
1750 476 1872 526 ἐπι-

2005 486 2148 541 ιυοιι]
2185 486 2295 525 non
2328 471 2505 526 obiter
2534 469 2736 533 solum,
2768 467 2863 523 sed
2895 482 3108 525 summa
3138 481 3263 521 cum
3292 465 3583 537 diligentia

282 575 464 647 μελῶς
505 576 846 646 ὲλέγξαντες.
889 576 1009 631 Ἐπ’
1053 574 1217 637 ἄλλας
1259 572 1315 626 δὲ
1362 569 1600 641 καθεξῆς
1645 566 1882 629 ’ἑαυτοὺς

278 666 579 738 ἓπιδῶμεν,
596 669 892 740 ἀγαπητοὶ,
913 667 1047 722 Θεὸν
1065 665 1218 722 αξτού
1228 680 1379 736 μενοι
1396 661 1611 734 βοηθὸν,
1622 661 1770 722 ὅπως
1783 657 1883 727 τῆς

280 759 624 829 ἐπαγγελίας
648 760 712 813 τό
728 760 1003 832 πλήρωμα
1025 758 1188 823 αὐτὸς
1221 756 1290 810 δι’
1319 756 1352 826 ἡ
1361 753 1476 826 μῶν
1493 750 1778 824 τελειώσῃ.

284 898 478 955 ΚΑΤΑ
492 894 987 951 οΥΑΛΕΝΤΙΝΩΝ
1006 894 1140 967 (58),
1156 892 1296 948 ΤΩΝ
1328 893 1451 947 ΚΑΙ
1470 887 1882 951 ΓΝΩΣΤῙΚΩΝ,

776 1003 1112 1081 Τριακοστὴ
1140 1009 1364 1078 πρώτη.

358 1131 443 1185 A’.
483 1130 641 1184 Μετὰ
672 1128 897 1192 τούτους
927 1128 1054 1190 τοὺς
1083 1123 1461 1186 Ἑϐιωναίους,
1495 1120 1885 1192 καλουμένους,

285 1217 366 1277 ὧν
401 1222 502 1296 τὴν
548 1219 849 1293 μοχθηρίαν
892 1215 1288 1282 διοδεύσαντες,
1333 1211 1795 1283 ἐπαγγειλάμενοι
1827 1228 1889 1264 τε

287 1315 431 1369 Θεοῦ
465 1314 697 1384 δυνάμει
729 1312 831 1376 τὰς
863 1310 994 1382 ἑξῆς
1033 1308 1238 1381 ἐτέρων
1285 1305 1470 1380 θηρῶν
1523 1304 1759 1378 μορφὰς,
1798 1302 1893 1357 καὶ

293 1411 410 1473 ἰοὺς
433 1394 699 1480 ἑρπετῶν,
726 1404 984 1476 δήγματα
1002 1419 1065 1456 τε
1094 1402 1190 1456 καὶ
1212 1400 1517 1473 δηλητήρια
1541 1399 1792 1469 ἐχούσας,
1816 1396 1892 1459 ὼς

293 1507 354 1558 ἐν
380 1504 503 1566 ταῖς
535 1499 715 1556 αὐτῶν
754 1496 1127 1559 διδασκαλίαις
1147 1535 1163 1560 ,
1203 1495 1280 1559 ὡς
1316 1494 1424 1547 ἀπὸ
1451 1493 1733 1565 χάσματος
1765 1492 1893 1545 ἰδεῖν

296 1598 512 1660 ἔνεστι,
545 1591 815 1664 πυρδόλου
859 1590 893 1662 ἢ
942 1586 1177 1662 ἑρπετοῦ
1216 1584 1392 1640 δεινοῦ
1424 1585 1519 1638 καὶ
1575 1583 1891 1654 βασιλίσκου

296 1688 650 1760 κεκυημένας
675 1727 693 1753 ,
757 1684 851 1739 ὲπὶ
912 1683 1011 1756 τὴν
1075 1681 1184 1735 τῶν
1249 1678 1618 1735 Οὐαλεντίνων
1681 1676 1893 1747 αἵρεσιν

297 1783 555 1855 διέξειμι,
603 1780 696 1834 τὸν
739 1779 959 1850 ἔλεγχον
1003 1776 1182 1830 αὐτῶν
1237 1775 1382 1830 κατὰ
1426 1774 1655 1845 δύναμιν
1706 1772 1893 1826 ποιού-

1988 564 2309 620 refellimus.
2330 563 2487 619 Nunc
2517 563 2584 618 ad
2607 563 2745 618 alias
2769 570 3140 624 transeamus,
3161 558 3372 621 dilecti,
3396 572 3461 612 ac
3480 556 3576 611 Dei

1987 659 2307 731 praesidium
2340 658 2722 729 imploremus,
2754 664 2813 711 ιιι
2833 655 2978 727 quod
3012 657 3116 709 hoc
3142 668 3309 725 opere
3325 652 3577 720 suscepi-

1987 767 2111 807 mus
2127 751 2403 807 cumulate
2429 766 2525 822 per
2543 765 2645 806 nos
2675 749 2744 805 ad
2769 751 2975 805 exitum
2991 748 3265 815 linemque
3289 745 3574 817 perducat.

2072 888 2356 947 CONTRA
2392 887 2849 955 VALENTINOS,
2890 885 3048 942 SlVE
3084 880 3492 948 GNOSTICOS,

2421 1006 2558 1073 Quae
2582 1014 2661 1060 est
2692 1002 2907 1059 Iueresis
2931 999 3150 1057 XXXI.

2064 1122 2224 1196 163
2241 1121 2281 1180 Ι.
2298 1118 2661 1190 Posteaquam
2675 1114 3051 1171 Ebionitarum
3066 1111 3363 1183 nequitiam
3377 1109 3579 1181 imer

1994 1196 2333 1287 bitatemque
2355 1210 2749 1286 percurrimus,
2773 1223 2897 1264 cum
2918 1214 3148 1262 caeteras
3183 1203 3418 1259 aliorum
3457 1215 3581 1259 ser-

1993 1312 2239 1384 pentium
2272 1308 2502 1372 formas,
2534 1320 2601 1361 ac
2636 1316 2850 1360 venena
2881 1299 3184 1355 tradituros
3218 1311 3322 1352 nos
3348 1309 3471 1351 esse
3498 1293 3581 1350 si-

1995 1420 2118 1459 mus
2145 1401 2407 1473 polliciti,
2443 1411 2678 1470 quorum
2715 1402 2770 1450 et
2797 1392 3046 1448 exitiales
3077 1396 3206 1445 sunt
3234 1402 3452 1443 morsus
3471 1426 3487 1450 ,
3520 1393 3583 1439 ut

1992 1513 2058 1554 ex
2090 1496 2306 1551 illorum
2336 1490 2688 1562 dogmatibus
2714 1488 2864 1543 velut
2890 1486 3032 1540 rictu
3052 1480 3291 1555 quodam
3319 1493 3583 1550 apparere

1995 1598 2198 1663 potest,
2230 1595 2284 1643 et
2313 1586 2466 1656 igniti
2498 1581 2809 1654 cujusdam,
2838 1576 3216 1647 teterrimique
3243 1572 3440 1645 anguis
3491 1580 3585 1625 aut

1995 1681 2241 1739 basilisci
2276 1682 2449 1735 instar
2486 1675 2617 1732 editi
2658 1682 2810 1738 sunt,
2848 1671 2917 1726 ad
2952 1668 3367 1724 Valentinorum
3400 1663 3497 1735 qui
3528 1679 3588 1718 sc

1996 1775 2291 1832 Gnosticos
2320 1772 2627 1843 appellant,
2661 1764 3004 1823 refutandam
3043 1761 3295 1817 hteresim
3326 1773 3414 1813 me
3451 1770 3589 1811 con-

302 1849 502 1946 psv-oc',
548 1873 658 1928 τῶν
704 1871 770 1945 δὴ
823 1849 917 1925 καλ.
963 1867 1286 1922 Γνωστικῶν
1336 1869 1549 1930 ἑαυτοῖς
1602 1864 1895 1919 ὲπιθέντων

2005 1870 2192 1936 ieram,
2228 1866 2372 1939 quod
2411 1864 2631 1936 quidem
2675 1850 2775 1933 pro
2822 1858 2967 1915 virili
3006 1862 3163 1927 parte
3199 1853 3449 1909 conabor
3484 1850 3586 1907 etii-

295 1966 504 2037 δνομα,
534 1957 610 2019 ὧν
633 1961 889 2034 διαφοραὶ⁸
917 1959 1016 2033 μέν
1046 1960 1154 2013 είσι
1192 1958 1326 2013 δέκα
1358 1959 1418 2012 ὲν
1452 1958 1550 2029 μιᾷ
1583 1956 1766 2026 πληγῇ
1794 1955 1896 2026 τῆς

296 2058 483 2114 αὐτῶν
522 2055 895 2128 ὀνειροπολίας
935 2051 1210 2122 συζυγιῶν
1251 2069 1311 2104 τε
1350 2051 1445 2105 καὶ
1481 2049 1772 2120 ὁγδοάδων.
1802 2049 1898 2103 καὶ

294 2147 736 2224 ἀρρενοθηλειῶν
767 2146 1002 2201 αἰωνίων
1041 2147 1058 2177 ί
1093 2143 1438 2215 ἀλληνάλλως
1472 2144 1778 2216 ἰσορρόπως
1803 2159 1898 2196 πε-

298 2241 654 2314 πληγμένωνο
676 2239 861 2294 οὐκέτι
888 2238 985 2309 μὲν
1006 2237 1150 2291 κατὰ
1166 2236 1391 2309 χρόνους
1412 2236 1625 2290 τάττων
1643 2235 1898 2304 διαδοχῆς

297 2336 400 2408 τὴν
435 2333 707 2399 σύνταξιν,
742 2332 878 2386 ἀλλὰ
916 2330 1060 2386 κατὰ
1104 2329 1406 2401 πρόσϐασιν
1446 2330 1541 2397 ἀφ’
1593 2327 1786 2400 ἑτέρας
1818 2329 1898 2392 εἰς

297 2428 500 2500 ἑτέραν
524 2425 889 2499 διερχόμενος.
924 2423 1014 2476 Ἐν
1054 2423 1136 2475 ἑνὶ
1169 2421 1279 2493 γὰρ
1313 2421 1491 2492 χρόνῳ
1524 2414 1667 2475 οὗτοι
1697 2421 1899 2484 πάντες

295 2521 377 2585 ὡς
409 2518 653 2590 μύκητες
684 2518 749 2569 ὲκ
774 2516 877 2586 γῆς
902 2512 1315 2583 άνε6λάστησαν
1338 2555 1350 2575 ,
1390 2513 1485 2566 καὶ
1511 2512 1702 2584 ὥσπερ
1728 2512 1898 2564 κακό-

302 2628 479 2684 ρεκτα
509 2611 605 2664 xui.
632 2608 843 2679 δυσώδη
886 2605 1126 2679 βοτανῶν
1157 2605 1513 2676 βλαστήματα
1535 2646 1550 2668 ,
1581 2605 1677 2658 καλ⁵
1706 2605 1900 2676 χόρτος

299 2701 647 2774 ἀκανθώδης,
673 2702 768 2755 καὶ
797 2701 873 2765 ὡς
900 2699 1106 2771 φωλεὸς
1128 2697 1342 2752 πολλῶν
1373 2696 1673 2768 σκορπίων,
1696 2695 1755 2762 ἐξ
1784 2696 1904 2760 ἑνὸς

300 2796 511 2857 πάντες
529 2792 723 2865 καιροῦ
744 2791 823 2863 τῷ
854 2790 955 2863 βίῳ
984 2790 1328 2860 ὲῦλάστησαν
1360 2790 1474 2850 καὶ,
1506 2788 1582 2851 ὡς
1617 2790 1900 2859 προεῖπον,

301 2888 463 2960 δίκην
484 2889 742 2959 μυκήτων
764 2888 830 2957 τῇ
857 2884 1109 2957 ἀμορφία
1130 2882 1236 2936 ὑπὸ
1261 2882 1391 2954 μίαν
1413 2881 1549 2946 θίξιν
1572 2883 1901 2953 πεφήνασιν,

304 2983 384 3046 ὡς
437 2982 534 3035 καὶ
586 2979 666 3051 τῷ
712 2978 1001 3049 ἁγιωτάτῳ
1050 2976 1329 3048 Εἰρηναίῳ
1380 2975 1484 3046 ἤδη
1541 2974 1670 3045 περὶ
1724 2973 1905 3028 αὐτῶν

306 3074 656 3147 προείρηται.
695 3071 989 3143 Σύγχρονοι
1020 3070 1129 3141 γὰρ
1161 3068 1450 3138 γεγόνασιν
1496 3061 1641 3121 οὗτοι
1680 3066 1902 3128 πάντες·

1999 1978 2143 2019 cere.
2176 1959 2380 2015 Horum
2422 1958 2607 2025 itaque
2647 1953 2835 2008 decem
2884 1949 3112 2004 omnino
3153 1945 3390 2001 divortia
3436 1950 3589 1998 sunt.

2002 2052 2108 2109 Sed
2139 2065 2332 2106 omnes
2367 2057 2551 2102 tamen
2583 2060 2693 2099 uno
2731 2041 2879 2097 velut
2913 2036 3359 2109 ictu‘proﬂigatis
3399 2035 3591 2090 nescio

2000 2146 2201 2218 quibus
2231 2140 2466 2214 parium,
2498 2147 2552 2193 et
2590 2134 2922 2205 ogdoadum,
2956 2141 3120 2201 atque
3144 2129 3378 2183 marium
3409 2135 3464 2183 et
3517 2124 3593 2181 fe-

2001 2242 2273 2296 minarum
2298 2252 2511 2292 :eonum
2542 2242 2748 2290 temere
2772 2231 3024 2287 conlictis
3046 2226 3281 2285 somniis
3306 2222 3592 2295 aequaliter

2002 2335 2293 2391 feriuntur.
2329 2329 2515 2401 Neque
2550 2343 2679 2383 vero
2712 2328 2768 2380 in
2802 2324 3019 2379 illorum
3052 2318 3407 2377 confutandis
3435 2332 3592 2374 erro-

2001 2430 2158 2484 ribus
2200 2438 2507 2493 temporum
2551 2428 2635 2475 est
2678 2413 2967 2473 retinenda
3010 2411 3326 2477 successio;
3383 2408 3482 2465 sed
3523 2408 3593 2464 ab

2005 2537 2112 2578 una
2144 2517 2395 2590 progredi
2424 2514 2491 2569 ad
2524 2513 2753 2567 alteram
2781 2509 3014 2563 baeresin
3046 2519 3272 2561 necesse
3299 2511 3385 2559 est
3410 2519 3426 2571 ;
3456 2516 3594 2573 quo-

2004 2615 2151 2670 niam
2182 2612 2374 2665 eodem
2398 2624 2428 2664 e
2455 2617 2601 2662 terra
2630 2616 2875 2673 tempore
2895 2616 3087 2656 omnes
3105 2599 3396 2669 fungorum
3418 2596 3597 2651 instar

2003 2714 2325 2779 eruperunt.
2367 2704 2544 2773 Atque
2574 2708 2635 2754 ut
2666 2698 2829 2753 noxia
2865 2695 3163 2763 fmtidaque
3191 2689 3441 2763 quaedam
3472 2689 3600 2745 ber-

2004 2802 2198 2857 barum
2227 2796 2496 2867 germina,
2531 2792 2614 2847 vel
2647 2789 2827 2845 dumis
2855 2803 2919 2842 ac
2942 2786 3192 2842 sentibus
3212 2782 3452 2838 obsitum
3474 2793 3602 2851 gra-

2006 2906 2154 2952 men,
2186 2888 2270 2942 vel
2299 2886 2536 2955 denique
2568 2884 2645 2935 uti
2676 2881 2861 2951 plures
2887 2892 2954 2932 ex
2980 2877 3173 2931 eodem
3206 2887 3342 2929 cavo
3368 2868 3596 2940 scorpii,

2008 2985 2084 3040 ita
2107 2983 2185 3037 illi
2210 2996 2402 3037 onmes
2427 2978 2619 3033 eodem
2643 2985 2888 3044 tempore
2913 2973 2967 3026 in
2996 2972 3138 3025 banc
3165 2968 3335 3024 vitam
3358 2964 3603 3021 emerue-

2008 3085 2176 3143 ruut;
2229 3090 2315 3134 ae,
2361 3072 2507 3142 quod
2554 3068 2718 3140 paulo
2768 3076 2893 3121 ante
2934 3065 3144 3119 dictum
3180 3067 3286 3123 est,
3336 3065 3602 3128 tanquam

304 3170 543 3230 ἕκαστος
593 3166 651 3220 δὲ
697 3165 806 3219 ἀπὸ
855 3164 951 3217 τοῦ
1007 3164 1195 3235 ἑτέρου
1248 3162 1347 3234 τὴν
1399 3161 1576 3231 κακὴν
1631 3161 1896 3232 πρόφασιν

2013 3170 2163 3240 fungi
2217 3165 2481 3221 inusitata
2527 3159 2764 3231 quadam
2803 3156 3052 3212 foeditate
3090 3151 3281 3208 eodem
3324 3154 3605 3204 momento

307 3259 732 3333 ἑρανισάμενοι,
790 3258 949 3322 ἄλλος
1002 3257 1111 3311 ἀπὸ
1170 3256 1331 3310 ἄλλου
1383 3255 1463 3309 ἔτι
1522 3256 1908 3330 περισσότερον

309 3354 611 3421 ἑπιδειξίας
637 3352 959 3423 βουλόμενος
990 3351 1173 3423 χάριν,
1209 3347 1389 3420 ἐαυτῷ
1422 3347 1778 3420 προετύπωσε
1799 3348 1911 3401 δια-

311 3448 493 3521 φοράν
542 3446 719 3517 κακῆς
769 3445 1122 3517 έξευρέσεως.
1161 3444 1271 3497 Καὶ
1323 3443 1525 3505 πάντες
1570 3441 1911 3505 Γνωστικοὺς

311 3542 547 3605 ἑαυτοὺς
597 3540 910 3609 ὠνόμασαν.
969 3537 1318 3600 Οὑαλεντῖνός
1350 3553 1442 3599 τε,
1497 3536 1676 3606 φημὶ,
1725 3535 1820 3588 καὶ
1861 3535 1912 3588 οἱ

312 3634 427 3707 πρὸ
459 3633 624 3688 αὐτοῦ
658 3630 977 3687 Γνωστικοί·
1017 3629 1153 3684 ἀλλὰ
1194 3631 1288 3683 καὶ
1324 3627 1660 3698 Βασιλείδης,
1685 3629 1779 3681 καὶ
1806 3629 1914 3681 Σα-

309 3728 581 3801 τορνῖλος,
636 3728 734 3781 καὶ
777 3723 1144 3795 Κολορὸασὸς,
1194 3720 1530 3791 Πτολεμαῖός
1572 3738 1633 3774 τε
1678 3722 1773 3774 καὶ
1812 3721 1910 3774 Σε-

312 3821 561 3885 κοῦνδος,
615 3818 975 3890 Καρποκρᾶς,
1011 3817 1107 3869 καὶ
1150 3814 1301 3867 ἄλλοι
1329 3814 1565 3879 πλείους.
1617 3812 1777 3866 Ἀλλὰ
1813 3812 1913 3876 τὰς

314 3917 504 3979 πάσας
549 3912 780 3966 ἐνταῦθα
819 3909 1187 3980 ὀνομάσαντες
1232 3905 1319 3960 διὰ
1361 3907 1461 3975 τὴν
1503 3906 1562 3958 ὲν
1612 3908 1690 3959 ἑνὶ
1738 3905 1913 3978 καιρῷ

317 4010 579 4080 σύσχεσιν
614 4005 833 4058 πάντων
872 4003 973 4073 τῆς
1020 4000 1349 4063 ἁναδύσεως,
1393 4000 1489 4053 καὶ
1538 3999 1912 4052 κακοϐλάστου

314 4100 459 4173 ὁμοῦ
505 4099 604 4170 τὴν
640 4097 871 4150 ἑκάστου
908 4094 1116 4165 σπορᾶς
1153 4091 1444 4147 κακόνοιαν
1490 4092 1597 4145 ίδία
1631 4092 1913 4162 ἀφηγησά-

320 4188 485 4261 μεΘα.
519 4187 670 4249 Τέως
704 4184 762 4238 δὲ
789 4185 882 4237 ἐπὶ
914 4183 1006 4237 τὸν
1038 4186 1399 4255 προκείμενον
1429 4182 1784 4253 αἱρεσιάρχην
1819 4182 1915 4235 καὶ

314 4279 726 4355 τραγῳδοποιὸν
766 4276 1119 4347 ἐλευσόμεθα
1157 4274 1300 4345 φημὶ
1332 4274 1389 4327 δὲ
1420 4273 1793 4338 Οὑαλεντῖνον,
1820 4276 1915 4329 καὶ

2012 3261 2256 3318 universi
2294 3260 2697 3329 proruperunt,
2732 3246 3195 3322 quemadmodum
3230 3242 3299 3297 de
3332 3242 3442 3297 illis
3472 3240 3605 3293 olim

2012 3356 2253 3412 Irenazus
2271 3351 2529 3424 praeclara
2554 3346 2635 3400 vir
2655 3344 2953 3399 sanctitate
2977 3334 3376 3410 pronuntiavit.
3403 3330 3611 3401 [Equa-

2014 3451 2091 3505 les
2143 3422 2290 3504 enim
2344 3445 2423 3499 illi
2475 3455 2668 3496 omnes
2712 3436 3063 3493 exstiterunt,
3119 3430 3221 3494 sic,
3265 3435 3326 3482 ut
3375 3422 3610 3496 quilibet

2013 3542 2309 3614 pessimam
2332 3539 2401 3593 ab
2429 3537 2602 3590 altero
2630 3530 2974 3601 disciplinam
3001 3542 3067 3581 ac
3095 3525 3295 3594 dogma
3326 3527 3611 3575 mutuatus

2014 3635 2210 3699 fuerit;
2247 3631 2408 3698 alius,
2440 3630 2686 3699 inquam,
2724 3625 2875 3679 velut
2907 3629 3135 3675 exortus
3169 3616 3239 3672 ab
3268 3615 3463 3674 altero,
3501 3625 3613 3679 quo

2014 3742 2076 3785 se
2104 3727 2343 3796 amplius
2372 3728 2710 3784 ostentaret,
2743 3712 3126 3774 scelestissimi
3165 3705 3459 3765 commenti
3498 3704 3613 3757 dis-

2015 3827 2335 3891 crepantem
2377 3815 2671 3888 quamdam
2714 3811 2947 3865 formam
2996 3820 3060 3860 ac
3099 3802 3369 3858 rationem
3399 3795 3617 3864 excogi-

2016 3885 2163 3965 tari—t.
2192 3906 2294 3973 Qui
2320 3921 2380 3960 se
2395 3885 2601 3959 omnes
2622 3901 2918 3956 Gnosticos
2941 3892 3221 3951 communi
3250 3885 3618 3959 appellatione

2014 4001 2124 4056 dici
2171 3998 2485 4052 voluerunt.
2527 3991 2851 4062 Cujusmodi
2893 3985 3220 4041 Valentinus
3262 3980 3388 4041 fuit,
3426 3986 3481 4032 et
3520 3981 3617 4045 qui

2016 4094 2170 4146 illum
2206 4088 2453 4144 Gnostici
2487 4088 2910 4154 praecesserunt.
2947 4077 3190 4145 Itemque
3221 4069 3489 4125 Basilides
3511 4108 3523 4129 ,
3554 4083 3620 4120 ac

2018 4184 2359 4247 Saturnilns,
2384 4191 2439 4237 et
2477 4177 2837 4240 Colorbasus,
2858 4190 2933 4239 ac
2958 4172 3285 4226 Ptolemaeus
3338 4174 3393 4220 et
3411 4161 3621 4219 Secun-

2017 4278 2145 4339 dus,
2173 4274 2561 4345 Carpocrates,
2596 4269 2800 4338 aliique
2829 4265 3163 4335 complures.
3199 4259 3412 4326 Quibus
3441 4255 3623 4329 omni-

315 4348 423 4445 τῆν
445 4348 614 4427 αύτοῦ
646 4368 1015 4431 διδασκαλίαν,
1038 4368 1138 4439 τὴν
1166 4366 1276 4421 ἀπὸ
1305 4367 1403 4439 τῆς
1435 4366 1676 4438 μεγάλης
1710 4366 1896 4439 ταύτης

2017 4372 2122 4426 bus
2165 4366 2352 4432 sectis,
2400 4363 2547 4435 quod
2592 4359 2784 4416 eodem
2832 4357 3087 4429 prodiere
3141 4363 3406 4422 tempore,
3451 4348 3616 4404 simul

317 4464 637 4537 Γνωστικὴν
670 4460 1004 4531 ἐπαγγελίας
1038 4461 1422 4532 ὑπάρχουσαν,
1459 4461 1896 4532 καταγνωστικῆς

2024 4462 2338 4527 recensitis,
2368 4473 2517 4514 nunc
2540 4456 2812 4526 cujusque
2830 4453 2979 4507 velut
3009 4457 3165 4506 satus
3197 4447 3370 4502 labem
3404 4460 3467 4497 ac
3496 4458 3625 4514 per-

318 4558 379 4612 δὲ
406 4555 675 4628 ληρωδίας
694 4596 709 4618 ,
742 4552 819 4615 ὡς
854 4555 966 4616 τοῖς
999 4552 1238 4614 συνετῶς
1277 4550 1799 4623 καταγινωσκομένη
1829 4553 1890 4607 εὑ

2028 4556 2227 4611 nicietu
2274 4551 2590 4624 singillatim
2630 4564 2920 4618 exponam.
2971 4543 3077 4599 Sed
3125 4542 3303 4612 ipsum
3354 4538 3407 4592 in
3432 4535 3627 4607 primis

325 4650 576 4721 ρίσκεται
603 4647 698 4701 καὶ
725 4644 1149 4713 καταγέλαστος.

2030 4651 2302 4705 haereseos
2340 4652 2505 4715 caput
2540 4657 2605 4696 ac
2645 4638 2930 4710 tragmdiae
2973 4642 3253 4690 auctorem
3296 4627 3624 4701 aggrediar:

322 4740 677 4795 Valentinum
736 4738 1012 4807 intelligo,
1084 4735 1572 4809 Valentinianaque
1626 4741 1911 4812 dogmata,
1953 4763 2077 4817 qua:
2108 4746 2177 4799 ab
2210 4744 2458 4814 speciosa
2490 4740 2579 4793 illa
2645 4736 3034 4792 Gnosticorum
3088 4727 3430 4803 professione
3470 4720 3632 4795 16!;

325 4832 673 4903 prodierunt,
707 4847 846 4901 quas
884 4831 1288 4900 cataguosticas
1332 4833 1515 4901 potius
1573 4851 1769 4903 nugas,
1816 4838 1896 4895 bot

2005 4852 2044 4897 st
2072 4840 2382 4901 damnatas,
2428 4834 2707 4906 appellare.
2743 4832 2902 4895 licet,
2960 4827 3037 4883 uti
3091 4825 3299 4898 pridem
3352 4820 3631 4891 sapientes

322 4940 427 4983 eas
456 4924 913 4985 condemnarunt,
940 4939 1005 4977 ac
1041 4923 1276 4979 ludibrio
1310 4924 1506 4994 dignas
1537 4925 1866 4985 habuerunt.

401 5015 478 5070 B'.
519 5014 870 5076 Οὐαλεντίνος
905 5013 1003 5084 μὲν
1047 5008 1141 5066 οὖν
1201 5007 1354 5078 οὗτος
1414 5015 1589 5088 χρόνῳ
1622 5017 1896 5091 διαδέχετα

2096 5016 2161 5071 11.
2216 5016 2388 5088 Igitur
2438 5011 2766 5068 Valentinus
2820 5010 2925 5064 iste
2973 5004 3252 5076 prioribus
3303 5001 3413 5056 illis
3460 5015 3491 5053 a
3544 5016 3631 5055 me

324 5107 603 5180 $05.11th
633 5105 801 5160 αὐτοῦ
844 5105 1340 5178 προτεταγμένους,
1381 5107 1701 5180 Βασιλείδην
1832 5130 1896 5166 κα

2026 5119 2185 5164 antea
2213 5102 2671 5163 commemoratis
2697 5111 2942 5170 tempore
2962 5107 3041 5155 est
3065 5095 3361 5168 posterior,
3393 5090 3632 5147 Basilide

326 5200 674 5274 Σατορνῖλον,
707 5198 943 5253 Ἐὅίωνά
975 5215 1033 5251 τε
1065 5199 1159 5252 καὶ
1194 5198 1468 5270 Κήρινθον
1498 5201 1592 5253 καὶ
1621 5203 1896 5272 Μήρινθον

2024 5202 2307 5260 nimirum,
2342 5213 2408 5253 ac
2442 5195 2750 5260 Saturnilo,
2784 5193 3014 5255 Ebione,
3041 5187 3306 5244 Cerintho
3334 5201 3399 5241 ac
3427 5182 3633 5239 Meriti-

327 5292 427 5347 καὶ
446 5292 572 5356 τοὺς
596 5291 735 5362 ἀμφ’
764 5288 978 5351 αὐτούς.
1009 5282 1171 5342 Οὗτοι
1198 5286 1304 5361 γὰρ
1331 5290 1531 5353 πάντες
1554 5292 1611 5343 ὲν
1640 5291 1721 5343 ἑνὶ
1750 5297 1896 5364 καιρί

2028 5291 2146 5357 tbo,
2172 5303 2481 5359 eorumque
2503 5284 2698 5343 sociis.
2727 5283 3014 5353 Siquidem
3040 5294 3230 5334 omnes
3254 5290 3365 5334 uno
3388 5285 3633 5346 tempore

333 5382 410 5454 τῷ
440 5382 540 5454 βίῳ
571 5380 759 5445 κακῶς
775 5380 1044 5450 ἐφύησαν,
1076 5379 1240 5451 ὀλίγῳ
1268 5380 1325 5433 δὲ
1359 5380 1594 5451 πρόσθεν
1633 5382 1833 5450 μᾶλλον
1877 5402 1896 5438 ς

2037 5384 2103 5438 ad
2139 5381 2362 5436 humani
2397 5380 2617 5451 generis
2642 5377 2873 5432 exitium
2898 5372 3105 5444 profusi
3133 5378 3291 5436 sunt;
3316 5383 3632 5441 quanquam

328 5475 466 5546 περὶ
497 5473 770 5546 Κήρινθον
802 5474 897 5526 καὶ
921 5472 1200 5544 Μήρινθον
1223 5472 1319 5526 καὶ
1347 5470 1598 5527 Ἐϐἰωνα.
1638 5473 1790 5543 ’Ἀμα
1819 5473 1892 5542 γά

2037 5475 2335 5530 Ceriutbus
2390 5486 2456 5526 ac
2514 5469 2819 5524 Merintbus
2860 5476 2913 5521 et
2956 5464 3129 5519 Ebion
3167 5463 3447 5534 paululum
3482 5469 3637 5514 ante-

334 5572 447 5634 τοῖς
496 5569 599 5641 ἤδη
645 5584 736 5639 μοι
779 5565 884 5639 πρὸ
929 5567 1108 5621 αὐτῶν
1153 5564 1545 5639 δεδηλωμένοις
1590 5563 1896 5637 ἀνεφύησαε.

2037 5566 2212 5639 gressi
2246 5572 2411 5631 sunt;
2453 5579 2517 5619 ac
2554 5576 2680 5616 cum
2717 5559 2807 5629 iis,
2824 5572 2966 5630 quos
3004 5563 3133 5612 ante
3166 5555 3290 5612 illos
3324 5550 3631 5625 percensui,

412 5671 427 5698 ³
465 5666 594 5720 For.
626 5664 858 5719 αἰώνων.

382 5759 523 5842 "(‘58)
552 5755 1159 5842 _.Qb.g.tsrzrlrw‘ir..l)e‘
1198 5740 1711 5842 Valentinianor't'm‘t‘
1759 5756 1891 5842 tingi

2005 5763 2162 5812 raeter
2192 5754 2478 5819 Irenaeum,
2518 5748 2768 5821 aliosque
2796 5754 3032 5812 veteres,
3099 5759 3166 5800 ex
3228 5735 3635 5800 recentioribus

336 5824 764 5901 diligentissime
791 5825 1090 5897 disputavit
1119 5824 1461 5883 Pammelius
1494 5826 1564 5881 ad
1588 5825 1813 5883 Tertull.
