3982 6460
358 332 466 388 .377
494 294 505 309 “

1109 332 1480 388 ADVERSL'S
1520 332 1861 390 lHil‘aESl-IS
1898 334 2024 392 LIB.
2068 337 2109 394 Ι.
2153 338 2317 396 T0“.
2361 343 2513 398 ll.—
2550 345 2823 401 HERES.
2864 345 3056 403 XXXI.

3517 352 3625 410 473

357 450 504 517 Νοῦς
537 454 631 533 καῖ.
671 450 943 521 Ἀλήθεια,
981 450 1148 518 Λόγος
1187 451 1277 503 καὶ
1301 451 1444 522 Ζωὴ.
1487 451 1806 521 ’Ἄνθρωπος
1846 450 1931 503 mi.

2047 452 2346 513 Masemon.
2399 458 2642 525 Quorum
2679 463 2793 518 lucc
2829 473 2914 521 est
2955 466 3356 534 interpretatio,
3397 462 3620 536 Bythos,

359 543 678 616 Ἐκκλησία,
733 541 1112 618 Παράκλητοςλ
1141 543 1234 595 καὶ
1277 542 1487 606 Πίστις,
1533 542 1805 614 Πατρικὸς
1850 544 1943 595 καὶ

355 635 570 699 Ἐλπὶς,
597 633 873 706 Μητρικδς
903 633 998 685 καὶ
1029 633 1267 704 Ἀγάπη,
1297 632 1538 696 Ἀείνους
1571 634 1664 687 καὶ
1697 633 1939 701 Σύνεσις,

355 724 602 794 Θελητὺς
626 726 654 776 ὁ
674 725 765 778 καὶ
787 724 923 788 φῶς,
952 725 1046 776 καὶ
1067 723 1437 795 Μακαριότης·
1459 724 1942 793 Ἑκκλησιαστικὸς

356 816 456 871 καὶ
476 817 668 887 Σοφία,
696 816 887 879 Βύθιος
919 816 1009 868 καὶ
1031 815 1210 881 Μίξις,
1243 815 1374 886 Ἀγή
1386 832 1543 885 ρατος
1564 816 1656 868 καὶ
1685 816 1939 878 Ἔνωσις.

356 910 648 981 Αὐτοφδὴς
688 908 783 962 καὶ
827 907 1156 977 Σύγκρασις,
1200 907 1511 977 Μονογενὴς
1557 907 1649 959 καὶ
1699 904 1942 976 Ἐνότης,

358 1005 645 1076 ’Δκίνητος
680 1003 771 1056 καὶ
804 1002 1011 1072 Ἡδονή.

428 1094 589 1149 Κατὰ
613 1094 670 1147 δὲ
702 1092 934 1165 ἀριθμὸν
959 1089 1207 1160 διαδοχῆς
1236 1089 1329 1143 καὶ
1367 1088 1689 1151 ἀκολουθίας
1714 1089 1821 1142 άπὸ
1846 1087 1938 1142 τοῦ

354 1188 620 1243 ἀνωτάτω
646 1182 1089 1253 ἀκατονομάστου
1118 1180 1331 1251 Πατρὸς
1362 1180 1454 1232 καὶ
1488 1179 1659 1232 ΒυΟοῦ
1686 1182 1816 1250 παρ’
1845 1180 1940 1232 αὐ-

355 1284 473 1345 τοῖς
495 1278 894 1352 ὀνομαζομένου
924 1275 1032 1340 ἕως
1062 1274 1252 1328 τούτου
1296 1273 1391 1326 τοῦ
1426 1273 1549 1326 καθ’
1593 1274 1743 1343 ἡμᾶς
1770 1256 1937 1342 οὖρα-

354 1373 452 1430 νοῦ
500 1375 531 1427 ό
577 1371 685 1426 τῶν
726 1371 1020 1442 τριάκοντα
1064 1366 1294 1438 ἀριθμὸς
1340 1365 1512 1428 οὕτως
1545 1365 1685 1436 ἔχει·
1734 1364 1937 1430 Βυθδς,

354 1468 524 1540 Σιγὴ,
568 1464 746 1529 Νοῦς,
795 1461 1080 1532 Ἀλήθεια,
1123 1461 1333 1527 Λόγος,
1381 1459 1539 1530 Ζωὴ,
1582 1460 1935 1525 Ἀνθρωπος,

367 1557 688 1630 Ἐκκλησία,
730 1553 1108 1625 Παράκλητος,
1154 1551 1366 1615 Πίστις,
1401 1551 1695 1621 Πατρικὺς,
1726 1549 1937 1613 Ἐλπὶς,

352 1650 661 1724 Μητρικδς,
724 1647 970 1718 Ἀγάπη,
1011 1645 1279 1706 Ἀείνους,
1332 1642 1573 1705 Σύνεσις,
1612 1642 1868 1712 Θελητὸς,
1910 1642 1939 1693 ὁ

354 1745 452 1799 καὶ
477 1742 617 1806 Φῶς,
650 1738 1026 1810 Μακαριότης,
1059 1734 1561 1805 Ἐκκλησιαστικὸς,
1602 1734 1787 1802 Σοφία,
1828 1733 1935 1786 Βύ-

2056 542 2210 613 Sige:
2242 546 2354 603 Nus
2384 558 2438 603 et
2475 549 2717 609 Veritas:
2747 554 2924 627 Logos
2954 565 3008 611 et
3037 551 3192 609 Vita:
3215 554 3410 616 llotno,
3439 555 3625 613 Eccle-

2047 637 2159 691 sia:
2196 637 2530 707 Paraclctus,
2562 642 2756 701 Fides:
2784 645 3074 711 Paternus,
3108 646 3246 717 Spes
3275 668 3287 702 :
3320 646 3618 713 Maternus,

2044 730 2329 784 Charitas:
2363 733 2558 797 Ainus,
2587 733 2842 806 Synesis:
2870 737 3303 807 Theletus,qnod
3337 749 3388 792 et
3415 739 3623 794 Lumen

2047 822 2266 889 dicitur,
2297 823 2582 881 Beatitudo
2615 843 2629 882 :
2662 828 3104 894 Eeclesiasticns,
3150 832 3430 901 Sapientia
3457 850 3469 884 :
3517 832 3621 903 By-

2045 916 2213 980 titius,
2254 918 2449 975 Mittis:
2482 922 2771 992 Ageratus,
2809 921 2984 979 Unio:
3023 923 3366 994 Antophyes,
3391 923 3621 994 Tempe-

2047 1010 2218 1063 ratio:
2247 1010 2552 1082 Unigenita,
2577 1012 2769 1068 Unitas
2800 1031 2812 1066 :
2847 1016 3167 1078 ln'unobilis,
3197 1014 3487 1084 Voluptas.

2113 1100 2267 1167 Quod
2309 1103 2354 1156 si
2391 1106 2758 1160 successionis
2802 1106 2993 1158 ordine
3042 1121 3333 1159 munerare
3373 1106 3539 1168 velis,
3591 1117 3624 1155 a

2043 1197 2299 1262 supremo
2336 1195 2429 1247 illo
2461 1211 2559 1248 nec
2592 1195 2791 1250 eﬂ'abili
2841 1195 3024 1259 Patre,
3061 1212 3221 1266 quem
3267 1196 3479 1267 Bython
3521 1205 3623 1248 no-

2043 1287 2272 1349 minant,
2303 1287 2366 1341 ad
2397 1289 2640 1342 titimnm
2674 1304 2849 1358 usque
2889 1289 3107 1351 uelum,
3145 1289 3473 1342 tricenarius
3504 1301 3622 1340 mt—

2043 1392 2228 1432 merus
2281 1377 2384 1432 hoc
2445 1380 2604 1432 modo
2650 1380 2926 1449 colligitur
2958 1398 2970 1434 :
3001 1378 3230 1449 Bythns,
3273 1380 3423 1449 Sige,
3482 1376 3618 1437 Nus,

2046 1467 2277 1534 Veritas,
2304 1469 2504 1540 Logos,
2536 1469 2681 1533 Vita,
2715 1470 2907 1530 llonm.
2951 1470 3191 1525 Ecclesia
3213 1512 3226 1535 ,
3276 1469 3617 1531 l’araclctns,

2042 1558 2224 1623 Fides,
2264 1561 2551 1628 Paternus,
2582 1561 2739 1631 Spes,
2779 1562 3080 1623 Maternus,
3111 1562 3390 1625 Charitas,
3420 1561 3618 1624 Ainus,

2044 1651 2287 1724 Synesis,
2338 1653 2617 1715 Theletus.
2654 1655 2770 1709 sive
2800 1653 3031 1717 Lumen,
3088 1652 3396 1718 Beatitudo,
3434 1649 3623 1703 Eccle-

2041 1747 2340 1810 siasticus,
2401 1745 2711 1816 Sapientia,
2780 1745 3026 1817 Bythins,
3071 1744 3272 1806 Mistio,
3327 1746 3619 1811 Ageratus,

353 1838 491 1901 οιος,
514 1835 695 1902 Μίξις,
727 1835 1048 1904 Ἀγήρατος,
1074 1830 1328 1889 Ἕνωσις,
1357 1827 1660 1896 Λύτοφυὴς,
1686 1825 1931 1897 Σύγκρα-

2042 1838 2207 1901 Unio,
2264 1836 2601 1909 AutOphyes.
2655 1836 3040 1907 Temperatio,
3091 1834 3361 1904 Unigena,
3408 1831 3619 1894 Unitas,

352 1948 462 1995 σις.
496 1926 830 1996 Μονογενὴς,
874 1923 1111 1993 Ἐνότης,
1150 1919 1452 1989 Ἀκίνητος,
1494 1917 1706 1984 Ἰἰδονή.

425 2024 500 2080 Ρ.
540 2020 650 2074 Καὶ
684 2018 821 2087 αὕτη
852 2018 948 2086 μὲν
995 2017 1026 2086 ἡ
1070 2012 1177 2066 τῶν
1210 2013 1504 2084 τριάκοντα
1550 2009 1759 2063 αἰώνων
1805 2011 1932 2077 παρ’

346 2115 542 2173 αὐτοῖς
568 2107 1009 2182 μυθοποιουμένη
1044 2102 1345 2177 τραγῳδία,
1383 2101 1478 2155 καὶ
1520 2104 1552 2171 ή
1588 2104 1729 2153 κατα
1779 2101 1935 2165 συζυ-

345 2204 475 2274 γίαν
504 2199 874 2272 πιευματικοῦ
906 2197 1069 2269 δῆθεν
1102 2194 1470 2266 πληρώματος
1510 2192 1833 2261 κενοφωνία.
1866 2191 1933 2265 ἢν

345 2299 447 2353 ὲάν
474 2315 557 2360 τις
586 2294 893 2365 συγκρίνων
916 2295 983 2363 τῇ
1011 2290 1161 2362 παρὰ
1201 2289 1445 2359 Ἡσιόδῳ,
1473 2289 1567 2340 καὶ
1596 2286 1930 2356 Στησιχόρῳ,

344 2393 448 2445 καὶ
494 2391 607 2451 τοῖς
638 2387 816 2450 ἄλλοις
853 2386 1104 2455 ποιηταῖς
1138 2380 1249 2435 τῶν
1288 2380 1556 2450 Ἑλλήνων
1593 2377 1928 2450 παράθηται,

344 2482 502 2554 εὖροι
547 2480 615 2534 ἂν
657 2482 722 2532 ἐκ
763 2475 1110 2549 παραλλήλου
1162 2473 1231 2528 τά
1274 2471 1414 2526 αὐτὰ
1445 2471 1603 2530 ὄντα,
1651 2469 1745 2523 καὶ
1779 2468 1931 2522 οὐδὲν

343 2575 556 2645 ἕτερον,
573 2571 667 2625 καὶ
696 2573 758 2623 ἐκ
788 2568 977 2623 τούτου
996 2565 1380 2636 γνὼσεται,ὠς
1405 2563 1556 2617 οὐδὲν
1588 2563 1773 2633 ἕτερον
1795 2561 1929 2614 θαυ-

346 2665 558 2738 μαστὸν
589 2665 637 2717 οἱ
683 2663 791 2716 τῶν
820 2660 1112 2732 θαυμάτων
1140 2659 1485 2731 αἱρεσιάρχαι
1536 2653 1931 2727 μυστηριωδῶς

341 2755 774 2825 ἐπαγγέλλονται
818 2753 1019 2822 λέγειν.
1044 2751 1208 2804 Οὐδὲν
1241 2749 1352 2820 γάρ
1394 2748 1541 2813 ἄλλο,
1578 2748 1611 2819 ἢ
1660 2746 1928 2817 Ἑλλήνων

345 2846 699 2919 άπεμάξαντο
750 2842 847 2915 τὴν
901 2842 1234 2895 ἐπίπλαστον
1296 2835 1407 2903 ἕξιν
1461 2837 1563 2907 τῆς
1628 2835 1926 2906 ὲθνομύθου

343 2938 559 3008 πλάνης
590 2937 684 2989 καὶ
728 2933 1110 2997 διδασκαλίας,
1146 2930 1295 2985 οὐδὲν
1327 2928 1744 2992 ἀλλοιώσαντες,
1786 2929 1928 2998 πλὴν

344 3029 448 3099 τῆς
474 3028 604 3100 παρ’
637 3027 820 3089 αὐτοῖς
854 3022 1383 3095 παραπεποιημένης
1423 3019 1765 3091 βαρϐαρικῆς
1812 3020 1929 3071 ὀνο-

344 3120 691 3193 ματοποιίας.
762 3116 920 3170 Οὕτω
965 3118 1074 3188 γάρ
1130 3131 1260 3185 φασι
1314 3115 1407 3167 καὶ
1458 3115 1509 3165 οἱ
1554 3112 1682 3182 περὶ
1745 3112 1927 3164 Ἡσίο-

2043 1927 2360 1992 lmmobilis,
2394 1928 2674 1998 Voluptas.

2113 2021 2204 2077 ΙΙΙ.
2248 2020 2532 2090 Ejusmodi
2601 2030 2678 2073 est
2736 2017 2968 2072 celebris
3023 2015 3111 2069 illa
3161 2012 3383 2084 triginta
3407 2026 3621 2066 azonum

2041 2114 2247 2178 fabula,
2279 2113 2712 2181 inanissimaque
2740 2109 3027 2179 spiritalis,
3063 2117 3123 2162 ut
3148 2114 3364 2170 vocant,
3384 2105 3623 2174 comple-

2042 2207 2204 2261 menti
2223 2207 2345 2275 conj
2356 2207 2497 2276 ugia.
2514 2204 2645 2271 Quae
2658 2206 2705 2260 si
2734 2203 2860 2273 quis
2881 2216 3008 2257 cum
3031 2201 3273 2261 Hesiodi,
3296 2196 3618 2261 Stesichori,

2040 2297 2382 2368 alioruntque
2415 2296 2728 2351 Graecorum
2760 2303 3042 2364 poetarum
3084 2292 3303 2356 fabulis,
3341 2290 3618 2351 conferat,

2040 2390 2229 2443 eadem
2281 2404 2403 2443 cum
2463 2388 2571 2442 illis
2628 2387 2847 2458 penitus
2898 2401 3040 2447 esse,
3077 2400 3255 2455 neque
3292 2384 3400 2437 ulla
3456 2383 3509 2435 in
3563 2396 3621 2435 re

2042 2480 2357 2548 discrepare
2386 2478 2717 2549 comperiet:
2752 2476 3103 2546 indidemque
3130 2484 3448 2545 cognoscet,
3482 2474 3618 2527 nihil

2041 2569 2187 2623 aliud
2218 2583 2342 2623 esse
2376 2566 2739 2621 admiratione
2769 2564 3018 2635 dignum,
3049 2566 3193 2635 quod
3226 2564 3318 2619 isti
3355 2563 3615 2617 miriﬁca-

2039 2677 2160 2716 rum
2188 2662 2450 2716 hercseon
2498 2655 2833 2725 conditores,
2878 2659 3027 2711 velut
3058 2673 3258 2712 arcana
3283 2656 3529 2727 quaedam
3557 2671 3621 2708 ac

2037 2753 2319 2825 mysteria,
2371 2765 2539 2823 penes
2586 2765 2646 2806 se
2679 2764 2803 2805 esse
2852 2749 3198 2820 protltentur.
3249 2749 3410 2821 163
3473 2746 3620 2800 Nihil

2037 2846 2182 2901 enim
2219 2845 2387 2909 aliud,
2409 2844 2513 2899 nisi
2531 2841 2847 2897 Graecorum
2889 2843 3133 2910 poeticas
3164 2857 3362 2912 nugas,
3398 2855 3462 2894 ac
3492 2855 3621 2909 gen-

2036 2937 2215 2990 tilium
2243 2935 2459 3000 deliria,
2504 2944 2557 2991 et
2592 2937 2809 2991 inanem
2867 2937 3155 2994 scientiam
3209 2942 3616 3004 expresserunt.

2038 3040 2218 3095 neque
2264 3027 2561 3097 quidquam
2604 3021 2812 3097 printer
2844 3045 3010 3084 voces
3072 3027 3425 3088 innovarnnt,
3483 3040 3620 3093 quas

2035 3117 2113 3172 illi
2155 3119 2406 3175 barbaris
2428 3120 2887 3190 appellationibus
2918 3135 3204 3192 perperam
3239 3118 3614 3173 detorserant.

339 3216 436 3269 δον
464 3212 600 3285 (6'2).
653 3211 878 3283 Πρῶτον
912 3209 1129 3263 πάντων
1165 3208 1374 3277 γίνεται
1404 3208 1571 3271 Χάος,
1611 3206 1699 3258 ἴνα
1730 3204 1926 3257 εἴπωσι

2040 3210 2109 3262 Ita
2137 3209 2281 3262 enim
2320 3208 2402 3262 vel
2434 3184 2550 3280 ipse
2585 3184 3333 3282 philosophaiurdlesiodus.
3371 3211 3613 3263 Primum

339 3305 539 3360 Βυθόν·
580 3298 702 3357 εἶτα
742 3303 895 3369 Νὺξ,
929 3301 1188 3374 Ἔρεϐος,
1246 3299 1356 3368 Γῆ,
1412 3297 1626 3368 Αἰθὴρ,
1680 3296 1925 3367 Ἡμέρα,

344 3399 533 3469 ’Ἔρως
553 3439 567 3462 ,
599 3396 811 3467 Μῆτις,
844 3395 1057 3465 Μόρος,
1096 3394 1280 3458 Ὀῖζὺς
1302 3434 1316 3456 ,
1373 3392 1619 3462 Πότμος,
1665 3392 1925 3461 Νέμεσις,

341 3488 579 3559 Μῶμος,
611 3487 859 3557 Φιλότης,
894 3484 1159 3548 Θάνατος,
1198 3484 1493 3555 Δυσνομία,
1519 3485 1729 3555 Γὴρως,
1765 3484 1924 3554 "Arn,

340 3582 590 3652 Ἵμερος,
614 3578 789 3650 Λήθη,
809 3577 1037 3642 ’Ύπνος,
1071 3576 1324 3647 ’Υσμίνη,
1351 3574 1682 3645 Λυσιμελὴς,
1707 3573 1924 3644 ’⁸Υ6ρις,

339 3672 665 3744 Εὐφρόνιος,
702 3670 907 3740 Αἴγλη,
957 3668 1432 3739 Παυσιμέριμνος,
1479 3666 1724 3737 Ἀπάτη,
1771 3665 1929 3718 Ἡδυ-

343 3764 527 3836 μελὶς,
560 3762 731 3833 Ἔρις.
767 3762 877 3814 Καὶ
919 3753 1072 3824 οὗτος
1097 3761 1124 3813 ὁ
1159 3759 1254 3829 μὲν
1280 3756 1510 3830 ἀριθμὸς
1540 3758 1683 3811 κατὰ
1706 3757 1930 3811 ἀκολου-

341 3857 472 3911 θίαν
522 3853 915 3927 ἀρῥενοθήλεος
940 3850 1114 3916 οὕτως
1159 3850 1272 3922 ἔχει
1316 3850 1414 3921 τὴν
1450 3849 1812 3922 τριακοντάδα
1833 3865 1847 3879 ο
1881 3851 1929 3903 εἰ

341 3951 405 4004 δέ
439 3966 522 4013 τις
565 3946 838 4017 θελήσειεν
875 3945 1023 4007 ἰδεῖν,
1062 3943 1177 4006 πῶς
1218 3942 1579 4012 πλαττόμενοι
1624 3934 1768 3994 οὗτοι
1802 3959 1929 3994 συν-

343 4044 608 4096 άπτουσιν
645 4038 704 4091 ἓν
756 4037 893 4108 πρὸς
936 4036 996 4089 τὸ
1029 4035 1106 4097 ἓν,
1141 4034 1291 4105 εὖροι
1336 4033 1402 4088 ἂν
1442 4033 1615 4096 οὕτως
1662 4032 1931 4086 συναπτό-

347 4150 487 4206 μενα
532 4132 629 4186 καὶ
682 4130 1089 4200 συνεζευγμένα
1130 4127 1404 4198 ἀλλήλοις,
1445 4127 1481 4180 ἃ
1517 4128 1629 4190 τοῖς
1676 4127 1928 4195 ποιηταῖς

344 4226 548 4294 ἔδοξεν,
587 4224 662 4289 ὡς
697 4224 787 4277 τὸν
830 4222 928 4294 μὲν
972 4220 1143 4274 Βυοὸν
1177 4218 1346 4272 Νυκτί
1381 4236 1440 4272 τε
1481 4221 1576 4272 καὶ
1625 4220 1757 4288 Σιγῇ
1801 4235 1928 4269 συν-

345 4319 582 4391 άψαντες
635 4315 897 4387 ἐποίησαν
934 4315 1040 4387 Γῆν
1086 4312 1415 4383 γεννᾶσθαι·
1448 4310 1597 4365 ἄλλοι
1643 4311 1700 4362 δὲ
1746 4309 1928 4382 Οὐρα-

342 4413 457 4478 νδν,
490 4411 549 4465 ὃν
595 4410 658 4483 δὴ
706 4411 798 4465 καὶ
839 4409 1130 4481 Ὑπερίονα
1184 4406 1504 4477 κεκλήκασι.
1538 4406 1642 4459 Τὸν
1670 4405 1725 4458 δὲ
1767 4404 1929 4460 αὑτὸν

2030 3299 2273 3353 omnium
2307 3298 2491 3356 Chaos
2522 3300 2821 3368 exstitisse,
2862 3317 2960 3372 pro
3013 3315 3122 3372 quo
3171 3301 3246 3354 illi
3280 3299 3616 3353 Profundum

2034 3391 2399 3448 substituunt.
2428 3393 2627 3448 Secuta
2650 3404 2734 3449 est
2762 3392 2902 3457 Nox,
2925 3393 3159 3459 Erebus,
3186 3390 3378 3455 Terra,
3399 3391 3618 3458 Ethcr,

2034 3481 2180 3548 Dies,
2224 3484 2415 3548 Amor,
2448 3485 2776 3550 Consilium,
2814 3484 3033 3550 Fatum,
3091 3485 3385 3549 IErumna,
3417 3485 3618 3550 Casus,

2030 3576 2299 3642 Nemesis.
2337 3576 2571 3643 Momus,
2607 3578 2887 3644 Amicitia,
2924 3578 3089 3644 Mors,
3113 3579 3378 3639 Licentia,
3444 3579 3619 3632 Sene-

2031 3681 2175 3736 ctus,
2216 3671 2339 3737 Ate,
2381 3670 2747 3735 Desiderinm,
2779 3670 3019 3736 Oblivio,
3085 3669 3348 3734 Somnus,
3406 3669 3620 3739 Pugna,

2032 3762 2356 3831 Lysimeles,
2408 3764 2774 3826 Contumelia,
2817 3763 3188 3835 Euphronius,
3238 3762 3417 3833 Egle,
3454 3764 3622 3815 Cura-

2032 3874 2154 3913 rum
2213 3858 2493 3923 solatium,
2552 3856 2748 3922 Fraus,
2801 3856 3168 3927 Hedymeles,
3231 3855 3341 3910 Lis.
3388 3855 3487 3908 llic
3531 3856 3625 3909 ille

2031 3965 2300 4005 numerus
2357 3958 2465 4014 est,
2516 3948 2881 4020 quintarium
2937 3948 3378 4016 feminarumque
3434 3948 3620 4000 conti-

2030 4051 2199 4097 nuata
2256 4043 2398 4098 serie
2438 4044 2797 4098 tricenarium
2833 4042 3017 4096 emcit.
3068 4041 3223 4107 Quod
3269 4041 3314 4095 si
3351 4040 3475 4109 quis
3505 4041 3625 4093 ani-

2031 4138 2374 4191 madvertere
2401 4138 2551 4205 velit,
2581 4137 3044 4207 quemadmodum
3066 4136 3152 4190 isti
3180 4136 3621 4204 uniuscujusque

2032 4245 2155 4283 cum
2189 4228 2364 4283 altero
2401 4230 2805 4299 copulationem
2854 4230 3168 4291 instituant,
3200 4228 3271 4280 ita
3307 4229 3620 4296 composéta

2032 4331 2456 4391 comparataque
2497 4323 2639 4376 inter
2676 4337 2734 4377 se
2780 4322 2871 4374 illa
2900 4331 3216 4390 cognoscet,
3261 4320 3622 4388 quemadmo-

2033 4412 2161 4467 dqu
2199 4430 2227 4467 a
2262 4415 2438 4481 poetis
2470 4414 2835 4469 constitutum
2902 4412 3159 4481 legimus.
3209 4408 3367 4465 Velut
3395 4427 3517 4464 cum
3551 4424 3617 4463 ev

342 4509 411 4576 τῇ
450 4506 520 4575 γῇ
568 4500 905 4572 συναφθέντα
957 4502 1090 4571 φασὶ
1140 4501 1529 4572 γεγεννηκέναι
1589 4499 1822 4571 ἄρσενάς
1868 4517 1927 4552 τε

2040 4505 2194 4576 Bythi
2220 4523 2345 4560 cum
2379 4504 2550 4561 Nocte
2584 4522 2647 4560 ac
2684 4505 2917 4560 Silentio
2949 4505 3340 4573 conjunctione
3371 4518 3623 4573 procrt-a-

344 4598 440 4654 καὶ
469 4597 711 4669 θηλείας,
734 4597 830 4649 καὶ
857 4596 983 4658 τοὺς
1012 4594 1246 4665 καθεξῆς
1269 4592 1468 4665 ὁμοίως
1497 4593 1603 4656 ἕως
1627 4593 1725 4663 τῆς
1751 4592 1931 4663 πάσης

343 4691 523 4745 αὐτῶν
571 4691 873 4761 ποιήσεως,
923 4689 998 4751 ὡς
1033 4688 1145 4760 ἔχει
1179 4691 1213 4759 ἡ
1267 4686 1571 4755 ἀπέραντος
1611 4686 1704 4740 τοῦ
1757 4684 1931 4739 Βυθοῦ

343 4781 594 4853 ληρώδης
622 4778 883 4850 φλυαρία.
931 4777 1126 4849 Εὖροις
1155 4779 1201 4831 δ’
1251 4777 1318 4831 ἂν
1345 4777 1518 4841 οὕτως
1549 4777 1933 4848 συνα-πτόμενά

345 4890 407 4927 τε
447 4874 540 4926 καὶ
586 4871 1016 4942 συζευγνύμενα,
1048 4870 1143 4923 καὶ
1195 4868 1470 4940 δυνάμενα
1501 4867 1648 4921 οὕτω
1683 4867 1929 4921 συντίθε-

350 4964 506 5021 σθαι·
535 4965 716 5030 Χάος,
775 4963 926 5028 Νὺξ,
964 4962 1229 5035 Ἔρεϐος,
1281 4962 1389 5032 Γῆ,
1436 4960 1641 5033 Αἰθὴρ,
1682 4961 1928 5032 Ἡμέρα,

353 5058 564 5129 Ἔρως,
612 5058 812 5127 Μῆτις.
858 5055 1075 5125 Μόρος,
1109 5054 1322 5119 ’οῖζὺς,
1370 5054 1616 5125 Πότμος,
1657 5054 1928 5125 Νέμεσις,

349 5147 573 5218 Μῶμος,
613 5145 860 5217 Φιλότης,
892 5146 1152 5207 Θάνατος,
1186 5146 1480 5214 Δυσνομὶα,
1519 5145 1730 5216 Γήρως,
1767 5146 1926 5214 Ἀτη,

346 5241 588 5311 Ἵμερος,
614 5237 790 5309 Λήθη,
816 5237 1043 5299 ’Ὕπνοῇ
1080 5236 1334 5306 ’Υσμίντῃ
1356 5236 1684 5306 Λυσιμελὴς,
1710 5235 1928 5303 ”Υ6ρις,

348 5331 663 5402 Εὐφρόνιος,
699 5328 893 5398 Αἴγλη,
928 5328 1391 5398 Παυσιμέριμνος,
1435 5327 1663 5398 Ἀπάτη,
1699 5327 1931 5396 Ἠδυμε-

348 5423 462 5494 λὴς,
502 5422 678 5493 Ἔρις.
715 5419 777 5472 Εἰ
809 5420 865 5473 δὲ
897 5419 1154 5491 προσέχοι
1181 5435 1267 5483 τις
1305 5417 1384 5489 τῷ
1412 5417 1590 5471 αὐτῶν
1624 5416 1927 5488 πλάσματι,

348 5581 502 5648 Σιγή,
540 5588 598 5633 nt
622 5580 673 5632 in
707 5580 920 5634 caeteris
954 5579 1196 5648 paribus.
1228 5579 1305 5634 Ac
1337 5596 1460 5633 cum
1495 5586 1605 5633 tota
1641 5579 1730 5634 illa
1757 5584 1929 5637 series

349 5648 489 5722 apud
519 5649 789 5722 rlrenaeum
835 5660 888 5703 et
916 5648 1312 5722 Tertullianum
1348 5650 1580 5722 legatur,
1615 5650 1743 5719 quid
1782 5653 1926 5722 apud

348 5719 595 5789 singulos
625 5719 902 5773 diversum
938 5721 1010 5773 sit
1043 5734 1150 5774 suo
1176 5719 1296 5789 loco
1329 5720 1637 5775 docebitur.

419 5788 532 5854 (δεῖ)
577 5790 743 5844 οὕτω
775 5789 885 5859 γάρ
916 5804 1064 5859 φασι
1096 5788 1195 5844 καὶ
1234 5794 1285 5844 ot
1323 5789 1454 5859 περὶ
1487 5789 1593 5844 τὸν
1627 5789 1923 5848 Ἡσίοδον.

2035 4605 2147 4651 tam
2207 4612 2331 4652 esse
2381 4596 2609 4653 Terram
2657 4596 2950 4661 atilrmant,
2986 4599 3091 4660 vel,
3126 4604 3186 4650 ut
3220 4596 3334 4661 alii,
3381 4596 3617 4656 Caelum,

2033 4704 2195 4759 quem
2219 4698 2269 4743 et
2309 4686 2677 4760 llyperionem
2700 4695 2917 4743 vocant.
2936 4684 3312 4756 Eumdemque
3332 4701 3454 4739 cum
3474 4693 3619 4740 terra

2033 4782 2347 4853 copulatum
2394 4797 2574 4837 mares
2629 4780 2969 4852 feminasque
3018 4783 3293 4852 genuisse,
3332 4786 3495 4849 atque
3548 4780 3619 4831 ita

2033 4890 2130 4945 per
2175 4883 2343 4930 totam
2403 4875 2642 4930 fabulam
2721 4876 2977 4930 omnibus
3028 4874 3298 4928 accidisse
3352 4874 3645 4943 reliquis:

2033 4968 2340 5036 cujnsmodi
2402 4971 2563 5036 plane
2611 4979 2695 5025 est
2755 4970 3043 5040 nugatoria
3090 4970 3183 5022 illa
3230 4967 3389 5038 Bythi
3459 4976 3620 5036 atque

2034 5060 2432 5116 inextricabilis
2481 5062 2732 5117 historia.
2781 5060 3019 5115 Possunt
3059 5076 3190 5115 vero
3230 5059 3374 5113 hunc
3405 5058 3459 5111 in
3504 5074 3619 5110 ιιιο-

2033 5154 2164 5209 dum
2206 5152 2422 5208 fereilla
2442 5153 2583 5208 inter
2603 5168 2724 5208 sese
2740 5170 2834 5222 per
2854 5153 3109 5224 coniugia
3142 5150 3616 5221 copulari:Chaos.

2035 5245 2173 5311 Nox,
2205 5244 2640 5309 Erebus,Terra,
2665 5244 2877 5308 Aither,
2903 5244 3047 5306 Dies,
3074 5245 3261 5305 Amor,
3288 5243 3615 5305 Consilium,

2038 5339 2253 5404 Fatum,
2292 5338 2577 5403 Aﬁrumna,
2609 5336 3089 5402 Casus,Nemesis,
3132 5337 3365 5400 Momus,
3395 5338 3616 5391 Concu-

2037 5434 2204 5499 bitus,
2243 5431 2700 5493 Mors,Licentia,
2734 5427 3022 5497 Senectus,
3061 5429 3181 5493 Ate,
3247 5427 3611 5493 Dcsiderium,

2035 5588 2171 5643 Cum
2223 5585 2486 5642 vocabula
2541 5585 2681 5653 ipsa,
2734 5594 2848 5637 tum
2893 5584 3027 5638 ordo
3072 5584 3285 5640 illorum
3336 5598 3400 5638 ac
3445 5578 3615 5653 series

2034 5659 2331 5726 plurimum
2368 5656 2436 5710 ab
2462 5650 2722 5726 ilesiodio
2747 5654 3112 5726 illocatalogo
3148 5654 3483 5723 discrepant.
3509 5650 3613 5705 Sed

2037 5724 2090 5782 in
2129 5728 2287 5797 migis
2328 5725 2673 5796 μικρολογεῖν
2699 5724 2946 5795 putidum
2982 5724 3086 5780 est.
