3982 6464
468 381 570 439 479
606 424 611 431 .
1879 380 1936 435 S.
1985 379 2040 433 El

2157 378 2327 434 manu
3632 382 3729 443 ,ευ

464 496 704 559 Oblivio,
741 495 1000 563 Somnus,
1050 494 1257 567 Pugna,
1310 495 1632 567 Lysimeles,
1689 496 2027 550 Contumelia

2159 498 2254 551 καὶ
2292 497 2579 571 βουληθείη
2630 503 2855 570 γνῶναι,
2887 498 2961 567 ὡς
2995 500 3103 557 ἀπὸ
3146 501 3252 555 τῶν
3293 501 3607 573 κοσμικῶν,
3644 504 3731 557 καὶ

465 586 839 658 Euphronios,
870 586 1159 658 Splendor,
1213 588 1485 643 Curarum
1536 588 1812 653 solatium,
1849 587 2037 650 Fraus,

2167 589 2494 661 Ἑλληνικῶν
2529 595 2800 665 ποιήσεων
2820 597 2860 661 ¹,
2885 595 2943 660 ἐξ
2965 588 3038 650 ὧν
3064 590 3209 649 οὗτοι
3241 593 3727 668 ὲνεὸροντήθησαν,

466 678 827 752 Hedymeles,
891 678 1001 736 Lis.
1055 680 1133 735 Ae
1181 681 1498 752 quicunque
1554 681 1623 736 ad
1665 680 1789 737 illas
1836 679 2038 735 fabulas

2162 681 2335 751 μάτην
2369 683 2756 750 ἐνθουσιῶντες
2801 686 2837 741 ἃ
2883 686 2959 759 μὴ
2994 687 3094 752 δεῖ,
3136 689 3216 749 είς
3256 685 3653 758 ματαιοπονίαν
3681 703 3734 739 τε

466 773 708 827 animum
745 772 1030 842 adjecerit,
1071 789 1136 829 ac
1182 788 1515 844 cognoscere
1568 772 1714 829 istud
1777 771 2038 837 voluerit;

2161 772 2250 825 καὶ
2284 774 2529 845 κάματον
2578 779 2863 852 ἀνωφελῆ,
2923 780 3071 853 εὖροι
3124 780 3192 834 ἂν
3249 778 3452 843 αὐτοὺς
3506 778 3733 847 τοσούτῳ

466 863 926 934 quemadmodum
960 865 1029 920 ab
1051 865 1274 933 exteris,
1300 880 1366 920 ac
1397 864 1731 921 Graecanicis
1763 877 2038 919 commen-

1300 880 1366 920 ac
1397 864 1731 921 Grecanicis
1763 877 2047 919 commen-
2158 862 2360 931 μᾶλλον
2395 868 2863 942 πεπλανημένους.

466 956 560 1022 tis,
588 956 733 1012 unde
749 956 827 1011 illi
850 955 1056 1012 frustra
1081 955 1321 1012 fanatico
1349 957 1497 1013 velut
1548 955 1733 1011 lurore
1761 954 1829 1009 ad
1862 954 2084 1026 indigna
2113 954 2364 1024 quaedam
2398 957 2611 1014 incitati
2638 972 2788 1027 sunt,
2829 963 2883 1016 in
2952 962 3141 1017 irritos
3201 970 3458 1027 conatus,
3517 962 3738 1017 vanissi-

466 1063 722 1120 mamque
759 1048 925 1104 animi
949 1049 1355 1105 contentionem
1387 1047 1702 1115 inciderint,
1727 1048 1887 1118 longe
1909 1061 2005 1102 eos
2042 1045 2250 1101 Gra3cis
2281 1049 2414 1118 ipsis
2455 1052 2670 1121 turpius
2706 1054 2994 1110 aberrasse.
3021 1054 3280 1125 reperiet.

535 1164 628 1223 IV.
660 1164 740 1220 Ab
774 1165 843 1221 iis
876 1163 1192 1236 primordiis
1245 1163 1411 1219 altius
1458 1160 1771 1233 indagando
1823 1160 2050 1221 sublati,

2228 1160 2301 1215 A'.
2341 1162 2505 1217 Ὅθεν
2553 1166 2646 1219 καὶ
2674 1164 2754 1220 ἔτι
2788 1167 3133 1237 ὑψηλοτέρως
3164 1166 3566 1237 ἐξερευνῶντες
3591 1168 3738 1237 δῆθεν

465 1256 615 1312 aliud
643 1253 920 1327 quoddam
984 1269 1159 1325 genus
1220 1252 1367 1324 quod
1427 1250 1772 1324 Hysterema,
1820 1250 1925 1305 hoc
1971 1264 2037 1304 es

2165 1251 2453 1325 ᾠήθησαν,
2503 1258 2597 1311 καὶ
2636 1258 2951 1331 Ὑστέρημα
2987 1260 3065 1332 τῷ
3114 1260 3230 1331 ἰδίῳ
3276 1260 3464 1313 αὐτῶν
3503 1260 3737 1329 δαιμονί-

464 1350 727 1421 defectum
756 1349 842 1405 vel
863 1348 1142 1419 penuriam
1173 1353 1394 1409 vocant,
1416 1344 1641 1401 furiosis
1667 1345 1785 1400 suis
1818 1343 2036 1413 ingenii:

2166 1345 2339 1400 σθέντι
2389 1347 2711 1419 διανοήματι
2764 1350 3043 1421 ἐξευρεῖν,
3084 1350 3223 1420 ὅπερ
3274 1349 3599 1420 ’Υστέρημα
3655 1350 3738 1400 καὶ

466 1443 745 1499 invenisse
776 1458 838 1497 se
867 1449 1221 1512 putaverunt.
1262 1438 1419 1494 llunc
1439 1438 1716 1494 defectum
1749 1439 1889 1492 alias
1918 1435 2038 1491 Om-

2165 1438 2585 1511 Παντοκράτορα
2616 1442 2711 1494 καὶ
2745 1441 3090 1513 Δημιουργὸν
3119 1441 3373 1505 καλοῦσι,
3400 1441 3499 1493 καὶ
3524 1440 3737 1509 κτίστην

466 1536 835 1606 nipotenlem,
866 1540 1032 1601 atque
1066 1530 1333 1603 Opiliccm
1365 1541 1586 1596 vocant,
1621 1544 2038 1600 naturarumque

2166 1531 2386 1584 οὐσιῶν·
2414 1533 2505 1601 ἀφ’
2538 1528 2707 1605 οὗπερ
2741 1534 2902 1588 πάλιν
2933 1534 3028 1588 καὶ
3055 1535 3287 1604 ὑστέραν
3330 1531 3567 1602 ὀγδοάδα
3611 1532 3738 1602 μετὰ

472 1626 816 1681 conditorem
848 1637 864 1677 :
898 1638 928 1677 a
951 1638 1061 1692 quo
1089 1632 1142 1679 et
1177 1625 1538 1694 posteriorem
1577 1622 1878 1695 ogdoadem
1933 1627 2044 1691 post

2166 1624 2301 1678 ἑπτὰ
2344 1625 2612 1697 οὐρανοὺς
2654 1626 2879 1681 καλοῦσι
2913 1626 3055 1680 κατὰ
3094 1626 3189 1697 τὴν
3237 1624 3464 1698 πρώτην
3489 1624 3738 1692 ὐγδοᾶιεα

469 1726 730 1789 septenos
761 1714 924 1770 orbes
952 1716 1077 1769 caeli
1115 1715 1182 1770 ad
1223 1716 1424 1787 prioris
1478 1715 1743 1786 ogdoadis
1778 1712 2041 1783 exempla:

2161 1716 2594 1789 ἀφομοιωθεῖσαν
2674 1719 2921 1774 ἐκτίσθαι
2942 1722 2963 1751 ²
2993 1759 3008 1783 ,
3078 1718 3243 1773 αὐτοῦ
3321 1718 3483 1782 ὄντος
3563 1717 3619 1769 ὲν
3675 1719 3733 1786 τῇ

467 1810 704 1867 efﬁctam
733 1814 1023 1872 asserunt;
1063 1808 1221 1880 167
1246 1824 1369 1865 cum
1405 1808 1459 1863 in
1484 1807 1730 1880 ogdoatle
1766 1812 2039 1862 censeatur

2161 1811 2427 1879 Ὀγδοάδι,
2452 1811 2545 1866 καὶ
2561 1810 2703 1866 ἑπτὰ
2734 1814 2996 1885 οὐρανοὺς
3018 1813 3136 1883 μετ’
3164 1811 3330 1865 αὑτὸν
3358 1811 3731 1877 πεποιηκότος.

469 1905 609 1975 ipse,
634 1918 699 1959 ac
721 1908 924 1973 septem
940 1913 1061 1970 post
1089 1919 1149 1959 se
1168 1903 1308 1959 alios
1330 1903 1493 1959 orbes
1516 1900 1853 1973 produxerit.
1870 1899 2041 1954 Eiden

2163 1904 2373 1975 Ὥσπερ
2412 1904 2782 1977 Ὑστερήματι
2812 1904 3092 1975 βούλονται
3122 1905 3420 1959 συνάπτειν
3447 1903 3546 1972 μὲν
3574 1902 3730 1971 ἀμιγῆ

468 1998 836 2068 llysteremati
875 2000 1149 2055 sincerum
1183 1995 1550 2065 nescioquem
1571 2008 1803 2058 mortem,
1834 2007 1900 2047 ac
1917 1992 2040 2048 dcte

2163 2013 2278 2050 τινα
2305 1995 2480 2051 αἰῶνα
2517 1998 2611 2051 καὶ
2645 1996 2940 2069 ἀθήλυντον
2959 2013 2972 2026 ο
3008 1998 3087 2060 είς
3119 1994 3398 2067 πλήρωμα
3426 1994 3484 2048 δὲ
3517 1992 3735 2046 ἐνταῦθα

469 2089 637 2144 rioris
663 2106 828 2146 sexus
855 2098 1133 2161 expertem
1170 2095 1445 2144 conantur
1485 2088 1823 2161 adjungere;
1863 2085 1958 2156 qui
1989 2100 2041 2141 et

2158 2089 2411 2157 ἐλθόντα,
2446 2091 2541 2145 καὶ
2596 2090 2933 2162 ἀναζήτησιν
2958 2090 2981 2121 ³
3023 2089 3124 2160 τῆς
3173 2088 3351 2160 ψυχῆς
3410 2088 3511 2159 τῆς
3543 2084 3730 2141 ἄνωθεν

469 2181 539 2235 ad
571 2183 1030 2253 complementum
1069 2181 1298 2247 venerit,
1337 2187 1396 2234 ut
1428 2182 1669 2235 animam
1724 2177 2041 2249 requireret,

2161 2183 2266 2237 ἀπὸ
2293 2185 2394 2255 τῆς
2428 2183 2701 2255 μητρικῆς
2744 2184 2943 2251 Σοφίας
2977 2181 3259 2253 ἐλθούσης.
3290 2181 3438 2252 Ἤδη
3466 2180 3561 2233 καὶ⁸
3588 2179 3733 2249 Ἀχα-

467 2289 594 2344 qua:
623 2290 654 2329 a
679 2283 921 2331 materna
959 2273 1239 2345 Sapientia
1268 2288 1333 2327 ex
1366 2272 1476 2326 alto
1507 2271 1888 2327 descenderat.
1932 2266 2039 2323 Jan

2160 2275 2280 2347 μὼθ
2316 2274 2595 2346 βούλονται
2624 2275 2685 2328 τὸ
2710 2275 2879 2346 δνομα
2905 2273 3310 2337 ἀνατυποῦντες
3343 2273 3438 2327 καὶ
3469 2273 3729 2331 πλάττειν,

471 2378 602 2418 vero
636 2364 802 2417 etiam
837 2361 1144 2417 Achamoth
1173 2360 1301 2415 ficto
1322 2360 1545 2416 nomine
1575 2361 1875 2414 commenti
1904 2365 2043 2421 sunt,

2156 2367 2216 2421 ὃν
2249 2366 2314 2437 δὴ
2345 2367 2439 2421 καὶ
2468 2366 2700 2437 Σωτῆρα
2741 2365 2928 2429 καλεῖ,
2966 2366 3061 2419 καὶ
3095 2365 3262 2432 Ὅρον
3282 2406 3298 2430 ,
3348 2366 3445 2417 καὶ
3486 2361 3726 2432 Σταυρδν,

470 2470 632 2523 quem
664 2463 719 2510 et
755 2454 1113 2518 Salvator-cm,
1152 2460 1207 2508 ct
1240 2451 1584 2516 Terminum,
1616 2458 1671 2507 et
1702 2450 1939 2506 Crucem
1960 2491 1975 2513 ,
2004 2461 2042 2504 el

2158 2458 2256 2513 καὶ
2288 2457 2601 2530 ⁹Οροθὲτην,
2636 2457 2732 2510 καὶ
2760 2457 3125 2525 Μεταγωγέα,
3161 2458 3256 2509 καὶ
3298 2455 3513 2526 Ἰησοῦν
3538 2454 3623 2507 τὸν
3651 2452 3730 2505 διὰ

471 2544 794 2610 Finitorcm,
821 2552 878 2599 et
906 2542 1396 2610 Transductorem,
1437 2550 1492 2598 et
1524 2540 1714 2598 .lesum
1756 2541 2043 2611 appellant.

2158 2550 2398 2622 Μαρίας,
2418 2550 2495 2614 ὡς
2520 2549 2609 2603 διὰ
2637 2548 2897 2619 σωλῆνος,
2935 2548 3295 2621 παρελθόντα.
3333 2546 3487 2602 Εἶναι
3509 2546 3564 2599 δὲ
3584 2544 3728 2598 αὐτὸν

471 2637 564 2699 qui
594 2653 689 2707 per
716 2635 940 2690 Mariam
964 2637 1111 2690 velut
1142 2634 1336 2689 tubum
1355 2633 1704 2703 listulamque
1730 2631 2034 2702 permearit

2159 2642 2277 2713 φῶς
2308 2642 2416 2698 ἀπὸ
2448 2641 2543 2696 τοῦ
2604 2642 2718 2696 ἀνω
2759 2641 3027 2713 Χριστοῦ,
3056 2642 3151 2697 καὶ
3195 2641 3282 2695 διὰ
3332 2639 3492 2694 τοῦτο
3524 2654 3725 2705 πατρω-

475 2728 632 2782 lluue
659 2744 785 2783 esse
810 2728 993 2783 lumen
1036 2742 1066 2782 a
1102 2726 1391 2796 superiore
1411 2724 1635 2780 Christo
1668 2722 1953 2788 dilfusum,
1988 2721 2047 2776 ol

2158 2734 2405 2807 νυμικῶς
2453 2734 2735 2790 καλεῖσθαι
2776 2734 2898 2800 Φῶς
2933 2735 3118 2799 διὰτὸ
3150 2735 3263 2789 ἄνω
3312 2733 3452 2805 φῶς,
3484 2732 3576 2784 καὶ
3606 2730 3723 2798 Χρι-

475 2820 641 2889 idque
692 2821 872 2891 patrio
921 2819 1145 2875 nomine
1181 2816 1393 2874 Lumen
1442 2816 1514 2872 ob
1558 2815 1690 2871 illud
1724 2815 2047 2871 cmlesteuo‘

2162 2828 2286 2881 στὸν
2311 2826 2401 2881 διὰ
2436 2827 2528 2881 τὸν
2557 2827 2671 2881 ἄνω
2708 2826 2963 2897 Χριστὸν,
3012 2827 3107 2881 καὶ
3152 2826 3327 2894 Λόγον
3367 2822 3457 2877 διὰ
3503 2821 3591 2876 τὸν
3630 2820 3726 2873 ἄνω

475 2910 695 2977 minari,
729 2925 796 2965 ac
825 2910 894 2965 de
927 2910 1214 2981 superiore
1259 2908 1521 2972 Christo,
1555 2905 1848 2976 Verboque
1895 2904 2047 2961 Chri-

2159 2916 2352 2986 Λόγον,
2386 2917 2480 2971 καὶ
2502 2916 2648 2972 Νοῦν
2670 2916 2935 2981 ὡσαύτως
2965 2917 3194 2988 Σωτῆρα
3233 2914 3515 2985 λέγεσθαι.
3550 2911 3652 2963 'Asl
3676 2906 3726 2960 δὲ

477 3012 623 3060 stum
644 3004 834 3059 itidem
873 3013 929 3060 et
967 3003 1226 3068 Verbum,
1279 3002 1375 3060 sed
1413 3011 1469 3057 et
1515 2999 1749 3057 Mentem
1771 3006 2049 3069 prmterea,

2161 3008 2264 3060 ὑπε
2274 3007 2515 3079 ρόαίνειν
2536 3008 2631 3064 τὸν
2658 3008 2825 3063 αὑτοῦ
2850 3009 3083 3080 πατέρα,
3107 3008 3199 3063 τὸν
3222 3012 3436 3079 Δημιου
3446 3006 3568 3078 ργόν
3586 3022 3599 3035 ’
3620 3019 3724 3054 συν-

475 3111 541 3152 ac
583 3097 922 3151 Salvatorem
976 3095 1183 3151 vocari.
1231 3093 1496 3149 Eumdem
1550 3106 1715 3163 porro
1761 3089 2047 3147 Parentem

2162 3098 2455 3170 αναφέρειν
2475 3099 2533 3155 δὲ
2558 3101 2684 3165 τοὺς
2710 3099 2862 3171 αὐτῷ
2888 3099 3247 3171 πειθομένους
3276 3099 3398 3171 ἅμα
3434 3093 3578 3165 αὑτῷ
3608 3090 3724 3163 πρὸς

476 3206 637 3246 suum
661 3230 676 3254 ,
714 3189 819 3244 hoc
852 3197 935 3245 est
968 3188 1321 3244 Conditorem
1375 3183 1810 3242 transcendere:
1858 3197 1923 3237 ac
1966 3183 2048 3252 qui

2167 3191 2270 3254 τὰς
2286 3191 2401 3245 ἀνω
2434 3192 2699 3261 συζυγίας
2727 3192 2822 3246 τοῦ
2858 3192 3245 3264 πληρώματος.
3275 3194 3390 3246 Kal
3415 3185 3460 3244 ὧ
3494 3189 3590 3257 τῆς
3616 3182 3721 3238 10'3-

475 3283 580 3340 sibi
624 3282 783 3337 ﬁdem
837 3281 1112 3345 habeant,
1162 3279 1231 3335 ad
1284 3293 1544 3350 suprema
1597 3277 1690 3331 illa
1745 3274 2047 3345 pleromati:

2163 3300 2272 3337 των
2300 3283 2573 3355 ληρῳδίας
2598 3286 2692 3339 καὶ
2717 3285 2988 3358 τοσαύτης
3032 3286 3455 3356 ματαιολογίαςι
3494 3277 3724 3351 Παραθὴ-

474 3375 705 3447 collegia
727 3389 914 3431 secum
945 3374 1198 3429 evehere.
1231 3370 1275 3426 0
1298 3386 1473 3443 nugas
1492 3369 1777 3439 anilesque
1811 3365 2026 3420 fabulas

2166 3393 2331 3447 σομαι
2360 3376 2438 3439 δὲ,
2463 3377 2541 3442 ὡς
2574 3381 2854 3448 προεῖπον,
2880 3378 2972 3431 καὶ
3000 3379 3077 3443 ὡς
3101 3380 3255 3432 αὐτοὶ
3289 3372 3611 3440 συνέζευξαν
3629 3371 3722 3430 τοῖς

477 3466 592 3538 Ego
622 3482 755 3522 vero
786 3466 1146 3521 nihilominus
1165 3478 1252 3526 ea,
1282 3463 1360 3518 uti
1393 3478 1515 3518 sum
1541 3460 1850 3533 pollicitus,
1886 3473 2049 3528 expo-

2182 3471 2472 3539 πτοιητικοῖς
2535 3470 2631 3523 καὶ¹
2701 3469 3018 3540 έθνομύθοις
3076 3469 3365 3540 πλάσμασι
3430 3468 3526 3538 τὴν
3571 3460 3754 3517 αὑτῶν-

477 3574 639 3625 nam;
668 3566 838 3627 utque
880 3556 988 3628 ipsi
1041 3556 1109 3611 ad
1153 3565 1441 3627 poetarum
1467 3569 1531 3608 ac
1568 3552 1863 3624 gentilium
1914 3565 2049 3605 com-

2166 3558 2510 3631 ληρολογίαν.
2549 3559 2707 3614 Μετὰ
2735 3560 2834 3632 τὴν
2880 3562 2923 3614 Τ
2929 3561 3253 3633 ριακοντάδα
3284 3560 3346 3614 δὲ
3383 3559 3444 3612 τὸ
3474 3556 3531 3609 ἓν
3578 3553 3725 3620 ὄνομα

478 3657 667 3706 menta
706 3648 898 3704 deliria
933 3663 1032 3705 sua
1063 3648 1293 3719 pr0pius
1325 3644 1820 3703 accommodarint.
1858 3641 2050 3698 Praetet

2171 3653 2338 3723 μέσον
2381 3651 2475 3705 καὶ
2527 3651 2858 3717 ἀθήλυντον,
2919 3653 3014 3706 καὶ
3082 3654 3198 3722 μετ’
3251 3651 3420 3706 αὑτὸν
3463 3648 3557 3719 τὴν
3603 3641 3724 3697 κατὰ

480 3742 618 3805 haec,
660 3739 964 3797 secundum
1004 3738 1385 3796 Tricenarium
1448 3738 1624 3805 illum,
1659 3736 1902 3792 medium
1948 3733 2052 3788 uni-

2169 3742 2434 3811 συζυγίαν
2491 3741 2927 3811 πάλινὈγδοάδα
2966 3743 3283 3815 εὑρεθεῖσαν
3335 3743 3446 3798 ἀπὸ
3496 3736 3587 3793 τοῦ
3635 3740 3723 3803 Δη-

479 3848 607 3888 cum
646 3849 845 3888 nomen
902 3847 965 3888 ac
1008 3833 1129 3888 sine
1168 3830 1385 3886 feniiuze
1416 3832 1705 3886 consortio
1756 3826 2046 3884 solitariun

2173 3830 2433 3905 μιουργοῦ
2485 3830 2649 3886 πάλιν
2699 3832 3004 3904 δυναμένην
3053 3832 3149 3887 καὶ
3197 3832 3343 3887 οὕτω
3389 3825 3719 3885 συντίθεσθαι.

479 3930 892 3998 excogitarunt;
921 3934 1036 3981 tum
1080 3924 1244 3979 aliam
1310 3938 1533 3980 rursum
1561 3937 1591 3976 a
1621 3921 1920 3977 Conditore
1948 3934 2048 3989 pro

2168 3925 2280 3980 Καὶ
2308 3924 2424 3978 ἐστι
2463 3922 2534 3977 τὰ
2555 3923 2794 3995 ὀνόματα
2822 3924 2968 3978 τάδε’
3003 3924 3221 3996 πρῶτος
3252 3925 3574 3994 Ἐξέπαφος,
3606 3919 3721 3986 Πορ-

479 4019 725 4084 ductam,
754 4034 819 4072 ac
854 4018 1079 4090 perinde
1123 4017 1178 4071 in
1223 4016 1375 4087 paria
1423 4015 1689 4086 digestam
1725 4011 2041 4083 ()gdoadem

2171 4017 2399 4090 φυρίων,
2427 4014 2652 4079 Κλωθὼ,
2682 4015 2935 4083 Ῥύακος,
2960 4017 3213 4088 Λάχεσις,
3234 4018 3533 4089 Ἐπιφάων,
3558 4013 3721 4080 Ἀτρρ).

479 4110 656 4182 Cujus
691 4111 809 4167 haec
832 4119 963 4167 sunt
988 4110 1294 4166 vocabula:
1339 4107 1693 4178 Exepaphus,
1732 4103 2044 4176 Porphyrio

2172 4125 2309 4172 πος,
2369 4106 2670 4178 Ὑπερίων,
2704 4106 3033 4179 Ἀστεροπή.
3096 4108 3205 4162 Kal
3245 4108 3385 4181 αὕτη
3431 4107 3525 4179 μὲν
3568 4103 3598 4172 ἡ
3634 4097 3721 4151 τῶν

480 4202 718 4267 Clotho,
765 4202 1044 4269 Rhuaces,
1094 4201 1381 4266 Lachesis,
1434 4198 1758 4271 Epiphaon,
1808 4198 2046 4267 Atropos

2173 4198 2416 4271 ποιητῶν
2447 4199 2656 4253 τούτων
2706 4199 2922 4271 σκηνὴ,
2958 4200 3156 4271 ἔχουσα
3190 4201 3285 4254 καὶ
3339 4200 3503 4261 ἄλλας
3550 4189 3718 4251 πολλὰς

481 4299 779 4372 llyperion,
828 4297 1114 4367 Asterope.
1169 4293 1453 4366 Ejusmodi
1504 4301 1790 4363 poetarum
1837 4290 2053 4345 istorun‘

2171 4291 2490 4363 ὀνομασίας,
2515 4290 2653 4345 θεῶν
2686 4290 2814 4364 παρ’
2847 4291 3033 4355 αὐτοῖς
3064 4291 3482 4364 ὀνομαζομένων
3509 4284 3720 4359 ἀρρένων

480 4400 570 4451 est
597 4406 784 4454 scena,
809 4405 931 4460 quae
965 4397 1020 4444 et
1048 4388 1186 4443 alias
1224 4384 1661 4458 quamplurimas
1700 4383 1956 4447 deorum,
2011 4396 2052 4438 ui

2172 4400 2233 4436 τε
2265 4383 2360 4437 καὶ
2392 4380 2642 4454 θηλειῶν,
2679 4381 2852 4445 ἄλλως
2881 4383 3035 4453 παρὰ.
3069 4400 3181 4436 τισι
3225 4382 3547 4455 λεγομένων,
3587 4375 3720 4428 5w:-

483 4491 706 4546 vocant,
748 4480 1145 4552 appellationes
1178 4462 1455 4544 continet;
1478 4477 1715 4531 marium
1750 4491 1815 4530 ac
1847 4476 2055 4531 femina!

2148 4546 2149 4552 η
2179 4475 2359 4545 μένων
2389 4475 2616 4544 ποιῆσαι
2663 4476 2758 4528 καὶ
2794 4475 3124 4545 τριακοσίων
3159 4472 3583 4546 ἑξηκονταπέντε
3621 4467 3720 4535 ἀρι-

485 4591 631 4638 rum,
667 4588 789 4644 quae
824 4572 982 4627 aliter
1010 4572 1079 4626 ab
1114 4572 1237 4625 aliis
1269 4580 1552 4639 concepta:
1590 4569 1658 4622 ad
1704 4582 1911 4622 cccuv
1948 4582 2057 4637 per-

2144 4554 2149 4567 ⁷
2180 4566 2338 4637 θμὸν,
2369 4567 2461 4621 καὶ
2487 4567 2568 4620 ἔτι
2597 4568 2679 4631 είς
2704 4567 2977 4638 πρόφασιν
3000 4567 3110 4620 τῶν
3150 4567 3326 4621 ἄλλων
3359 4566 3604 4637 αἱρέσεων
3630 4554 3716 4609 τῶν

485 4667 733 4722 veniunt.
762 4664 905 4730 Quin
929 4663 1090 4717 etiam
1135 4663 1200 4715 ad
1234 4661 1466 4714 aliarum
1504 4660 1785 4715 haereseon
1812 4674 1930 4727 qua!
1964 4658 2057 4713 sibi

2178 4657 2384 4730 ταύτην
2412 4657 2573 4712 πάλιν
2602 4657 2699 4730 τὴν
2725 4658 2993 4731 τραγικὴν
3036 4657 3292 4711 ὑπόθεσιν
3334 4648 3716 4725 ὲνστησαμένων

485 4757 756 4825 tragicam
791 4751 1103 4808 istiusmodi
1138 4766 1391 4822 pompam
1429 4752 1739 4815 asciscunt,
1768 4765 2057 4821 propagan

1838 4765 2072 4821 opagau-
2179 4749 2633 4820 ὀνειρωττόντων.
3387 4742 3406 4753 ’

486 4849 588 4906 das
616 4838 879 4918 origines,
914 4860 1055 4901 nova
1082 4845 1331 4916 quaedam
1358 4843 1619 4899 addidere
1655 4843 1889 4899 somnia.

544 4965 756 5022 Etenim
768 4964 1183 5035 postsuperiora
1195 4960 1286 5015 illa
1300 4960 1516 5014 nomina
1531 4955 2072 5028 llesiodus.0rpheus

2251 4950 2405 5004 Μετὰ
2442 4951 2551 5024 γὰρ
2585 4950 2654 5004 τά
2683 4949 3056 5021 προειρημένα
3099 4949 3340 5018 ὀνόματα
3368 4941 3523 5016 φασιν
3543 4938 3586 4990 oi

486 5020 909 5115 etStesicborus
928 5020 1084 5112 natos
1094 5068 1219 5110 esse
1248 5052 1661 5108 dicutitleum
1680 5058 1735 5106 et
1755 5020 2058 5112 Tartarum,

2192 5041 2436 5096 Ἡσίοδον
2453 5020 2549 5096 καὶ
2564 5020 2770 5114 Ὀρφέα
2800 5042 2893 5095 καὶ
2909 5040 3239 5112 Στησίχορον
3256 5030 3596 5109 γεγεννῆσθαι
3627 5020 3713 5075 Οὕ-

489 5150 790 5206 Saturnum
821 5145 1139 5213 aeRheam,
1183 5144 1373 5200 Jovem
1417 5150 1472 5198 et
1506 5142 1775 5198 lunonem
1798 5182 1813 5207 ,
1852 5141 2061 5211 Apollo-

2184 5132 2346 5207 ρανόν
2373 5151 2435 5186 τε
2465 5134 2558 5188 καὶ
2589 5133 2893 5205 Τάρταρον,
2913 5134 3120 5204 Κρόνον
3148 5149 3208 5186 τε
3240 5132 3334 5186 καὶ
3369 5128 3533 5189 Ῥέαν,
3558 5118 3642 5215 Δία
3664 5126 3711 5215 ’ξε

489 5254 636 5297 nem.
671 5236 1005 5309 Neptunum,
1053 5209 1216 5306 atque
1247 5233 1561 5295 Plutonem,
1597 5232 1848 5299 aliosque
1868 5271 1881 5292 ,
1903 5209 2061 5298 iquos

2182 5226 2278 5282 καὶ
2305 5227 2504 5297 Ἥραν,
2534 5226 2629 5281 καὶ
2657 5225 2989 5290 Ἀπόλλωνα,
3022 5223 3331 5279 Ποσειδῶνά
3365 5238 3421 5276 τε
3461 5217 3543 5271 καὶ
3558 5209 3714 5309 ’Πλοψ

492 5328 809 5398 singillatim
840 5305 1149 5395 recensent,
1198 5326 1541 5381 innumeros.
1578 5322 1870 5379 Fecundus
1924 5321 2064 5376 enim

2182 5335 2353 5377 τωνα,
2385 5319 2480 5372 καὶ
2515 5319 2741 5391 μυρίους
2778 5317 2965 5372 λοιπὸν
3007 5319 3134 5381 τοὺς
3177 5319 3306 5389 παρ’
3349 5313 3519 5374 αὐτοῖς
3548 5305 3710 5368 ὄνομα·

495 5389 712 5469 ἰιιοῖουιιι
746 5432 906 5472 error
932 5429 1037 5482 est,
1070 5389 1146 5475 act
1168 5417 1474 5488 multiplex,
1495 5417 1588 5487 qui
1612 5414 1855 5471 absurda
1884 5412 2067 5469 nescio

2184 5409 2463 5480 ζομένους.
2500 5389 2677 5481 Πολλὴ
2708 5411 2817 5483 γὰρ
2843 5409 3049 5464 τούτων
3079 5413 3113 5482 ἡ
3141 5409 3392 5482 ἀπατηλὴ
3419 5404 3474 5469 ἐξ
3499 5389 3711 5454 ὑπονοίας

457 5522 460 5527 ·
496 5522 620 5576 qua:
638 5507 1028 5563 vocabulorum
1062 5519 1309 5566 monstra
1338 5508 1673 5579 parturiens,
1702 5515 1868 5577 atque
1907 5519 2029 5559 cxcc

2188 5503 2387 5573 πλάνη,
2424 5504 2458 5573 ἦ
2491 5521 2576 5566 τις
2619 5503 2953 5571 κενοφωνίαν
2986 5503 3380 5573 ἐγκισσήσασα,
3409 5495 3496 5551 καὶ
3522 5487 3708 5579 ἐξευίλξν

500 5594 701 5661 gitans,
724 5590 995 5649 inﬁnitam
1040 5566 1356 5654 fabularum
1374 5608 1611 5669 segetem
1643 5566 1905 5669 proludit.
1929 5593 2062 5660 Qua:

2175 5596 2313 5666 μένη
2348 5566 2577 5661 ίτολλοῦς
2624 5566 2825 5667 μύθονς
2862 5566 3271 5667 ἐποιητεύσατο.
3302 5592 3408 5648 Καὶ
3440 5583 3559 5648 αὕτη
3589 5566 3708 5629 ἐστὶν

577 5786 590 5815 ’
624 5803 704 5855 ΙῬ·
742 5788 1005 5854 ποιητῶν,
1080 5800 1098 5827 ²
1130 5798 1190 5854 ν.
1234 5799 1415 5854 Codex
1446 5799 1689 5856 ἐκτίσθαι
1726 5802 1960 5872 λέγουσι.
2040 5803 2058 5833 ³
2092 5800 2151 5854 F.
2189 5799 2296 5853 ἀπο
2331 5799 2695 5871 πληρώματος
2728 5799 2807 5863 δέ,
2841 5807 2894 5855 ct
2925 5800 3042 5852 κατ’
3083 5798 3425 5868 ἀναζήτησιν.
