3982 6430
317 413 410 467 Illi
1064 410 1430 467 ADVERSUS
1470 408 1814 465 llAlel‘ZSES
1856 409 1983 463 LIB.
2030 410 2069 463 l.
2114 406 2280 464 ΤΟΜ.
2322 409 2387 463 ll.
2432 440 2499 448 -—
2538 407 2814 464 HASRES.
2856 407 3049 464 XXXI.

3487 406 3599 465 ‘82

316 535 348 603 ἡ
384 526 618 582 δοκοῦσα
649 530 944 597 φαντάζειν
986 528 1082 600 τὴν
1128 529 1239 583 τῶν
1280 531 1657 600 ἀπατωμένων
1702 528 1897 583 τούτων

2014 540 2120 580 una
2147 540 2235 580 res
2267 525 2429 597 168
2449 525 2775 582 miserorum
2807 526 3027 581 illorum
3055 527 3271 581 animos
3303 523 3436 579 falsa
3472 539 3598 596 Spe-

316 635 574 673 οιανοιαν.

315 764 321 771 ,
385 710 597 764 Γελοῖον
628 711 687 765 δὲ
711 712 871 777 εὐθὺς
900 713 1068 765 πᾶσιν
1095 713 1408 783 εὑρίσκεται
1436 712 1608 766 ταῦτα
1628 714 1740 775 τοῖς
1765 707 1904 765 κατὰ

315 802 448 855 Θεὸν
494 812 586 856 τον
629 804 755 858 νοῦν
802 805 1257 875 πεφωτισμένοις.
1297 805 1589 878 Παρελθὼν
1630 806 1688 859 δὲ
1732 803 1904 857 ταῦτα

314 888 493 957 αὖθις,
521 895 639 956 ταῖς
664 891 773 946 ἀπὸ
796 892 907 947 τῶν
939 893 1159 963 βιϐλίων
1183 893 1361 948 αὐτῶν
1394 893 1739 958 ἁκολουθίαις
1769 894 1905 964 πρὸς

314 985 447 1048 ἔπος
473 986 569 1038 καὶ
601 985 741 1040 κατὰ
764 985 908 1051 λέξιν
936 985 1035 1057 τὴν
1068 986 1371 1059 παράθεσιν
1409 987 1512 1057 τῆς
1554 988 1686 1057 παρ’
1720 987 1904 1048 αὐτοῖς

313 1076 713 1146 ἀναγνώσεως,
764 1076 909 1146 λέγω
949 1076 1012 1149 δὴ
1059 1078 1157 1148 τῆς
1207 1078 1387 1131 αὐτῶν
1438 1078 1644 1149 βίϐλου,
1672 1076 1903 1131 ἐνταῦθα

314 1170 638 1241 ποιήσομαι,
675 1170 769 1223 καὶ
794 1169 929 1224 ἔστι.

743 1280 877 1333 Ἀπ’)
912 1277 1031 1332 τῶν
1057 1281 1485 1336 Οὐαλεντίνου.

386 1371 468 1423 E'.
502 1370 643 1424 Τάδε
674 1370 826 1439 παρὰ
859 1370 1145 1441 φρονίμοις
1182 1373 1293 1442 (65)
1316 1388 1329 1401 °
1363 1370 1517 1443 παρὰ
1548 1372 1606 1426 δὲ
1628 1372 1901 1442 ψυχικοῖς,

314 1464 473 1536 παρὰ
497 1464 557 1518 δὲ
590 1465 890 1535 σαρκικοῖς.
928 1463 1079 1533 παρὰ
1112 1465 1167 1519 δὲ
1210 1469 1511 1535 κοσμικοῖς,
1557 1466 1707 1538 παρὰ
1737 1467 1794 1520 δὲ
1825 1466 1905 1537 τῷ

319 1557 543 1630 μεγέθει
583 1555 722 1619 Νοῦς
766 1557 1147 1628 ἀκατάργητος
1189 1560 1301 1617 τοῖς
1330 1558 1733 1628 ἀκαταργήτοις
1783 1558 1903 1630 χαί-

317 1663 459 1719 ρειν.
515 1646 921 1715 Ἀνονομάστων
971 1646 1085 1714 ἐγὼ
1127 1647 1673 1717 καὶ.ὑπερουρανίων
1715 1648 1903 1718 μνείαν

313 1737 580 1808 ποιοῦμαι
599 1737 738 1808 πρὸς
767 1737 911 1807 ὑμᾶς
942 1737 980 1800 ¹,
1003 1735 1126 1788 οὔτε
1181 1736 1398 1807 ἀρχαῖς,
1446 1736 1569 1790 οὔτε
1609 1738 1902 1803 ἐξουσίαις,

313 1826 443 1882 οὔτε
472 1830 794 1896 ὑποταγαῖς,
825 1827 950 1881 οὔτε
982 1828 1117 1880 πᾶσι
1154 1827 1541 1897 περινοηθῆναι
1568 1828 1900 1900 δυναμένων,

2011 618 2095 673 cie
2118 617 2347 672 deludit.

2080 708 2186 762 Sed
2239 708 2307 763 iis
2336 722 2562 778 quorum
2629 707 2813 763 divina
2880 708 3001 762 luce
3055 708 3380 764 collustrata
3440 724 3595 764 mens

2005 809 2110 866 est,
2144 799 2328 871 inepta
2359 800 2474 856 llaec
2491 802 2679 857 statim
2723 816 2787 857 ac
2818 800 3050 856 ridicula
3084 799 3361 857 videntur.
3383 799 3596 867 Quibus

2007 891 2171 946 modo
2212 893 2627 964 praetermissis,
2664 908 2786 964 quae
2845 894 3077 950 illorum
3119 892 3274 948 libris
3304 893 3594 946 continen-

2009 988 2119 1042 tur,
2158 990 2321 1051 prout
2371 982 2437 1036 ad
2475 983 2703 1036 verbum
2739 983 2944 1053 scripta
2982 984 3276 1054 leguntur,
3330 981 3439 1037 hoc
3473 985 3596 1035 loco

2008 1087 2331 1142 proponam.
2369 1073 2505 1128 Sunt
2539 1074 2652 1129 haec
2684 1075 2978 1143 ejusmodi.

2458 1269 2545 1324 Ex
2579 1271 2953 1328 Valentiniano
2982 1272 3137 1329 libro.

2077 1360 2143 1414 ν.
2175 1360 2301 1417 llaec
2335 1363 2476 1432 apud
2500 1363 2814 1435 sapientes;
2843 1366 2938 1420 sed
2956 1366 3101 1437 apud
3135 1366 3421 1432 animales,
3447 1368 3590 1438 apud

2006 1454 2276 1520 carnales,
2307 1456 2453 1525 apud
2486 1457 2816 1520 mundanos,
2852 1458 2991 1526 apud
3018 1469 3395 1528 exaggeratam
3424 1460 3592 1515 animi

2007 1546 2136 1608 vim,
2168 1545 2281 1602 Nus
2315 1563 2592 1616 nunquam
2628 1547 2887 1604 desinens
2911 1553 3184 1621 perpetuis
3220 1567 3285 1606 ac
3313 1565 3590 1621 nunquam

2006 1637 2386 1693 desinentibus
2409 1678 2423 1702 ,
2461 1640 2711 1694 salutem.
2744 1639 3007 1710 Equidem
3035 1658 3225 1698 eorum
3262 1659 3382 1713 qua:
3417 1656 3594 1711 neque

2007 1731 2299 1795 nominari,
2332 1746 2431 1787 nec
2460 1732 2724 1802 explicari
2764 1735 3015 1791 oratione
3048 1745 3301 1807 possunt,
3358 1750 3593 1808 qumque

2007 1821 2323 1874 cmlestibus
2359 1822 2494 1891 ipsis
2542 1823 2826 1893 superiora
2874 1833 3024 1888 sunt,
3058 1830 3390 1882 mentionem
3446 1826 3591 1898 apud

317 1921 462 1995 μόνῃ
508 1921 565 1974 δὲ
606 1923 672 1992 τῇ
712 1920 806 1974 τοῦ
849 1919 1146 1991 Ἀτρέπτου
1191 1920 1370 1992 ἐννοίᾳ
1406 1922 1897 1992 πεφανερωμένων.

2007 1927 2105 1966 vos
2136 1913 2454 1966 instituam:
2489 1929 2613 1983 qua;
2654 1929 2832 1985 neque
2860 1916 3225 1987 principatus,
3281 1935 3457 1989 neque
3489 1933 3586 1987 po;-

312 2012 456 2066 Οὔτε
492 2011 602 2085 γὰρ
646 2013 823 2084 ἀρχῆς
863 2015 893 2067 ὁ
924 2015 1259 2084 Αὑτοπάτωρ
1287 2014 1398 2082 (64)
1436 2013 1596 2076 αὐτὸς
1633 2015 1691 2067 ὲν
1724 2013 1903 2085 ἑαυτῷ

312 2110 561 2177 περιεῖχε
601 2106 669 2160 τὰ
709 2107 887 2162 πάντα
931 2106 1059 2159 ὄντα
1106 2107 1164 2159 ὲν
1214 2105 1392 2176 ἑαυτῷ
1441 2107 1498 2159 ὲν
1533 2106 1806 2177 ἀγνωσία,
1842 2106 1902 2159 ὃν

313 2197 542 2250 καλοῦσί
571 2214 713 2261 τινες
742 2196 920 2249 Αίῶνα
953 2198 1228 2267 ἀγήρατον
1247 2237 1261 2260 ,
1290 2195 1377 2246 ἀεὶ
1431 2193 1708 2258 νεάζοντα,
1738 2196 1903 2266 ἁρῤε-

310 2286 569 2357 νόθηλυν,
611 2286 669 2350 ὃς
720 2287 950 2340 πάντοτε
1002 2287 1245 2357 περιέχει
1290 2284 1357 2338 τὰ
1400 2284 1610 2346 πάντα,
1660 2284 1754 2338 καὶ
1803 2286 1903 2337 οὐκ

311 2375 726 2445 ἐμπεριέχεται.
775 2376 908 2429 Τότε
959 2378 992 2447 ἡ
1045 2376 1103 2430 ἐν
1152 2374 1301 2446 αὐτῷ
1347 2377 1582 2430 Ἕννοια·
1618 2376 1902 2448 (ἠθέλησεν

310 2466 554 2537 ἐκείνην,
582 2468 649 2537 ἤν
687 2483 832 2529 τινες
864 2468 1112 2521 Ἔννοιαν
1140 2467 1366 2535 ἔφασαν,
1409 2467 1586 2539 ἕτεροι
1625 2468 1799 2541 Χάριν
1828 2471 1904 2522 οἰ-

313 2555 482 2618 κείως
504 2557 590 2609 διὰ
624 2555 685 2609 τὸ
716 2557 1248 2628 ἐπικεχορηγηκέναι
1280 2558 1450 2626 αὐτὴν
1481 2556 1901 2630 θησαυρίσματα

308 2643 411 2698 τοῦ
434 2645 712 2713 Μεγέθους
749 2650 860 2711 τοῖς
906 2649 970 2702 ὲκ
1013 2649 1108 2702 τοῦ
1140 2649 1453 2718 Μεγέθους·
1487 2651 1536 2702 οἱ
1576 2650 1633 2704 δὲ
1673 2650 1903 2722 ἀληθεύ-

313 2753 512 2800 σαντες
556 2737 720 2807 Σιγὴν
771 2740 1256 2810 προσηγόρευσαν,
1301 2742 1383 2793 ὅτι
1436 2741 1502 2793 δι’
1550 2741 1902 2813 ἐνθυμήσεως

310 2827 485 2898 χωρὶς
518 2827 675 2895 λόγου
720 2828 789 2881 τὰ
836 2829 1012 2883 πάντα
1043 2831 1104 2883 τὸ
1134 2830 1378 2898 Μέγεθος
1424 2832 1737 2884 ἐτελείωσεν
1782 2833 1903 2902 )ὠς

310 2916 411 2973 οὖν
442 2924 724 2991 προεῖπον,
770 2923 803 2991 ή
843 2922 1119 2993 ἄφθαρτος
1160 2924 1352 2976 αίωνία
1399 2924 1547 2993 (65),
1583 2924 1903 2994 βουληθεῖσα

309 3013 490 3084 δεσμὰ
518 3014 700 3083 ῥῆξαι,
735 3013 958 3084 ἐθήλυνε
988 3015 1049 3067 τὸ
1072 3014 1320 3083 Μέγεθος
1345 3014 1430 3067 ἐπ’
1456 3015 1634 3086 ὀρέξει
1663 3016 1904 3069 ἀναπαύ-

313 3122 455 3168 σεως
492 3105 677 3158 αὑτοῦ.
712 3106 821 3157 Καὶ
853 3104 991 3176 αὕτη
1038 3104 1188 3176 αὑτῷ
1238 3109 1492 3175 μιγεῖσα,
1540 3105 1778 3172 ἀνέδειξε
1810 3107 1903 3159 τὸν

312 3197 539 3269 Πατέρα
570 3196 664 3267 τῆ.³
693 3195 971 3266 ἀληθείας,
1012 3196 1071 3249 ὃν
1100 3196 1313 3259 οἰκείως
1351 3198 1399 3249 οἱ
1434 3196 1629 3250 τέλειοι
1659 3197 1901 3269 ’Ἄνθρω-

311 3306 416 3342 πον
448 3288 757 3358 ὠνόμασαν,
779 3285 869 3341 ὅτι
894 3283 960 3358 ἦν
988 3287 1276 3351 ἀντίτυπος
1300 3287 1394 3340 τοῦ
1426 3289 1686 3359 προόντος
1718 3289 1904 3357 ’Λγεν-

308 3381 500 3451 νήτου.
538 3380 693 3433 Μετὰ
721 3378 879 3433 τοῦτο
915 3379 973 3432 δὲ
1006 3381 1041 3451 ἡ
1074 3379 1208 3449 Σιγὴ
1243 3379 1353 3451 (66)
1392 3380 1628 3452 φυσικὴν
1677 3382 1904 3450 ἑνότητα

308 3472 494 3540 φωτὸς
521 3472 966 3542 προενεγκαμένη
1011 3472 1127 3525 ’σὺν
1156 3471 1236 3541 τῷ
1280 3470 1577 3543 Ἀνθρώπῳ
1610 3468 1698 3542 (ἦν
1726 3472 1782 3525 δὲ
1810 3473 1905 3525 αὺ-

306 3564 425 3619 τών
467 3566 502 3635 ἡ
536 3564 844 3626 συνέλευσις
892 3564 955 3617 τὸ
997 3563 1216 3630 θέλειν),
1266 3564 1360 3616 καὶ
1407 3564 1751 3618 ἀναδείκνυσι
1803 3566 1902 3634 τὴν

308 3654 619 3726 Ἀλήθειαν.
648 3653 899 3726 Ἀλήθεια
929 3653 985 3707 δὲ
1020 3654 1125 3707 ὑπὸ
1150 3654 1258 3708 τῶν
1284 3654 1503 3708 τελείων
1530 3655 1745 3719 οἰκείως
1771 3656 1904 3723 ὠνο-

309 3747 522 3819 μάσθη,
556 3748 638 3801 ὅτι
670 3746 890 3816 ἀληθῶς
922 3747 1082 3817 ὁμοία
1114 3743 1182 3818 ἦν
1210 3748 1273 3817 τῇ
1310 3746 1509 3818 ἑαυτῆς
1540 3748 1709 3819 μητρὶ
1743 3747 1898 3819 Σιγῇ,

306 3838 413 3907 τῆς
444 3837 609 3906 Σιγῆς
637 3835 796 3890 τοῦτο
830 3836 1160 3908 βουλομένης
1183 3839 1227 3901 ⁸,
1261 3837 1370 3890 ἀπὸ
1398 3838 1680 3909 μερισμῶν
1708 3837 1902 3907 φώτων

306 3926 408 3981 τοῦ
445 3944 505 3978 τε
536 3926 763 3998 ἄρρενος
795 3928 891 3980 καὶ
935 3928 1034 3997 τῆς
1068 3926 1286 3997 θηλείας
1311 3926 1427 3980 ἴσον
1462 3922 1621 3991 εἶναι,
1658 3928 1806 3990 ὅπως
1835 3927 1901 3980 δι’

308 4017 523 4072 ἑαυτῶν
566 4017 659 4070 καὶ
705 4018 739 4088 ἡ
770 4016 827 4069 ὲν
859 4017 1044 4081 αὐτοῖς
1087 4018 1375 4089 φανερωθῇ
1404 4020 1516 4080 τοῖς
1550 4017 1611 4082 ἐξ
1645 4016 1811 4071 αὐτοῦ
1844 4020 1903 4071 ὲν

306 4109 463 4178 αὐτῷ
493 4111 573 4174 είς
605 4109 895 4180 αἱσθητικὰ
924 4109 1078 4179 φῶτα
1114 4109 1451 4181 μερισθεῖσα.
1492 4110 1648 4163 Μετὰ
1676 4110 1836 4163 τοῦτο
1864 4111 1898 4182 ἡ

306 4202 587 4272 ’Δλήθε.α,
615 4201 887 4272 μητρικὴν
911 4201 1357 4272 προενεγκαμένη
1382 4200 1738 4271 Προυνεικίαν
1763 4200 1897 4271 (67),

304 4293 536 4364 ἑθήλυνε
586 4293 678 4345 τὸν
723 4291 936 4363 πατέρα
981 4293 1179 4363 ἑαυτῆς
1228 4293 1308 4355 είς
1350 4292 1581 4362 ἑαυτήν·
1631 4293 1726 4345 καὶ
1776 4309 1902 4345 συν-

302 4387 479 4459 ῄεσαν
512 4386 723 4447 ἑαυτοῖς
750 4384 1011 4456 ἀφθάρτῳ
1049 4385 1213 4456 μίξει,
1247 4386 1340 4438 καὶ
1374 4385 1637 4457 ἀγηράτῳ
1659 4386 1897 4459 συγκράο

304 4493 418 4531 σει.
450 4476 553 4527 Καὶ
592 4474 933 4527 ἀναδείκνυσι
972 4476 1206 4546 τετράδα
1246 4478 1624 4549 πνευματικὴν
1672 4477 1896 4549 ἀρῤενό-

389 4631 409 4662 ¹
448 4627 512 4684 V.
548 4630 684 4685 Cod.
722 4631 1015 4701 μυστήριον
1054 4630 1191 4702 πρὸς
1224 4631 1388 4701 ὑμᾶς.

1979 2463 2347 2543 .conlinebat;

2004 2011 2255 2069 testates,
2280 2019 2382 2059 nec
2427 2021 2548 2075 qua:
2607 2007 2714 2063 illis
2739 2009 2986 2076 subjecta
3042 2016 3192 2071 sunt,
3227 2026 3405 2081 neque
3444 2010 3590 2066 aliud

2003 2095 2301 2165 quidquam
2318 2098 2671 2167 intelligentia
2697 2108 2873 2169 potest
2903 2102 3189 2171 ccnsrqui,
3212 2103 3425 2172 solique
3445 2104 3588 2171 ejus,

2003 2189 2097 2257 qui
2127 2197 2212 2243 est
2241 2189 2616 2253 immutabilis,
2643 2199 2774 2246 sunt
2796 2194 3095 2262 cognitioni
3117 2195 3407 2263 patefacta.
3430 2194 3588 2249 Prin-

2003 2281 2150 2351 cipio
2182 2282 2451 2350 siquidem
2492 2299 2670 2337 rerum
2721 2285 2963 2338 omnium
2998 2285 3045 2340 is
3069 2288 3159 2355 qui
3192 2302 3290 2357 per
3318 2302 3377 2341 se
3410 2288 3589 2356 ipsum

2005 2373 2164 2428 Pater
2195 2381 2300 2436 est,
2327 2374 2581 2430 universa
2607 2376 2661 2430 in
2693 2375 2987 2446 semetipso
3025 2377 3260 2432 obscura
3291 2379 3588 2449 ignotaque

2431 2479 2593 2533 quem
2658 2465 2906 2519 nonnulli
2964 2464 3198 2520 Eonem
3290 2470 3592 2523 senectutis

2004 2565 2307 2625 expertem,
2363 2572 2689 2627 semperque
2741 2554 3049 2621 ﬂorentem,
3083 2568 3137 2615 et
3175 2576 3378 2616 marem
3433 2562 3592 2617 femi—

2007 2664 2244 2718 namque
2273 2658 2491 2714 vocant,
2523 2649 2617 2719 qui
2655 2651 2837 2705 omnia
2861 2652 3179 2722 complexus
3209 2654 3354 2707 nulla
3378 2668 3437 2707 re
3473 2654 3592 2723 ipse

2004 2739 2508 2809 cmuprelienditur.
2546 2739 2703 2795 Tunc
2744 2758 2865 2812 quae
2921 2743 2974 2797 in
3023 2744 3114 2798 illo
3174 2745 3351 2799 iuerat
3387 2744 3540 2801 Mens
3573 2763 3587 2800 :

2006 2833 2103 2892 (ita
2165 2833 2308 2886 enim
2347 2832 2566 2901 quidam
2607 2836 2904 2904 appellant,
2956 2836 3045 2889 alii
3086 2838 3309 2907 proprio
3372 2841 3594 2894 nomine

2004 2924 2264 2982 Gratiam.
2303 2926 2448 2995 quod
2485 2924 2880 2992 Magnitudinis
2912 2928 3228 2993 thesauros,
3274 2930 3329 2983 in
3369 2945 3464 2986 eos
3493 2930 3589 3000 qui

2004 3029 2070 3067 ex
2112 3012 2482 3082 Magnitudine
2514 3022 2669 3069 erant
2734 3015 3128 3086 insumpserit;
3154 3018 3249 3072 sed
3290 3019 3486 3074 melius
3520 3020 3592 3073 ab

2006 3104 2127 3157 aliis
2156 3105 2443 3158 Silentium
2513 3114 2760 3171 vocatur,
2805 3109 3063 3178 quoniam
3118 3109 3256 3163 citra
3320 3111 3591 3166 sermonis

2009 3212 2165 3251 usum
2201 3196 2384 3250 omnia
2421 3195 2736 3267 Magnitudo
2778 3201 3110 3270 cogitatione
3133 3202 3249 3256 sola
3294 3202 3518 3272 perfecit
3548 3203 3591 3273 :)

2007 3287 2120 3349 sed,
2157 3296 2213 3340 ut
2260 3288 2395 3351 dixi,
2428 3303 2551 3342 cum
2611 3289 2928 3359 incorrupta
2997 3292 3113 3345 luee
3140 3308 3204 3347 ex
3236 3308 3459 3349 menum
3485 3310 3589 3348 nu-

1972 3435 1977 3439 ,
2006 3394 2157 3456 mero
2180 3380 2399 3443 femina,
2435 3381 2670 3437 vinculis
2698 3383 2957 3452 expedire
2997 3398 3118 3438 sese
3153 3385 3336 3452 vellet,
3378 3384 3589 3457 Magni-

2006 3470 2249 3526 tudinem
2283 3474 2527 3530 libidinis
2570 3474 2843 3531 illecebris
2870 3476 2938 3529 ad
2986 3478 3070 3532 sui
3130 3479 3588 3534 consuetudinem

2005 3562 2229 3618 inﬂexit.
2262 3563 2339 3619 Ex
2371 3582 2479 3636 qua
2507 3567 2752 3622 veritatis
2777 3567 2939 3623 Pater
2968 3578 3288 3639 procreatus
3304 3578 3409 3635 est,
3428 3586 3592 3642 quem

2004 3657 2095 3727 qui
2116 3656 2341 3727 perfecti
2374 3669 2498 3715 sunt
2538 3664 2756 3732 proprie
2781 3661 3065 3718 Hominem
3102 3665 3401 3736 appellant,
3436 3666 3587 3737 quod

2000 3750 2123 3819 ejus
2159 3752 2250 3822 qui
2278 3754 2428 3822 prior
2453 3760 2558 3820 est,
2602 3770 2704 3809 nec
2730 3755 2802 3809 ab
2824 3755 2936 3809 ullo
2957 3758 3293 3827 estgenitus,
3334 3757 3594 3813 similitu-

2002 3844 2185 3898 dinem
2217 3845 2438 3900 referat.
2480 3845 2685 3902 Deinde
2722 3847 2851 3919 Sige
2878 3850 3184 3904 naturalem
3212 3850 3438 3905 luminis
3467 3852 3591 3905 uui-

2003 3945 2166 3989 tatem
2218 3953 2340 3990 eum
2398 3936 2631 3993 llomine
2678 3942 2990 4009 producens
3049 3942 3266 4011 (borum
3297 3957 3428 3998 vero
3458 3959 3592 3999 eon-

1999 4026 2211 4096 juuctio
2269 4029 2551 4084 voluntate
2618 4032 2735 4086 sola
2805 4031 3044 4102 perfecta
3127 4036 3234 4102 est)
3293 4034 3592 4091 Veritatem

2008 4120 2199 4173 edidit.
2234 4119 2366 4185 Quae
2400 4137 2470 4187 eo
2501 4123 2724 4177 nomine
2757 4125 2952 4179 merito
2997 4141 3026 4177 a
3069 4125 3325 4194 perfectis
3388 4126 3589 4183 donata

2007 4214 2103 4269 est
2136 4209 2279 4276 quod
2320 4211 2482 4264 matri
2509 4227 2624 4266 suae
2657 4212 2783 4281 Sige
2829 4214 3010 4283 reipsa
3046 4216 3244 4271 similis
3269 4225 3435 4278 esset,
3469 4233 3595 4285 qua}

2006 4314 2070 4353 ex
2113 4298 2477 4357 divisionibus
2518 4303 2807 4364 luminum,
2860 4313 2969 4358 tam
3023 4307 3195 4363 maris
3233 4322 3397 4377 quam
3432 4307 3590 4362 femi—

2007 4404 2110 4450 naa,
2144 4388 2378 4459 idipsum
2410 4392 2623 4461 aqualis
2677 4408 2801 4447 esse
2854 4394 3123 4457 voluerat,
3157 4402 3218 4450 ut
3248 4395 3302 4449 in
3330 4394 3593 4450 sensibus

2004 4481 2253 4551 exposita
2286 4482 2492 4536 lumina
2516 4481 2788 4553 dispersa,
2821 4499 2919 4554 per
2967 4484 3057 4539 illa
3084 4485 3224 4555 ipsa,
3256 4492 3311 4540 et
3349 4485 3403 4541 in
3429 4485 3593 4556 ipsis,

1479 4632 1500 4662 ’
1528 4630 1590 4685 V.
1628 4630 2003 4704 βουληθείσης.

385 4786 497 4857 (63)
543 4786 687 4841 Τάδε
709 4774 887 4855 παρὰ
912 4786 1242 4859 φρονίμοις.
1268 4783 1513 4859 Obscura
1545 4788 1893 4859 etintricata

2007 4788 2256 4859 genuisse
2284 4787 2568 4851 Veritatis,
2613 4795 2728 4859 tum
2761 4803 2896 4843 vero
2922 4802 3048 4842 cum
3089 4788 3283 4859 eodem
3310 4788 3405 4859 illo
3428 4803 3591 4858 quem

309 4860 591 4912 Valentini
623 4861 739 4912 haec
765 4865 848 4913 est
871 4860 1067 4911 oratio.
1096 4857 1286 4911 Priora
1315 4858 1536 4925 quidem
1572 4857 1661 4911 illa
1694 4859 1893 4912 inscri-

307 4930 518 5000 ptionis
560 4928 845 4983 formulam
895 4927 1518 5000 praefer-unumneruin
1566 4928 1671 4983 hoc
1714 4929 1890 4997 ipsum

310 4995 681 5069 li-agmentum
733 4995 917 5069 neque,
959 5013 989 5050 a
1032 4995 1322 5069 Valentino
1362 4998 1627 5068 scriptum
1656 5038 1671 5062 ,
1716 4995 1895 5068 neque

306 5067 517 5141 purum;
540 5086 603 5141 ac
624 5067 833 5141 putum
851 5068 995 5122 illius
1017 5067 1223 5141 dogma
1251 5067 1663 5141 complectitur;
1698 5067 1895 5141 sedat)

307 5137 436 5210 ejus
468 5138 756 5208 discipulis
797 5138 1222 5209 interpolatum,
1267 5145 1329 5192 ut
1362 5154 1428 5193 ex
1458 5137 1690 5194 Tertull.
1739 5140 1896 5194 colli-

330 5215 485 5265 titur.

310 5229 498 5353 ἓηίιθῖι
533 5280 682 5353 Oete
710 5278 820 5353 γὰρ
844 5278 1058 5353 Δᾀρχῆς
1082 5282 1115 5333 ό
1157 5278 1537 5348 Αὐτοπὰτωρ.
1578 5278 1893 5350 Legendum

312 5348 575 5409 arbitror,
597 5351 685 5421 ὅτε
708 5348 817 5420 γὰρ
841 5348 900 5415 ἐξ
920 5351 1113 5421 ἀρχῆς.

388 5422 500 5492 (65)
536 5421 596 5473 Ἠ
622 5417 1353 5492 ἄφθαρτος-ζιωνίαε-ιιεεο
1382 5417 1516 5473 αἰών
1548 5433 1647 5487 pro
1673 5419 1887 5492 αἰωνία.

310 5489 562 5546 Νιίιιιθι
605 5491 845 5543 είίιιιιιιιυε
906 5489 1110 5545 [Ευηεε
1162 5489 1481 5545 Valentinus
1548 5490 1886 5543 nominabat.

2002 4856 2264 4927 genuerat
2293 4860 2603 4927 copulatam
2633 4899 2647 4921 ,
2688 4856 2983 4913 Veritatem
3018 4858 3279 4915 edidisse.
3309 4856 3463 4924 Quod
3495 4859 3596 4912 ali—

2001 4936 2086 4999 ter
2114 4930 2256 4998 apud
2285 4928 2427 4983 lren.
2467 4939 2522 4984 et
2548 4929 2780 4999 Tertull.
2812 4929 3047 4999 legitur;
3075 4945 3203 4983 nam
3229 4944 3296 4999 ex
3331 4929 3592 4999 Bytboet

2004 4998 2131 5068 Sige
2153 4996 2363 5054 'ambos
2400 5000 2523 5053 illos
2551 4996 2781 5065 Eonas,
2810 4996 3051 5066 Patrem,
3085 5000 3202 5054 sive
3231 4996 3390 5062 Nun,
3404 5007 3458 5052 et
3497 4997 3593 5053 Ve-

2002 5070 2222 5124 ritatem
2254 5079 2540 5139 susceptos
2568 5080 2843 5125 asserunt.

2076 5140 2187 5211 (67)
2250 5138 2561 5211 Μητρὶκὴν
2611 5138 3117 5211 προενεγκαμένη
3165 5138 3587 5211 Προυνεικιαν.

2004 5208 2516 5281 ἘοιοιοΠρουνικίαν
2550 5225 2647 5279 pro
2678 5208 2920 5266 libidinis
2947 5208 3222 5281 illecebris
3248 5209 3507 5281 sumpsit,
3536 5222 3589 5263 ut

2005 5279 2252 5353 μητρικῆ
2275 5281 2381 5333 ἀπὸ
2405 5281 2507 5350 τῆς
2526 5282 2760 5353 μήτρας,
2791 5281 3084 5353 deductum
3120 5280 3211 5334 sit.
3240 5279 3507 5353 Oi'igenrs
3537 5282 3589 5353 in

1997 5350 2246 5412 (labent,
2272 5362 2405 5404 tom.
2435 5368 2485 5405 γι
2522 5367 2535 5401 :
2590 5350 2896 5421 Προυνικὴν
2933 5350 2992 5421 δέ
3032 5366 3153 5421 τινα
3181 5350 3376 5419 σοφίαν
3407 5353 3457 5404 οἱ
3484 5351 3592 5403 ἀπὸ

1998 5422 2352 5475 Οὐαλεντίνου
2403 5419 2763 5492 ὀνομάζουσι,
2810 5419 2957 5492 κατά
3007 5419 3107 5491 τὴν
3135 5421 3592 5492 Δξτιτεπλανημένςν

1997 5492 2205 5571 {cauth
2233 5492 2422 5562 σοφίαν
2440 5510 2452 5523 ·
2484 5487 2552 5567 ἦς
2583 5491 2864 5571 σύμϐολον·
2885 5487 3025 5571 εξναι
3055 5487 3339 5561 βούλονται
3493 5487 3591 5542 ἱμώ-

311 5557 1047 5650 Txrtull.ucon.tra'Vqleut.
1102 5562 1341 5650 02p.'f.l:
1394 5558 1707 5640 Novissima
1757 5572 1889 5650 nam

2007 5561 2127 5643 Ξεκα
2155 5557 2331 5650 έτεσιν
2374 5557 2937 5650 αἱμορροοῦσαν,“βιξίι
2976 5557 3482 5650 unarmquanida'm
3525 5574 3589 5612 ac

311 5631 463 5690 Δίου
483 5648 501 5685 :
535 5631 716 5685 viderit
745 5629 1088 5690 soloecismus,
1121 5629 1319 5699 Sdphia
1351 5632 1490 5683 enim
1508 5645 1693 5682 nomen
1714 5639 1812 5682 est.

390 5706 500 5771 (uti)
540 5704 697 5755 Μετὰ
731 5700 905 5753 τοῦτο
948 5699 1016 5754 δὲ
1053 5700 1091 5769 ή
1133 5700 1301 5771 Σιγὴ.
1345 5699 1619 5771 Quantum
1657 5699 1712 5752 in
1746 5710 1888 5771 tene-

312 5770 554 5826 ln'i’eosis
603 5771 1003 5842 implicatisque
1041 5770 1240 5842 fabulis
1280 5770 1486 5842 dispici
1517 5777 1729 5838 potest,
1782 5770 1886 5822 lioe

310 5846 497 5913 ipsum
541 5838 846 5914 signiﬁcare
888 5838 1119 5906 videtur,
1170 5838 1336 5912 Sigen
1375 5838 1410 5897 ε
1454 5838 1626 5911 Bytlio
1672 5847 1884 5911 patrem

1994 5632 2327 5704 singularem
2376 5630 2673 5705 Προῦνικον
2722 5648 2751 5685 a
2806 5630 3221 5687 Valentinianis
3257 5631 3586 5702 appellatam

1991 5702 2105 5776 "ml
2134 5716 2283 5774 Ρυίον
2310 5702 2437 5757 cum
2469 5702 2805 5776 ιίρουνίκους
2838 5719 3020 5759 mones
3071 5719 3264 5758 omnes
3311 5715 3590 5770 unumqui-

1991 5774 2148 5838 vcrit,
2184 5776 2286 5830 hoc
2316 5774 2534 5845 quidem
2566 5777 2620 5830 in
2652 5775 2810 5829 libro.
