3982 6426
501 425 607 483 685

2006 421 2347 477 EPIPIIANII

3632 424 3723 484 $86

502 539 570 592 iis
613 539 704 608 qui
737 553 799 592 ex
855 538 973 607 ipso
1008 546 1059 590 et
1113 537 1166 590 in
1210 551 1328 605 ipso
1372 549 1518 595 sunt,
1550 548 1670 588 sese
1725 532 2071 603 patefaceret.

2179 535 2342 605 θηλυν
2374 535 2660 588 ἀντίτυπιν
2690 535 2787 605 τῆς
2818 535 3122 607 προσούσης
3158 538 3172 566 ι
3201 537 3240 587 Τ
3246 536 3484 607 ετράδος,
3527 538 3637 607 ἥτις
3665 534 3725 612 ἦν

500 629 696 684 Postea
755 627 1010 682 Veritatis
1060 639 1361 681 maternam
1424 625 1730 695 pruniciatn
1785 624 2073 695 proferens

499 731 779 792 parentem
840 735 999 774 suum
1049 720 1116 773 ad
1160 717 1321 789 169
1363 717 1448 771 sui
1511 732 1751 771 amorem
1786 719 2070 787 pertraxit.

499 809 678 879 Quare
706 809 867 865 ambo
924 810 1241 877 incorrupta
1294 808 1668 877 copulatione,
1697 821 1761 861 ac
1790 821 2069 875 uunquau.
2098 792 2139 828 ⁸

499 914 815 960 senescente
848 902 1237 971 conjunctione
1272 902 1549 957 commisti
1596 911 1751 956 sunt.
1783 899 1937 955 Unde
1962 900 2076 967 Spi-

501 999 676 1051 ritalis
721 995 952 1049 marium
1015 1009 1078 1048 ac
1123 993 1446 1048 feminarum
1528 993 1791 1063 quadriga
1851 994 2072 1063 prodiit,

501 1088 699 1158 prioris
748 1088 975 1141 alterius
1032 1086 1262 1149 similis,
1313 1102 1435 1156 quae
1494 1087 1561 1141 iis
1590 1094 1844 1155 quatuor,
1881 1085 2071 1155 Byllio,

500 1177 643 1247 Sige,
674 1176 854 1239 Patre,
897 1192 959 1229 ac
987 1174 1229 1230 Veritate
1272 1176 1585 1230 consmbat.
1625 1174 1907 1229 Posterior
1944 1192 2075 1230 vero

498 1271 587 1323 illa
640 1285 708 1324 ea
752 1268 912 1325 Patre
966 1284 1030 1323 ac
1088 1269 1214 1339 Sige
1259 1268 1522 1339 producta
1563 1267 1675 1320 luce
1720 1276 1835 1320 est:
1879 1267 2072 1331 llomo,

499 1359 779 1426 Ecclesia,
827 1359 1065 1424 Sermo,
1122 1359 1268 1413 Vita.
1333 1358 1489 1413 Tunc
1551 1359 2075 1429 comprehendentis

494 1453 679 1505 omnia
712 1452 868 1524 Bythi
896 1454 1177 1506 voluntate
1207 1451 1378 1504 Homo
1429 1459 1592 1518 atque
1632 1450 1875 1504 Ecclesia
1895 1463 2074 1521 pater-

496 1558 693 1597 norum
724 1559 1040 1598 sermonum
1100 1558 1370 1597 memores
1416 1542 1760 1612 invicemque
1790 1543 2075 1613 congressi

495 1635 859 1690 Prunicorum
908 1636 1146 1693 marium
1209 1648 1273 1688 ac
1346 1633 1668 1689 feminarum
1732 1633 2071 1691 Dodeeadem

494 1731 898 1795 procrearunt:
935 1740 1115 1781 mares
1165 1725 1418 1780 videlicet
1496 1724 1655 1782 istos,
1711 1722 2071 1789 Paracletutn,

494 1816 828 1879 Paternum,
897 1817 1223 1881 Maternum,
1276 1816 1496 1876 Ainum,
1561 1812 1868 1891 Tlieletum,
1930 1816 2074 1885 quod

2178 628 2381 691 Βυθὸς,
2428 628 2587 699 Σιγὴ,
2622 628 2841 698 Πατὴρ,
2873 627 3144 698 Ἀλήθεια.
3193 627 3339 697 Αὕτη
3382 627 3505 700 au;
3550 630 3610 682 ἐκ
3642 629 3769 684 τοῦ·

2178 721 2388 790 Πατρος
2427 722 2520 774 καὶ
2551 721 2650 790 τῆς
2690 721 2854 791 Σιγῆς
2899 719 3128 793 Τετρὰς,
3159 719 3495 791 Ἀνθρωπος,
3523 719 3731 792 Ἐκκλη-

2184 812 2284 875 σία,
2323 813 2511 881 Λόγος,
2549 814 2691 884 Ζωὴ.
2721 813 2852 865 Τότε
2880 812 2974 865 τοῦ
3012 813 3189 866 πάντα
3214 812 3555 884 περιέχοντος
3574 811 3731 868 Βυθοῦ

2176 904 2438 974 θελήματι
2482 908 2510 959 ὁ
2549 904 2865 977 Ἀνθρωπος
2909 905 3003 958 καὶ
3049 907 3082 976 ἡ
3130 903 3425 974 Ἐκκλησία
3471 902 3731 976 πατρικῶν

2180 998 2508 1068 μνησθέντες
2536 997 2709 1066 λόγων
2737 997 3002 1068 συνῄεσαν
3025 998 3255 1059 ἑαυτοῖς,
3284 997 3381 1050 καὶ
3410 995 3731 1051 ἀναδεικνῦσι

2176 1072 2458 1144 meamea
2503 1089 2845 1161 Προυνείκων
2884 1088 3263 1160 ἁρῤενὸθηλυν.
3298 1089 3363 1142 Οἱ
3408 1083 3500 1142 οὖν
3527 1087 3733 1160 ᾶρῤενές

2178 1182 2282 1231 εἰσι
2334 1178 2719 1250 Παράκλητος,
2769 1178 3081 1248 Πατρικδς,
3128 1176 3438 1250 Μητρικὸς,
3485 1176 3731 1245 Ἀείνους,

2175 1270 2429 1342 Θελητὸς,
2466 1271 2494 1323 ὃ
2523 1272 2639 1323 ἐστι
2663 1270 2801 1335 Φῶς,
2833 1268 3337 1340 Ἐκκλησιαστικός.
3371 1268 3438 1321 Δί
3464 1268 3520 1322 δὲ
3544 1267 3733 1340 θήλειαι

2177 1365 2367 1427 Πίστις
2387 1404 2400 1427 ,
2430 1363 2618 1422 Ἐλπὶς
2637 1406 2651 1428 ,
2683 1363 2895 1434 Ἀγάπη
2918 1405 2931 1426 ,
2971 1362 3224 1425 Σύνεσις,
3261 1359 3532 1433 Μακαρία,
3561 1362 3733 1431 Σοφία.

2181 1456 2471 1524 μετέπειτα
2502 1455 2560 1508 δὲ
2611 1455 2780 1523 Λόγος
2826 1455 2920 1507 καὶ
2966 1455 3110 1523 Ζωή.
3166 1454 3274 1506 Καὶ
3322 1453 3494 1516 αὐτοὶ,
3547 1451 3606 1505 τὸ
3647 1452 3735 1521 τῆς

2176 1547 2434 1610 αἰνέσεως
2477 1546 2889 1610 ἀναπλάσαντες
2933 1545 3197 1616 δώρημα,
3229 1545 3444 1607 ἑαυτοῖς
3463 1541 3735 1613 ἐκοινώνη-

2177 1654 2296 1691 σαν.
2323 1634 2431 1691 Ἶίν
2469 1638 2524 1691 δὲ
2557 1641 2590 1710 ή
2628 1638 2882 1691 κοινωνία
2924 1637 3101 1689 αὐτῶν
3142 1637 3203 1689 τὸ
3231 1634 3463 1706 θέλημα.
3499 1634 3600 1686 Καὶ
3629 1649 3736 1685 συν-

2175 1725 2419 1790 ελθόντες
2451 1726 2787 1792 ἁνεδείξαντο
2812 1725 3023 1778 Δεχάδα
3063 1725 3431 1795 Προυνείκων,
3458 1722 3551 1777 καὶ
3576 1722 3733 1776 αὐτῶν

2176 1817 2624 1889 ἀῤῥενοθηλειῶν.
2682 1811 2782 1869 Ὧν
2831 1819 2880 1869 οἱ
2931 1818 3031 1886 μὲν
3079 1816 3310 1887 spesve;
3367 1816 3476 1868 εἰσι
3529 1813 3731 1877 Βὺθιος.

494 1909 638 1965 idem
674 1918 758 1964 est
800 1923 864 1963 ac
899 1908 1126 1972 Lumen,
1157 1907 1637 1968 Ecclesiasticum;
1667 1905 1894 1960 feminas
1926 1921 2071 1974 vero,

2179 1910 2509 1981 Ἀγήρατος,
2562 1910 2879 1979 Αὐτοφυὴς,
2910 1909 3243 1979 Μονογενὴς,
3269 1900 3733 1978 Ἀκίνητος..υῦτοι

493 1999 708 2065 Fidem,
730 2001 914 2072 Spem,
946 2000 1305 2059 Charitatem,
1331 1999 1770 2068 Intelligentiam,
1803 1996 2073 2052 Fortuna-

491 2098 627 2157 tam,
661 2091 1017 2163 Sapientiam.
1053 2091 1257 2147 Deinde
1290 2088 1484 2145 Sermo
1514 2104 1579 2143 ac
1612 2087 1731 2143 Vita
1758 2091 1924 2144 etiam
1965 2091 2069 2161 ipsi

492 2185 672 2240 laudis
699 2200 898 2239 munus
919 2183 1258 2253 eningentes,
1285 2198 1473 2238 secum
1498 2181 1730 2237 invicem
1765 2184 2071 2238 consociati

492 2287 642 2332 sunt.
663 2275 795 2343 Quae
816 2277 1036 2347 quidem
1054 2277 1394 2331 consociatio
1416 2276 1696 2330 voluntate
1713 2275 1829 2329 sola
1850 2283 2071 2346 peracta

2176 2002 2277 2072 τὴν
2304 2002 2688 2073 προσωνυμίαν
2721 2001 2819 2072 τὴν
2849 2004 2869 2033 ²
2897 1999 3056 2067 δόξαν
3083 2000 3179 2053 τοῦ
3211 2000 3393 2053 πάντα
3421 1999 3733 2071 περιέχοντος

2181 2097 2523 2164 ἐποιήσαντο.
2563 2096 2626 2146 Αἱ
2659 2094 2716 2147 δὲ
2754 2094 2985 2164 θήλειαι,
3016 2091 3199 2157 Μίξις,
3226 2092 3481 2154 Ἕνωσις,
3513 2090 3734 2161 Σύγκρα-

2184 2203 2288 2249 σις,
2327 2186 2580 2256 Ἐνότης,
2630 2185 2843 2256 Ἡδονή²
2871 2185 2965 2238 καὶ
3012 2179 3170 2238 αὗται
3224 2183 3324 2253 τὴν
3378 2180 3733 2253 προσωνυμίαν

2180 2279 2261 2339 είς
2296 2277 2453 2344 δόξαν
2481 2277 2581 2347 τῆς
2606 2278 2771 2346 Σιγῆς
2806 2277 3283 2348 περιεποιήσαντο.

491 2380 590 2425 est.
615 2368 757 2438 Ergo
788 2368 931 2422 inter
956 2382 1078 2421 sese
1108 2367 1385 2421 commisti
1412 2363 1773 2420 Prunicorum
1805 2366 2068 2420 decadem
2108 2383 2171 2421 ex
2231 2369 2474 2423 maribus
2501 2382 2748 2437 perzeque
2786 2383 2849 2422 ac
2884 2367 3104 2422 feminis
3149 2375 3496 2422 constantem
3558 2381 3733 2436 genue-

492 2473 641 2520 runt.
697 2463 871 2533 Cujus
930 2463 982 2515 Ιιὶ
1034 2468 1163 2516 sunt
1218 2475 1437 2516 mares:
1474 2460 1725 2531 Bytltius,
1784 2462 2075 2531 Ageratus,
2115 2462 2754 2534 Autophyes,Unigena,
2806 2458 3218 2516 lmmohililei
3300 2463 3368 2516 ad
3434 2460 3733 2515 cautim-nti!

492 2557 674 2613 omnia
709 2554 1123 2609 contestandam
1157 2553 1386 2623 gloriam
1440 2553 1660 2606 sibimet
1714 2552 1835 2622 ejus
1892 2554 2311 2623 appellationem
2341 2555 2677 2610 indiderunt.
2711 2554 2951 2610 Feminae
2979 2569 3107 2609 vero
3134 2562 3294 2609 sunt:
3331 2555 3542 2616 Mistio,
3593 2553 3730 2613 Uuio,

493 2647 860 2718 Temperatio,
891 2645 1110 2713 Unitas,
1144 2644 1434 2716 Voluptas.
1494 2644 1632 2711 Quae
1691 2660 1883 2700 omnes
1940 2646 2007 2700 ad
2060 2646 2325 2701 honorem
2392 2648 2546 2720 Siges
2606 2650 2934 2719 pertinentia
2981 2648 3248 2704 vocabula
3297 2650 3537 2704 similiter
3596 2663 3732 2700 usur-

494 2753 560 2813 pa
570 2751 716 2796 runt.

570 2835 654 2891 Vl.
691 2836 829 2890 Cum
854 2836 1020 2906 igitur
1051 2836 1336 2891 absolutus
1367 2836 1471 2890 hoc
1504 2836 1667 2891 modo
1702 2835 1961 2890 Veritatis
1991 2848 2076 2905 pa-

2255 2836 2344 2900 ς’.
2377 2832 2813 2903 Τετελειωμένης
2835 2826 2928 2885 οὖν
2957 2832 3055 2901 τῆς
3078 2833 3218 2885 κατά
3245 2833 3463 2904 Πατέρα
3485 2831 3733 2903 Ἀληθείας

496 2929 669 2984 rentis
731 2927 1086 2984 Tricenarius
1132 2928 1308 2994 foret,
1360 2944 1519 2999 quem
1587 2928 1789 2982 terreni
1835 2927 2076 2981 homines

2185 2924 2503 2996 Τριακάδος,
2542 2927 2607 2995 ἢν
2635 2926 2683 2977 οἱ
2709 2924 2938 2993 ἐπίγειοι
2967 2924 3039 2994 μὴ
3065 2924 3421 2994 ἐπιστάμενοι
3455 2923 3732 2995 ἀριθμοῦσι,

496 3022 812 3091 ignorantes
855 3027 1187 3084 numerant,
1229 3028 1283 3076 et
1317 3036 1440 3075 cum
1493 3019 1559 3075 ad
1605 3020 1784 3090 ipsum
1820 3032 2076 3089 pervene-

2186 3017 2280 3068 καὶ
2322 3016 2522 3068 ὁπόταν
2558 3015 2785 3067 ἔλθωσιν
2819 3015 2906 3067 ἐπ’
2935 3015 3133 3084 αὐτὴν,
3173 3016 3374 3085 μηκέτι
3411 3014 3629 3085 ἀριθμὸν
3662 3012 3735 3065 εὑ-

494 3113 629 3175 rint,
660 3112 812 3165 nullo
844 3112 1080 3181 amplius
1109 3119 1329 3182 reperto
1368 3127 1619 3176 numero,
1661 3111 1856 3166 iterato
1881 3110 1934 3165 in
1963 3124 2076 3165 sese

2191 3106 2502 3178 ρίσκοντες,
2550 3105 2914 3158 ἁνακυκλοῦσι
2962 3106 3123 3158 πάλιν
3162 3105 3523 3177 ἀριθμοῦντες
3569 3106 3730 3173 αὑτήν.

497 3212 771 3259 retexunt.
816 3203 1096 3272 Ejusmodi
1131 3212 1312 3259 autem
1358 3205 1450 3259 ille
1484 3213 1604 3259 est:
1637 3203 1879 3275 Bythus,
1922 3199 2083 3271 Sige,

495 3294 677 3360 Pater,
719 3295 958 3363 Veritas,
1006 3296 1199 3354 Homo.
1241 3296 1511 3360 Ecclesia,
1543 3295 1756 3358 Sermo,
1792 3294 1934 3359 Vita,
1979 3293 2085 3347 Pa-

496 3396 709 3447 ternus,
739 3387 1043 3450 Maternus,
1077 3385 1415 3453 Paracletus,
1457 3386 1652 3453 Ainus,
1674 3384 1954 3448 Theletus,
1993 3384 2087 3440 Ec-

496 3478 877 3542 clesiasticus,
910 3476 1072 3533 Fides
1093 3517 1107 3541 ,
1141 3477 1312 3548 Spes,
1349 3477 1606 3532 Charitas
1628 3515 1644 3540 ,
1687 3475 2081 3547 Intelligentia,

493 3570 841 3634 Fortunata,
895 3569 1207 3640 Sapientia,
1254 3568 1503 3640 Bytltius,
1558 3568 1855 3639 Ageratus,
1920 3569 2085 3625 Auto-

500 3662 688 3733 phycs,
727 3659 993 3732 Unigeua,
1025 3660 1352 3723 lmmobilis,
1392 3647 1893 3729 Mistio,'Cognitio,
1924 3660 2084 3715 Tem-

498 3754 727 3824 peratio,
756 3751 971 3815 Unitas,
1008 3750 1293 3821 Voluptas.
1316 3750 1452 3805 Tum
1475 3753 1566 3822 qui
1591 3752 1845 3807 universa
1870 3765 2080 3807 summa

496 3862 596 3901 sua
619 3846 886 3916 sapientia
921 3846 1161 3899 continet
1193 3843 1504 3914 Ogdoadem
1535 3846 1759 3899 alteram
1790 3845 1911 3899 loco
1938 3845 2084 3914 prio-

499 3937 575 3990 ris
606 3936 753 3989 illius
797 3950 860 3988 ac
903 3935 1175 4004 primaria:
1225 3933 1603 4004 appellandam
1641 3949 1764 3989 esse
1799 3940 2079 3995 statuens,

495 4041 619 4097 qua!
649 4026 701 4078 in
737 4024 1057 4080 Tricenario
1102 4033 1385 4094 permanet
1424 4028 1623 4094 (neque
1667 4026 1810 4078 enim
1837 4025 2082 4093 ingentes

495 4114 893 4187 Magnitudinis
926 4115 1154 4184 spiritus
1185 4114 1426 4170 coerceri
1460 4116 1572 4167 ullo
1599 4128 1659 4169 se
1682 4130 1910 4169 numero
1934 4114 2082 4169 sine—

496 4210 671 4276 bant),
707 4223 805 4278 pro
833 4208 1079 4262 maribus
1117 4222 1296 4262 mares
1325 4207 1463 4261 alios
1506 4206 1820 4272 substituit,
1866 4205 2079 4269 Unum,

496 4302 760 4367 Tertium,
790 4299 1079 4366 Quintum,
1098 4299 1436 4369 Septimum:
1465 4300 1802 4369 totidemque
1827 4298 2077 4361 feminas,

496 4391 811 4455 Binat’ium,
883 4390 1250 4455 Ternarium,
1312 4390 1643 4450 Senarium,
1699 4390 2074 4445 Octonarium.

494 4571 581 4625 dis
609 4587 805 4625 nomen
836 4571 902 4624 ad
946 4585 1068 4625 sese
1094 4572 1412 4625 transtulit:
1446 4571 1625 4642 Bytlti,
1654 4570 1856 4636 Patris,
1887 4570 2073 4624 Homi-

495 4665 603 4725 nis,
647 4661 950 4725 Sermonis,
1003 4661 1188 4731 Siges,
1241 4661 1528 4728 Veritatis,
1580 4663 1870 4727 Ecclesia,
1918 4661 2071 4717 Vitae.

492 4754 627 4823 Qua:
660 4754 876 4824 quidem
919 4754 1212 4823 conjuncta
1243 4752 1564 4810 Luminibus
1596 4766 1712 4818 est,
1762 4764 1815 4810 et
1848 4756 2070 4810 absolu-

494 4863 583 4906 tus
611 4850 967 4905 Tricenarius
1005 4849 1201 4916 evasit,
1251 4863 1315 4902 ac
1354 4849 1502 4917 prior
1543 4846 1873 4901 Octonarius
1917 4848 2072 4916 quieo

491 4961 674 5010 scens,
696 4960 820 4999 cum
844 4952 900 5000 et
931 4943 1134 5014 Bytlius
1161 4958 1255 5013 per
1279 4941 1664 5013 Magnitudinis
1695 4939 2069 4996 fulcimentum

486 5040 640 5101 exiit,
680 5046 742 5092 ut
784 5053 907 5092 cum
938 5035 1257 5091 Tricenario
1285 5051 1406 5089 sese
1428 5035 1730 5104 copularet.
1763 5032 1899 5088 Vere
1927 5035 2073 5088 enim

486 5139 541 5183 et
563 5128 824 5184 Veritatis
855 5127 1019 5183 Pater
1065 5142 1192 5181 cum
1233 5126 1477 5181 Ecclesia
1505 5141 1838 5197 congressus
1867 5134 1986 5189 est,
2015 5138 2069 5181 et

489 5218 771 5275 Maternus
798 5216 977 5273 Vitam
1024 5218 1256 5273 sortitus
1297 5227 1415 5279 est,
1449 5224 1503 5271 et
1529 5215 1844 5271 Paracletus
1877 5215 2060 5270 Unita-

487 5317 618 5373 tetu,
656 5319 713 5365 et
754 5310 950 5365 [initas
980 5325 1103 5364 cum
1127 5309 1384 5363 Veritatis
1412 5306 1643 5362 Parente
1672 5307 1922 5378 copulata
1962 5316 2066 5370 est,

483 5408 541 5455 et
577 5416 701 5454 cum
733 5398 859 5470 Sige
895 5400 1156 5457 Veritatis
1193 5400 1281 5456 ille
1312 5399 1516 5455 Parens
1548 5399 1669 5454 fuit.
1700 5401 1770 5453 At
1797 5399 2063 5469 spiritalis

569 5576 585 5606 ¹
616 5573 678 5631 F.
711 5573 1006 5648 προούσης.
1079 5581 1101 5611 ι
1138 5576 1199 5632 F.
1235 5579 1317 5643 εἰς
1345 5579 1467 5649 τήν.
1543 5578 1566 5608 ³
1590 5576 1718 5632 Cor.
1753 5575 2081 5647 Μονογενὴς.

552 5745 662 5815 (68)
690 5748 856 5819 Ἡτις
891 5747 1088 5819 ἡνώθη
1116 5750 1241 5817 τοῖς
1274 5746 1456 5808 Φωσί.

488 5825 613 5869 sunt
646 5815 970 5885 admodum,
1002 5830 1056 5877 et
1075 5815 1345 5877 ‘obsc'ura.

2193 3199 2349 3250 Ἐστι
2373 3197 2428 3250 δὲ
2459 3197 2647 3260 Βυθδς,
2679 3196 2833 3267 Σιγὴ,
2877 3198 3085 3267 Πατὴρ,
3113 3196 3391 3268 Ἀλήθεια,
3427 3197 3730 3268 Ἀνθρωπος.

2188 3289 2502 3359 Ἐκκλησία,
2529 3289 2721 3358 Λόγος,
2754 3288 2896 3359 Ζωὴ,
2930 3288 3223 3359 Πατρικὺς,
3249 3289 3550 3360 Μητρικὸς,
3577 3287 3735 3357 Παρὼ-

2188 3383 2405 3453 κλητος,
2432 3382 2689 3446 Ἀείνους,
2720 3380 2973 3452 Θελητὸς,
3007 3379 3518 3452 Ἐκκλησιαστικὺς,
3551 3379 3730 3442 Πίστις,

2188 3473 2397 3538 Ἐλπὶς,
2433 3474 2669 3544 Ἀγάπη,
2711 3471 2957 3536 mem.
2999 3473 3297 3543 Μακαρία,
3335 3472 3520 3541 Σοφίαν
3548 3469 3729 3530 Βύθιοςν

2187 3564 2509 3636 Ἀγήρατος,
2542 3564 2845 3633 Αὑτοφυὴς,
2876 3562 3159 3632 Ὀλογενὴς
3180 3562 3223 3626 ³,
3253 3562 3550 3631 Ἀκίνητος,
3573 3558 3729 3624 Μίξις,

2187 3652 2412 3715 Γνῶσις,
2457 3651 2785 3721 Σύγκρασις,
2828 3650 3068 3721 Ἐνότης,
3117 3650 3332 3722 Ἡδονή.
3368 3651 3498 3705 Τότε
3532 3649 3732 3702 ὁπάντα

2184 3745 2456 3816 περιέχων
2500 3745 2714 3797 συνέσει
2761 3746 2826 3815 τῇ
2873 3744 3288 3815 ἀνυπερϐλήτῳ,
3335 3743 3649 3815 δογματίσας
3682 3756 3731 3791 τε

2185 3835 2452 3906 κληθῆναι
2482 3836 2675 3907 ὲτὲραν
2704 3834 2968 3904 Ὀγδοάδα
3001 3837 3121 3889 ἀντὶ
3145 3836 3245 3905 τῆς
3276 3835 3546 3908 προθύσης
3568 3833 3729 3888 adflav-

2182 3930 2340 3998 τικῆς
2368 3929 2671 3998 Ὄγδοάδος.
2701 3929 2822 3999 ἥτις
2862 3930 2921 3980 ἐν
2961 3928 3039 3999 τῷ
3088 3927 3310 4000 ἀριθμῷ
3347 3930 3445 4000 τῆς
3468 3924 3730 3996 Τριακάδας

2187 4021 2337 4092 μένει
2386 4023 2487 4100 (οὐ⁸
2518 4021 2628 4095 γὰρ
2671 4017 2739 4093 ἦν
2780 4021 3061 4090 Μεγέθους
3105 4021 3364 4093 φρόνημα
3411 4024 3488 4082 εἰς
3531 4016 3729 4090 ἀριθμὶν

2183 4112 2446 4183 πίπτειν)·
2483 4114 2811 4183 ἀντέστησεν
2858 4113 2979 4165 ἀντὶ
3022 4112 3130 4165 τῶν
3178 4113 3424 4185 ἀρσένων
3451 4112 3571 4174 τοὺς
3598 4110 3729 4180 ἄρδε-

2182 4220 2308 4266 νας,
2355 4203 2530 4257 Μόνον
2550 4242 2565 4265 ,
2611 4202 2805 4276 Τρίτον
2824 4244 2839 4268 ,
2882 4204 3140 4273 Πέμπτον
3159 4242 3173 4267 ,
3216 4203 3481 4272 Ἕϐδομον
3498 4221 3512 4232 ι
3538 4199 3624 4253 καὶ
3647 4196 3727 4258 τὰς

2183 4294 2423 4365 θηλείας,
2464 4295 2660 4359 Δυάδα,
2702 4295 2976 4367 Τετράδα,
3024 4295 3250 4361 Ἐξὰδα,
3296 4295 3564 4362 Ὀγδοάδα.
3603 4288 3727 4355 Αὕτη

2182 4383 2274 4440 οὖν
2305 4389 2338 4457 ὴ
2379 4388 2600 4456 Ὀγδοέις
2634 4389 2781 4440 ἐστιν
2809 4390 2841 4459 ὴ
2878 4386 3263 4457 ἀντικληθεῖσα
3290 4389 3411 4440 ἀντὶ
3438 4390 3533 4457 τῆς
3561 4380 3727 4455 πρωύ-

390 4541 398 4548 .
498 4481 659 4552 17o
688 4479 813 4534 llaec
840 4489 923 4534 est
968 4479 1183 4550 Ogdoas
1220 4482 1333 4547 illa,
1370 4497 1490 4545 qua“:
1529 4482 1834 4551 superioris
1862 4480 2076 4551 Ogdoa-

2185 4495 2284 4549 σης
2322 4478 2633 4547 Ὀγόοάδος’
2673 4478 2865 4544 Βυθοῦ,
2909 4479 3143 4548 Πατρὸς,
3189 4477 3528 4549 Ἀνθρώπου,
3558 4473 3724 4540 Λόγου,

2182 4571 2276 4622 καὶ
2302 4569 2488 4638 Σιγῆς,
2515 4569 2820 4640 ’Λληθείας,
2852 4569 3202 4639 Ἐκκλησίας,
3231 4570 3405 4639 Ζωῆς’
3432 4569 3547 4638 ἥτις
3570 4561 3722 4636 ἠνώοη

2179 4666 2291 4727 τοῖς
2318 4665 2464 4716 (Iunci.
2501 4664 2647 4734 (68),
2688 4663 2779 4715 καὶ
2820 4663 3038 4731 ἐγένετο
3081 4660 3324 4732 Τριακάς
3354 4653 3721 4731 ἀπηρτισμένην

2181 4757 2273 4810 καὶ
2307 4759 2340 4828 ἡ
2376 4758 2619 4828 προοῠσα
2665 4756 2889 4824 Ὀγδοὰς
2934 4754 3359 4825 ἀναπαυομένη,
3406 4752 3435 4806 ὃ
3476 4767 3532 4803 τε
3582 4744 3720 4802 Βυθὺς

2178 4846 2367 4917 ἐξῆλθε
2410 4847 2686 4915 Μεγέθους
2730 4846 3063 4916 στηρίγματι
3094 4845 3358 4914 ὲνωθῆναι
3389 4844 3453 4912 τῇ
3493 4832 3722 4910 Τριακάδι

2178 4939 2315 5012 αὑτὴ
2358 4935 2425 5010 ἦν
2452 4940 2493 4991 ⁸.
2529 4940 2607 5011 Τῇ
2640 4938 2749 5009 γὰρ
2794 4936 3023 5011 ἀληθείᾳ
3066 4937 3162 4990 καὶ
3194 4940 3221 4990 ὁ
3250 4936 3435 5006 Πατὴρ
3475 4934 3566 5004 τῆς
3590 4927 3722 5012 Ἀλη-

2174 5011 2324 5095 θείας
2362 5031 2662 5102 συνήρχετο
2695 5034 2762 5102 τῇ
2792 5029 3090 5101 Ἐκκλησία
3109 5070 3123 5089 ,
3156 5029 3252 5081 καὶ
3276 5030 3304 5081 ὁ
3335 5021 3600 5096 Μητρικδς
3627 5011 3720 5085 εἶχε

2169 5124 2270 5194 τὴν
2299 5122 2472 5193 Ζωὴν,
2499 5125 2594 5176 καὶ
2614 5124 2643 5174 ὁ
2667 5123 3027 5194 Παράκλητος
3053 5121 3152 5193 τὴν
3185 5121 3396 5183 Ἐνάδα,
3421 5117 3509 5170 καὶ
3531 5114 3561 5184 ἡ
3586 5107 3715 5167 Ἐνάί

2166 5214 2361 5285 ἡνοῦτο
2393 5214 2470 5285 τῷ
2518 5215 2695 5286 Πατρὶ
2738 5214 2842 5284 τῆς
2865 5213 3187 5285 Ἀληθείας,
3232 5214 3379 5266 καὶὸ
3417 5205 3592 5275 Πατὴρ
3633 5195 3716 5264 τῆς

2167 5305 2446 5376 ,Αληθείας
2473 5303 2541 5379 ἧν
2568 5306 2706 5378 μετά
2730 5307 2828 5376 τῆς
2844 5307 3031 5376 Σιγῆς.
3050 5306 3109 5360 '0
3135 5306 3303 5375 Λόγος
3322 5299 3377 5357 δὲ
3402 5303 3430 5355 ὁ
3457 5305 3714 5379 πνευματι-

2165 5401 2260 5464 κὸς
2272 5401 2546 5454 ἐκοινώνει
2572 5398 2869 5468 Πνεύματι,
2887 5400 2980 5453 καὶ
2999 5398 3261 5468 ἀφθάρτῳ
3279 5393 3560 5464 συγκράσει
3573 5391 3713 5436 ποιων

2161 5578 2182 5607 ⁵
2212 5574 2273 5629 F.
2313 5578 2347 5646 ἡ
2381 5577 2628 5647 Τριακὰς
2667 5575 2809 5648 αὕτη
2831 5571 2921 5647 ἦν,
2948 5574 3042 5631 sed
3072 5575 3187 5629 haec
3219 5576 3487 5636 corrupta.

1497 5751 1639 5819 Quid
1692 5755 1736 5810 si
1773 5753 1934 5808 αἰῶσι
1975 5769 2074 5825 pro
2114 5755 2255 5822 φωτί
2302 5755 2586 5826 legendum
2623 5756 2727 5812 sit?
2768 5753 2882 5811 Sed
2951 5769 3075 5825 qua:
3134 5757 3432 5823 sequuntur
3482 5732 3701 5813 pt‘l'llma
