3982 6422
236 403 340 459 685

983 399 1355 455 ADVERSUS
1397 398 1741 454 IIIERESES
1783 398 1908 452 LIB.
1955 398 1992 452 1.
2034 398 2200 455 ΤΟΜ.
2247 400 2311 454 ll.
2352 431 2421 442 -—
2463 400 2740 456 ll.‘El’.ES.
2782 401 2974 455 XXXI.

3455 400 3569 462 1.86

245 525 306 574 τὸ
327 519 485 585 τέλος
522 518 619 573 τοῦ
646 520 999 590 Λύτομήτρος
1028 521 1066 585 ¹,
1106 519 1493 592 ἀδιχοτόμητον
1529 521 1626 592 τὴν
1650 519 1837 572 ἑαυτοί

1956 519 2149 575 Sermo
2199 538 2323 577 cum
2395 522 2605 593 Spiritu
2662 523 2979 592 incorrupta
3027 521 3263 594 quadam
3319 523 3560 579 commi-

241 612 579 666 ἀνάπαυσιν.
597 611 660 664 Ἠ
683 605 777 664 οὖν
799 609 1065 683 Ἰξριακάς,
1089 609 1441 682 ἀπαρτίσασα
1471 610 1628 681 βύθια
1645 611 1851 681 μυστή-

238 720 350 772 ρια,
390 701 616 767 τελείως
655 703 869 772 ἄγαμον
899 703 919 732 ¹
963 703 1023 756 ὲν
1061 703 1359 774 ἀφθάρτοις
1400 702 1652 770 ἀπέδειξε
1696 701 1850 772 φῶτα

239 792 526 864 ἄφθαρτα,
576 792 734 847 ἅτινα
767 792 987 864 Ἐνότης
1012 792 1033 823 ³
1071 793 1471 866 ὠνομάσθησαν
1506 794 1706 859 τέκνα,
1755 795 1851 848 καὶ

233 886 718 958 ἀχαρακτήριστα.
746 880 927 939 Ἶισαν
961 879 1053 940 οῦν
1092 885 1290 958 μικροῦ
1328 887 1403 958 μὴ
1438 887 1849 958 παρακειμένου

232 978 394 1039 ἐκτὸς
431 979 750 1050 φρονήσεως
775 978 1167 1049 ἀναπαυόμενα
1212 981 1380 1051 χωρίς
1410 979 1669 1044 Ἑννοίας.
1713 979 1851 1049 Περὶ

231 1071 343 1143 γάρ
366 1065 430 1127 οὗ
450 1089 537 1137 τις
553 1072 809 1144 πράσσει,
831 1073 925 1126 ἐὰν
952 1074 1026 1145 μὴ
1044 1075 1136 1144 νοῇ
1154 1072 1480 1140 καθολικῶς,
1503 1075 1564 1127 οὑ
1592 1073 1846 1145 πράσσει.

230 1166 373 1220 Τότε
395 1165 706 1237 γενομένων
719 1166 829 1219 τῶν
852 1169 1066 1235 φώτων,
1085 1160 1159 1220 ὧν
1172 1166 1271 1238 τὴν
1286 1166 1688 1238 πολυπλήθειαν
1711 1167 1851 1238 πρὸς

228 1257 470 1330 ἀριθμὸν
495 1255 730 1323 ἐξειπεῖν
746 1256 846 1309 οὐκ
863 1258 1180 1324 ἀναγκαῖον,
1200 1258 1472 1329 περινοεῖν
1490 1256 1566 1308 δέ’
1591 1255 1849 1325 (ἕκαστον

229 1349 343 1421 γὰρ
362 1349 426 1403 τὸ
465 1349 596 1403 ἴδιον
622 1348 793 1418 ὄνομα
816 1346 1161 1422 κεκλήρωται
1191 1349 1257 1403 δι’
1275 1347 1573 1418 ἐπίγνωσιν
1592 1350 1847 1420 ἀρρήτων

232 1443 610 1515 μυστηρίων·)
637 1444 669 1511 ἡ
703 1436 795 1494 οὖν
824 1439 979 1512 Σιγὴ.
1009 1439 1334 1512 βουληθεῖσα
1353 1441 1434 1504 είς
1455 1439 1685 1509 ἐκλογὴν
1708 1437 1851 1507 γνὼ-

231 1552 377 1598 σεως
403 1533 651 1599 ἅπαντας
679 1525 844 1590 ὦσαι.
886 1531 1089 1602 συνῆγε
1134 1534 1199 1601 τῇ
1235 1530 1463 1602 δευτέρᾳ
1501 1529 1846 1602 ἁντιτεθείσῃ

229 1624 484 1694 Ὀγδοὰδι
530 1624 793 1696 ἀφθάρτῳ
838 1622 1021 1693 μίξει,
1062 1625 1214 1693 νοῖκῇ
1247 1622 1304 1676 δὲ
1339 1621 1611 1693 βουλήσει.
1648 1616 1757 1675 τΗν
1788 1620 1845 1674 δὲ

233 1718 417 1788 αὐτῆς
448 1719 483 1789 ἡ
515 1715 668 1787 νοῐκὴ
696 1715 948 1787 βούλησις
971 1713 1195 1785 Πνεῦμα
1212 1714 1274 1767 τὸ
1304 1714 1479 1781 ἆγιον,
1512 1712 1573 1766 τὸ
1603 1715 1660 1766 ὲν
1691 1712 1841 1784 μέσῳ

232 1812 345 1865 τῶν
378 1810 552 1880 ἁγίων
585 1808 946 1877 Ἐκκλησιῶν.
995 1805 1167 1859 Τοῦτο
1207 1802 1299 1860 οὖν
1330 1807 1410 1870 εἰς
1444 1805 1542 1876 τὴν
1579 1804 1841 1876 δευτέραν

1962 613 2139 669 stione
2173 614 2504 684 coniunctus
2551 625 2667 678 est,
2710 622 2764 670 et
2796 615 3168 670 Autometoris
3211 614 3408 680 linem,
3459 614 3567 671 hoc

1962 715 2048 761 est
2088 722 2405 776 perennem,
2430 722 2534 762 nec
2572 708 2934 778 interruptam
2964 708 3202 778 quietem
3235 722 3392 762 suam
3424 706 3559 764 eﬂ'e-

1954 797 2048 851 cit.
2086 797 2453 864 Quamobrem
2482 798 2576 854 ubi
2605 797 2961 854 Triccnarius
2993 797 3264 869 profunda
3302 799 3393 855 illa
3441 815 3562 873 my-

1956 888 2127 941 steria
2160 889 2410 958 peregit,
2456 890 2578 944 sine
2613 890 2740 944 ullis
2771 890 2997 945 omnino
3030 888 3261 961 nuptiis,
3297 891 3559 947 utincor-

1953 989 2115 1051 rupto
2161 986 2604 1053 sempiternoque
2652 983 2838 1053 generi
2892 983 3187 1049 convenit,
3234 984 3561 1055 incorrupta

1952 1069 2137 1127 itidem
2168 1073 2392 1138 lumina,
2426 1090 2547 1145 quae
2582 1072 2773 1129 Unitas
2813 1075 3179 1144 appellantur,
3211 1083 3470 1148 tanquam
3502 1076 3560 1130 ii-

1952 1164 2056 1220 lios
2088 1165 2368 1236 produxit,
2404 1175 2459 1220 et
2492 1167 2712 1235 quidem
2754 1167 3040 1223 informes.
3085 1167 3352 1224 Jacebant
3383 1169 3558 1240 igitur

1951 1258 2346 1328 propemodum
2394 1259 2754 1329 intelligentia
2784 1261 2936 1315 omni
2983 1260 3248 1315 destituta
3275 1303 3288 1328 ,
3334 1277 3398 1316 ac
3431 1262 3554 1318 sine

1951 1352 2063 1407 ulla
2110 1351 2277 1405 animi
2325 1348 2549 1407 notione
2596 1353 2972 1422 quiescebant.
3011 1354 3286 1424 Quidquid
3334 1356 3479 1410 enim
3519 1372 3551 1410 a

1949 1443 2204 1516 quopiam
2250 1444 2466 1515 agitur,
2523 1445 2593 1500 ab
2653 1461 2759 1503 eo.
2804 1446 2913 1500 nisi
2963 1447 3219 1502 universe
3259 1448 3548 1519 intelligat,

1949 1538 2128 1607 agitur
2156 1535 2316 1589 nihil.
2359 1534 2519 1590 llunc
2555 1537 2608 1589 in
2637 1536 2861 1591 modum
2893 1539 3200 1609 procreatis
3227 1541 3548 1605 luminibus,

1946 1644 2180 1698 quorum
2212 1627 2625 1684 multitudinem
2656 1631 3001 1685 numerando
3040 1646 3376 1702 percensere
3405 1634 3547 1689 nihil

1949 1734 2177 1775 necesse
2226 1728 2340 1787 est,
2392 1721 2579 1777 animo
2622 1737 2754 1778 vero
2812 1724 3287 1794 comprehendere
3332 1734 3551 1797 oportet

1947 1813 2095 1881 (nam
2130 1814 2563 1884 unumquodque
2614 1829 2771 1870 suam
2825 1816 3247 1886 appellationem
3295 1820 3548 1875 sortitum

232 1903 501 1973 Ὀγδοάδα
528 1900 749 1973 πέμψας
768 1901 810 1964 ⁸,
836 1900 1022 1953 ἔπεισε
1052 1900 1149 1952 καὶ
1180 1900 1350 1970 αὐτὴν
1383 1899 1648 1969 ὲνωθῆναι
1673 1899 1833 1970 αὐτῇ.

1946 1912 2046 1968 est,
2075 1920 2197 1976 qua:
2227 1921 2295 1962 ex
2321 1922 2657 1962 arcanorum
2687 1909 3075 1978 mysteriorum
3123 1912 3440 1982 cognitione
3478 1913 3566 1973 dc-

232 1996 424 2066 Γάμος
453 1990 547 2049 οῦν
582 1991 882 2046 ἐτελειοῦτο
911 1995 967 2045 ὲν
998 1994 1111 2054 τοῖς
1139 1991 1239 2060 τῆς
1281 1990 1561 2060 Ὀγδοάδος
1591 1992 1835 2062 μέρεσιν,

233 2085 534 2154 ἑνουμένω)
575 2082 669 2137 τοῦ
719 2082 873 2151 ἁγίου
922 2081 1242 2152 Πνεύματος
1285 2081 1362 2151 τῷ
1392 2082 1576 2151 Μὸνῳ,
1614 2082 1840 2153 καὶτῆς

230 2177 443 2240 Δυάδος
469 2176 549 2246 τῷ
582 2175 783 2246 Τρίτῳ,
815 2174 909 2227 καὶ
934 2173 1030 2227 τοῦ
1062 2172 1261 2245 Τρίτου
1287 2176 1353 2245 τῇ
1396 2172 1595 2238 Ἑξάδι,
1623 2175 1714 2227 καὶ
1741 2175 1839 2245 τῆς

233 2269 528 2336 Ὀγδοάδος
562 2267 641 2338 τῷ
685 2267 930 2339 Ἑϐδόμῳ
950 2310 964 2333 ,
996 2267 1091 2321 καὶ
1124 2265 1218 2320 τοῦ
1257 2266 1517 2339 Ἐϐδόμου
1549 2268 1614 2339 τῇ
1650 2267 1835 2332 Δυάδι,

233 2365 339 2416 καὶ
392 2362 748 2431 τῆςἙξάδος
794 2362 871 2434 τῷ
906 2358 1184 2433 Πέμπτῳ.
1238 2361 1376 2431 Ὂλη
1430 2361 1487 2415 δὲ
1533 2361 1566 2432 ἡ
1616 2358 1839 2427 Ὀγδοάς

238 2452 474 2525 συνῆλθε
503 2454 640 2524 μετὰ
665 2454 862 2525 ἡδονῆς
899 2454 1178 2526 ἀγηράτου
1200 2453 1294 2507 καὶ
1308 2452 1589 2525 ἁςςθάρτου
1617 2453 1836 2523 μίξεως.

235 2547 316 2601 Οὐ
352 2547 463 2619 γὰρ
495 2542 561 2618 ἦν
588 2547 869 2619 χωρισμὸς
904 2546 1166 2616 ἀλλήλων
1196 2541 1264 2615 ἦν
1291 2546 1346 2599 δὲ
1383 2545 1687 2616 σύγκρασις
1719 2544 1836 2615 μεθ’

234 2639 433 2711 ἡδονῆς
480 2637 734 2709 ἀμώμου,
779 2640 874 2693 καὶ
920 2638 1157 2704 ἀνέδειξε
1206 2637 1450 2691 Πεντάδα
1495 2636 1840 2708 Προυνείκων

236 2730 582 2802 ἀθηλύντων,
612 2723 688 2784 ὧν
720 2729 789 2783 τὰ
817 2730 1058 2802 ὀνόματά
1090 2732 1206 2783 ἔστι
1240 2728 1414 2783 ταῦτα
1434 2745 1448 2759 ·
1490 2728 1837 2800 Καρπιστὴς,

250 2822 565 2895 Ὀροθέτης,
594 2823 983 2894 Χαριστήριος,
1020 2823 1253 2891 Ἀφετος
1274 2861 1289 2885 ,
1320 2819 1710 2889 Μεταγωγεύς.
1739 2813 1840 2874 Οὗ-

234 2933 323 2968 τοι
365 2917 467 2988 τῆς
508 2916 822 2985 Μεσότητος
870 2915 1270 2987 ὠνομάσθησαν
1321 2915 1446 2967 υἱοί.
1480 2914 1751 2985 Βούλομαι
1782 2913 1839 2966 δὲ

237 3008 394 3079 ὑμᾶς
425 3008 747 3079 γινώσκειν,
800 3008 1064 3081 Ἀμιζαίου,
1113 3008 1327 3080 Αὐρὰν,
1368 3006 1644 3071 Κουκουά,
1690 3006 1835 3076 Θαρ-

234 3101 419 3169 δοοοῦ,
456 3101 795 3167 Οὑϐουκουὰ,
827 3101 1163 3173 Θαρδεδδεῖν,
1193 3100 1435 3173 Μερεξά,
1479 3098 1667 3171 Ἀτὰρ.
1693 3099 1838 3172 Βαρ-

236 3190 312 3245 ϐα
344 3190 400 3256 ⁸,
450 3190 732 3255 Οὒδουκά,
773 3191 1013 3262 Κέστην,
1056 3190 1322 3262 Οῦδουάχ,
1366 3190 1582 3262 Ἐσλὴν,
1637 3190 1833 3262 ’Δμφὲ,

1944 1997 2233 2068 promitur)
2272 2013 2286 2050 :
2328 1999 2396 2054 ad
2444 2000 2688 2057 scientia:
2738 1999 3011 2056 delectum
3064 2004 3367 2073 perpellere
3419 2007 3546 2060 uni-

1944 2104 2133 2145 versos
2161 2088 2288 2160 Sige
2317 2092 2565 2161 cupiens,
2617 2093 2682 2147 ad
2735 2096 3038 2149 secundam
3070 2097 3547 2168 substitutamque

1944 2180 2092 2234 illam
2138 2181 2255 2236 loco
2290 2182 2516 2238 alterius
2550 2184 2865 2254 Ogdoadcai
2915 2186 3164 2254 adjunxit
3187 2227 3202 2252 ,
3234 2189 3547 2259 corruptela

1943 2273 2125 2329 omnis
2156 2284 2377 2345 experte
2417 2275 2851 2345 conjunctione,
2913 2278 3009 2335 sed
3060 2281 3342 2336 voluntate
3395 2282 3545 2353 ejus-

1947 2365 2094 2419 modi
2149 2382 2271 2437 qum
2314 2367 2417 2422 sub
2474 2369 2894 2440 intelligentiam
2944 2371 3184 2428 caderet”.
3219 2372 3546 2440 Cuiusmodi

1942 2456 2240 2511 voluntatis
2273 2456 2512 2528 impetus
2549 2460 2792 2530 Spiritus
2824 2471 3053 2517 sanctus
3093 2470 3197 2526 est,
3225 2465 3321 2534 qui
3352 2464 3406 2518 in
3436 2480 3548 2521 me-

1942 2548 2034 2604 dio
2068 2559 2384 2604 sanctarum
2423 2550 2792 2606 Ecelesiarum
2827 2553 3052 2608 residet.
3092 2554 3266 2621 Quem
3300 2572 3426 2611 cum
3459 2572 3548 2613 sev

1942 2640 2181 2695 caudam
2217 2640 2283 2694 ad
2306 2638 2620 2712 Ogdoadem
2653 2643 2966 2714 allegasset,
2985 2646 3032 2700 ei
3057 2649 3331 2716 persuasit
3352 2664 3546 2705 secum

1942 2740 2003 2787 ut
2033 2733 2148 2803 ipsa
2182 2734 2557 2804 copularetur.
2598 2733 2869 2801 Quocirca
2918 2738 2971 2791 in
3011 2739 3243 2809 singulis
3272 2738 3552 2811 Ogdoadis

1944 2822 2193 2892 partibus
2221 2824 2515 2878 celebratm
2536 2827 2742 2896 nuptiae
2772 2835 2924 2881 sunt.
2949 2826 3231 2899 Siquidem
3260 2845 3385 2885 cum
3422 2830 3549 2889 Uno

1943 2913 2183 2984 Spiritus
2214 2924 2438 2970 sanctus
2469 2918 2800 2987 conjunctus
2826 2927 2913 2974 est
2948 2939 2961 2973 :
2993 2936 3120 2974 cum
3151 2920 3341 2977 Tertio
3369 2922 3543 2995 Dyas,

1942 3005 2160 3062 Tertius
2189 3022 2313 3065 cum
2350 3007 2569 3064 llexade
2591 3050 2605 3071 ,
2645 3018 2702 3066 et
2731 3026 2857 3066 eum
2887 3010 3134 3082 Septimo
3165 3012 3406 3086 Ogdoas,
3444 3017 3548 3073 Se-

1942 3099 2149 3170 ptimus
2182 3116 2306 3155 eum
2349 3099 2552 3172 Dyade,
2589 3118 2714 3156 cum
2741 3103 2947 3171 Quinto
2981 3104 3181 3163 ﬂexas.
3211 3107 3289 3163 Ita
3326 3108 3548 3179 Ogtloas

1942 3191 2201 3246 universa
2234 3209 2512 3264 nunquam
2541 3204 2915 3251 marcescente
2945 3199 3246 3269 voluptate,
3270 3210 3435 3273 atque
3461 3205 3545 3259 in-

235 3281 580 3353 Ναισουμὲν,
647 3283 937 3347 υὺανανὶν,
975 3282 1315 3356 Λαμεταρδὲ,
1349 3282 1827 3354 ’Λθαμεσσουμὴν,

1946 3295 2093 3355 tcgra
2152 3285 2583 3357 incorruptaque
2632 3289 2890 3345 mistione
2945 3293 3322 3363 coniungitur.
3383 3293 3544 3352 Nulla

235 3374 513 3446 Ἀλλωρὰ,
558 3375 871 3440 Κουὸιαθά,
907 3375 1205 3448 Ναδδαρία,
1245 3373 1476 3446 Δαμμά,
1510 3374 1693 3446 Ὠρὴν.
1728 3375 1834 3428 Λα-

233 3469 437 3539 ναφὲκ,
481 3468 781 3539 Οὐδανφὲχ,
836 3467 1225 3542 Ἐνφοιθιϐοχὲ,
1254 3467 1465 3539 uappa,
1495 3466 1830 3539 Ἀσσιουαχὲ,

235 3560 432 3631 Bentt,
462 3560 786 3632 Δεξαριχὲμ,
818 3560 1043 3631 Μασέμ.

1944 3379 2143 3446 quippe
2192 3376 2262 3430 ah
2302 3376 2537 3432 invicem
2585 3380 2862 3448 separatio
2895 3380 3035 3434 fuit:
3072 3384 3165 3437 sed
3200 3395 3388 3441 mutua
3420 3403 3544 3443 om-

1940 3466 2092 3521 nium
2119 3482 2243 3521 cum
2267 3468 2658 3524 honestissima
2685 3471 2965 3540 voluptate
3002 3476 3342 3544 temperatio.
3381 3478 3539 3549 17],

1941 3558 2018 3613 Ex
2058 3573 2167 3629 qua
2210 3558 2574 3615 Prunicorum
2607 3561 2857 3617 muliebri
2886 3579 3020 3620 sexu
3061 3568 3365 3622 carentium
3402 3570 3544 3636 Qui-

233 3656 436 3710 narius
463 3657 745 3717 exoritur,
782 3655 941 3723 cujus
989 3653 1103 3708 ha-c
1135 3660 1263 3706 sunt
1329 3653 1595 3707 vocabula
1632 3672 1644 3708 :
1686 3652 1990 3724 Car-pistes,
2060 3651 2428 3715 Horothetes,
2485 3654 2888 3723 Charisterius,
2929 3659 3209 3729 Aphetus,
3265 3662 3542 3737 Methago-

234 3766 403 3820 gens.
436 3749 500 3805 Hi
549 3749 943 3831 Medipcritatis
969 3749 1062 3803 filii
1092 3750 1267 3804 vocati
1293 3757 1442 3805 sunt.
1470 3749 1642 3805 Velim
1671 3759 1852 3804 autem
1894 3764 1924 3802 a
1948 3748 2103 3805 vobis
2131 3750 2414 3821 cognosci,
2441 3751 2692 3821 Ampsiu,
2728 3753 2937 3817 Auran,
2999 3754 3208 3822 Cucua,
3262 3759 3545 3842 'l'hardus,

232 3841 498 3911 Ubncua,
531 3842 905 3905 Thardeddiu,
937 3841 1176 3903 Merexa,
1208 3841 1361 3904 Atar,
1405 3840 1601 3904 Barba,
1633 3839 1844 3904 Uduca,
1890 3839 2113 3906 Cesten,
2146 3840 2410 3906 Uduaeh,
2476 3840 2674 3908 Eslen,
2719 3844 2952 3915 Amphe,
3000 3846 3312 3918 Ntesumen,
3356 3839 3541 3908 Vana;

236 3942 359 4005 nin,
388 3938 730 4003 Lametarde,
777 3937 1237 4003 Athamessumen
1260 3976 1276 4001 ,
1309 3936 1520 4002 Allora,
1551 3936 1843 4004 Cubiatha,
1882 3935 2182 4003 Naddaria,
2220 3936 2479 4005 Damma,
2540 3935 2684 3995 Oren
2711 3978 2727 4004 ,
2801 3939 3126 4012 Lanaphec,
3170 3945 3541 4017 Udanpheeh,

239 4034 748 4108 Emphmthibochc,
803 4032 996 4098 Barra,
1030 4032 1393 4099 Assiovache,
1431 4032 1627 4097 Bclim,
1660 4029 2044 4095 Dexariehem,
2077 4029 2305 4085 Masem.

406 4153 794 4223 Πεπλήρωται
824 4153 896 4208 τὰ
925 4153 1045 4207 ἀπὸ
1070 4152 1189 4206 τῶν
1227 4152 1672 4208 Οὐαλεντίνων.

313 4271 391 4323 Z'.
424 4270 535 4323 Kal.
571 4267 745 4321 ταῦτα
781 4267 878 4338 μὲν
920 4267 1028 4321 ἀπὸ
1075 4267 1279 4338 μέρους
1320 4266 1429 4319 τῶν
1484 4265 1703 4336 βιϐλίων
1736 4267 1833 4319 αύ-

231 4364 346 4418 τῶν
378 4361 755 4433 παρατεθέντα
796 4359 903 4424 ἕως
936 4352 1039 4413 ὧδέ
1085 4376 1175 4431 μοι
1212 4359 1472 4429 εἰρήσθω.
1509 4359 1835 4431 Ἐποιήσατο

230 4454 292 4507 δὲ
338 4444 497 4515 οὗτος
538 4450 599 4503 τὸ
645 4451 907 4523 κήρυγμα
938 4450 1032 4504 καὶ
1064 4450 1122 4501 ἐν
1166 4448 1449 4520 Αἰγύπτῳ,
1483 4450 1607 4504 ὅθεν
1646 4449 1711 4521 δὴ
1740 4451 1833 4503 καὶ

231 4545 313 4608 ὡς
340 4542 571 4613 λείψανα
608 4541 822 4613 ἐχίδνης
850 4540 1054 4594 ὀστέων
1083 4540 1167 4594 ἔτι
1200 4543 1258 4593 ὲν
1295 4542 1556 4613 Αἰγύπτῳ
1591 4541 1833 4613 περιλεί-

231 4653 401 4689 πεται
430 4635 681 4705 τούτου-ὴ
713 4634 909 4706 σπορὰ,
941 4634 996 4687 ἐν
1018 4652 1077 4687 τε
1106 4634 1185 4705 τῷ
1204 4634 1508 4706 Ἀθριϐίτῃ,
1536 4636 1629 4687 καὶ
1658 4636 1834 4707 Προσο

233 4725 442 4795 ωπίτῃ,
482 4724 576 4776 καὶ
604 4723 944 4794 Ἀρσενοῖτῃ,
984 4723 1079 4775 καὶ
1108 4723 1375 4797 Θηϐαἲδῃ,
1404 4724 1500 4778 καὶ
1528 4728 1639 4789 τοῖς
1681 4725 1833 4778 κάτω

235 4815 434 4887 μέρεσι
470 4814 571 4885 τῆς
600 4813 903 4884 παραλίας.
931 4814 1025 4867 καλ⁸
1050 4814 1638 4888 Ἀλεξανδρειοπολίτῃ.
1670 4817 1831 4871 Ἀλλὰ

232 4906 331 4959 καὶ
368 4906 425 4957 ὲν
480 4903 670 4978 Ῥώμῃ
710 4902 950 4957 ἀνελθὼν
998 4905 1324 4977 κεκήρυχεν.
1376 4906 1471 4969 Εἰς
1516 4907 1740 4978 Κύπρον
1774 4907 1830 4961 δὲ

232 4994 536 5067 ἐληλυθὼς,
580 4996 656 5059 ὼς
700 4994 959 5065 ναυάγιον
1005 4997 1247 5061 ὑποστὰς
1292 4997 1451 5067 φύσει
1480 5001 1827 5071 σωματικῶς,

230 5089 336 5160 τῆς
368 5088 606 5152 πίστεως
635 5088 828 5161 ἐξέστη
847 5128 863 5154 ,
891 5089 986 5144 καὶ
1012 5089 1104 5143 τὸν
1136 5088 1261 5142 νοῦν
1289 5088 1590 5163 ἐξετράπη.
1618 5092 1831 5163 Ἐνομί-

229 5182 362 5247 ζετο
394 5180 503 5252 γὰρ
530 5180 636 5252 πρὸ
656 5180 847 5235 τούτου
878 5183 1043 5253 μέρος
1064 5179 1211 5250 ἔχειν
1232 5181 1516 5245 εὐσεϐείας
1541 5183 1635 5235 καὶ
1664 5182 1832 5254 ὀρθῆς

231 5274 474 5336 πίστεως
526 5274 584 5325 ὲν
629 5274 743 5337 τοῖς
800 5273 1222 5346 προειρημένοις
1265 5272 1473 5336 τόποις.
1534 5274 1620 5326 Ἑν
1666 5273 1723 5327 δὲ
1762 5277 1827 5345 τῇ

232 5365 451 5437 Κύπρῳ
493 5366 682 5419 λοιπὸν
725 5368 807 5431 είς
854 5365 1080 5437 ἔσχατον
1130 5366 1387 5429 ἀσεϐείας
1430 5365 1681 5438 ὲλήλακε,
1734 5368 1831 5421 καὶ

228 5458 501 5512 ἐϐάθυνεν
535 5459 728 5511 ἑαυτὸν
773 5461 831 5512 ὲν
875 5458 1047 5532 ταύτῃ
1095 5461 1162 5531 τῇ
1207 5458 1689 5534 καταγγελλομένη
1734 5461 1826 5516 ὑπ’

230 5550 402 5604 αὐτοῦ
442 5550 735 5623 μοχθηρίᾳ.

277 5641 470 5713 ,Λέγει
498 5642 552 5695 δὲ
584 5642 749 5707 αὐτός
781 5659 839 5696 τε
870 5642 964 5697 καὶ
998 5644 1049 5697 oi
1095 5642 1264 5697 αὐτοῦ
1296 5641 1389 5696 τὸν
1427 5642 1633 5717 Κύριον
1667 5646 1826 5718 ἡμῶν

228 5734 446 5804 Ἰησοῦν
471 5734 725 5807 Χριστὸν,
750 5734 826 5799 ὡς
856 5734 1012 5807 ἔφην,
1054 5735 1146 5789 καὶ
1172 5735 1403 5807 Σωτῆρα
1434 5736 1529 5791 καὶ
1562 5737 1822 5808 Χριστὸν,

2009 4152 2280 4207 Hactenus
2320 4169 2387 4206 ex
2432 4154 2652 4208 illorum
2710 4155 2861 4210 libris
2896 4174 2959 4210 ea
3014 4157 3459 4227 dcprompsimus.

2009 4265 2121 4320 VII.
2147 4265 2417 4321 Praeterea
2441 4266 2492 4320 in
2514 4266 2751 4340 Aigypto
2782 4286 2999 4341 qus-que
3026 4273 3281 4343 dogmata
3309 4275 3398 4329 illa
3433 4294 3536 4334 sua

1938 4361 2270 4432 prorogavit.
2311 4360 2390 4414 Ex
2429 4376 2540 4431 quo
2590 4369 2871 4433 tempore,
2911 4366 2991 4419 sic
3025 4373 3291 4436 tanquam
3328 4370 3537 4440 viperi-

1939 4468 2135 4505 norum
2168 4450 2380 4505 ossium
2427 4452 2715 4522 reliquiae,
2759 4454 3010 4524 quaedam
3062 4457 3176 4511 illic
3217 4460 3430 4513 semina
3467 4461 3537 4516 il-

1870 4580 1908 4633 D
1941 4546 2046 4600 lius
2081 4544 2271 4599 relicta
2304 4551 2462 4607 sunt,
2499 4548 2805 4615 praesertim
2841 4549 2892 4601 in
2937 4548 3270 4604 Athribitidc
3292 4594 3306 4618 ,
3333 4550 3536 4610 Proso-
3576 4530 3592 4542 ⁸

1939 4633 2139 4706 pitide,
2177 4634 2563 4699 Arsenoitide,
2601 4650 2665 4690 ac
2692 4636 2972 4693 Thebaide
3025 4640 3391 4709 prmfectura;
3430 4661 3538 4701 nec

1940 4742 2046 4778 non
2071 4726 2127 4779 in
2149 4727 2399 4781 inferiori
2433 4743 2499 4781 ac
2534 4729 2830 4790 maritima.
2863 4732 3111 4802 adeoque
3162 4734 3537 4793 Alexandrina

1935 4819 2179 4888 regione.
2243 4818 2388 4886 Quin
2439 4821 2603 4875 etiam
2663 4820 2894 4877 Romam
2951 4823 3232 4894 profectus
3284 4845 3534 4886 errorem

1936 4927 2096 4966 suum
2140 4913 2193 4965 in
2229 4928 2292 4967 ea
2326 4915 2460 4968 urbe
2492 4914 2805 4986 dissipavit.
2841 4916 2946 4971 Sed
2981 4920 3047 4972 ad
3092 4918 3334 4992 Cyprum
3380 4923 3533 4978 dela-

1933 5013 2048 5069 tus,
2076 5004 2198 5060 fidei
2231 5004 2610 5076 naufragium,
2652 5010 2799 5063 velut
2834 5013 3086 5081 corporis
3134 5014 3388 5078 fecisset,
3427 5015 3531 5069 ibi-

1930 5096 2051 5153 dem
2081 5111 2304 5167 passus,
2338 5098 2582 5151 animum
2621 5101 2848 5153 omnino
2880 5100 3219 5171 depravavit.
3245 5103 3527 5172 Siquidem

1932 5191 2199 5244 hactenus
2231 5197 2440 5257 partem
2480 5189 2702 5259 pietatis
2744 5192 3016 5261 aliquam,
3042 5192 3381 5263 sinceraeque
3406 5194 3527 5252 ﬁdei

1930 5278 2167 5331 retinere
2202 5276 2311 5332 illis
2356 5277 2411 5332 in
2453 5277 2589 5334 locis
2632 5279 2937 5337 videbatur.
2980 5282 3039 5335 In
3071 5282 3254 5353 Cypro
3290 5299 3419 5339 vero
3459 5288 3525 5340 ad

1931 5378 2234 5425 extremum
2274 5370 2575 5438 impietatis
2606 5373 2897 5442 prolapsus
2936 5381 3056 5439 est,
3108 5361 3276 5445 seque
3313 5376 3369 5430 in
3405 5394 3525 5432 ram

1933 5476 2096 5531 quam
2153 5469 2335 5515 tuetur
2397 5460 2727 5533 ﬂagitiorum
2778 5463 3131 5536 disciplinam
3191 5467 3365 5525 altius
3420 5469 3525 5523 im-

1933 5555 2143 5610 mersit.
2666 5540 2679 5549 “

2005 5647 2101 5704 Est
2134 5657 2313 5705 autem
2340 5649 2456 5704 h:ec
2502 5650 2720 5705 illorum
2757 5651 2945 5721 opinio
2978 5672 2992 5709 :
3022 5652 3212 5711 Iesum
3242 5656 3523 5713 Christum

1936 5738 2228 5797 Dominum
2281 5751 2531 5799 nostrum
2581 5741 2924 5807 Salvatorem
2960 5762 3104 5810 esse,
3133 5749 3214 5804 uti
3237 5749 3482 5808 diximus
3504 5789 3522 5817 ,

306 5892 326 5924 ¹
352 5884 420 5946 F.
447 5889 856 5964 Δῦτομήτορος.
913 5890 963 5970 ..⁸,
988 5888 1053 5947 F.
1083 5888 1418 5949 τελειώσασα
1451 5891 1648 5965 γάμον.
1729 5895 1749 5929 ³
1776 5894 1837 5954 F.

1946 5896 2183 5972 νότητος.
2263 5898 2285 5932 ⁴
2312 5897 2373 5955 F.
2423 5899 2728 5981 nimiam.
2784 5904 2805 5938 ³
2840 5902 2906 5965 V.
2950 5906 3282 5984 ’Δταρϐαϐὼ
