3982 6454
198 384 313 445 489

916 384 1291 444 ADV’ERSUS
1330 383 1677 442 [LERESES
1715 383 1850 441 LIB.
1896 384 1935 439 Ι.
1976 383 2142 444 TOM.
2187 385 2255 443 ll.
2294 415 2365 429 -—
2403 384 2681 473 "ARIES.
2717 384 2911 443 XXX].

3376 384 3537 442 490'

197 496 591 577 πραγματείαν
624 504 1021 577 γεγενημένην.
1052 505 1198 569 Ἕως
1222 504 1281 558 δὲ
1308 502 1501 559 τούτου
1535 504 1604 559 τὰ
1636 503 1792 575 ὀλίγα

1912 504 2255 562 sanctissimo
2296 503 2501 562 Irenaeo
2536 504 2966 577 disputationem
3012 502 3309 560 inveniam.
3347 500 3490 567 Quo-

195 594 378 650 ταῦτα
413 595 729 664 διεξελθὼν,
762 596 832 650 τά
877 595 1005 667 ἑξῆς
1032 596 1142 650 ἀπὸ
1176 595 1289 651 τῶν
1317 595 1414 650 τοῦ
1455 597 1797 671 προειρημέ-

197 703 295 741 νου
323 687 518 759 ἀνδρὸς
545 686 733 741 δούλου
759 686 919 751 Θεοῦ,
949 687 1245 759 Είρηναίου
1274 686 1331 741 δέ
1373 705 1540 760 φημι,
1565 688 1664 762 τὴν
1698 705 1798 743 πα-

200 776 429 851 ράθεσιν
453 778 754 852 ὁλοσχερῶς
778 780 1096 853 ποιήσομαι.
1127 780 1280 851 Ἔχει
1305 779 1363 833 δὲ
1390 779 1581 844 οὕτως·

412 978 540 1069 ’Ἐκ
575 977 695 1034 τῶν
721 979 829 1036 τοῦ
862 979 1036 1057 ἁγίου
1067 979 1179 1052 (69)
1210 982 1558 1051 Εὶρηναίου.

270 1096 352 1149 Θ’.
379 1096 496 1149 Ἐπὶ
515 1097 616 1169 τὴν
630 1095 886 1169 ἀλήθειαν
909 1099 1409 1170 παραπεμπόμενοί
1424 1116 1587 1167 τινες,
1608 1102 1799 1158 ἐπεισ-

193 1187 398 1255 άγουσι
447 1186 637 1256 λόγους
681 1188 896 1258 ψευδεῖς
926 1190 1021 1244 καὶ
1046 1188 1397 1260 γενεαλογίας
1425 1194 1685 1263 ματαίας,
1715 1196 1800 1251 αἴ-

195 1297 347 1343 τινες
366 1277 627 1351 ζητήσεις
657 1280 857 1351 μᾶλλον
884 1281 1206 1353 παρέχουσι,
1229 1282 1415 1349 καθὼς
1432 1287 1461 1338 ὁ
1478 1286 1801 1353 Ἀπόστολός

193 1386 393 1442 φησιν,
426 1369 460 1441 ἢ
491 1369 780 1441 οἰκοδομὴν
809 1369 945 1425 Θεοῦ
977 1370 1079 1441 τὴν
1108 1371 1168 1424 ὲν
1195 1370 1376 1423 πίστει
1401 1387 1415 1401 ο
1458 1372 1553 1425 καὶ
1584 1373 1672 1428 διὰ
1699 1374 1796 1446 τῆς

199 1459 536 1533 πανούργως
558 1460 1077 1534 συγκεκροτημένης
1104 1459 1463 1533 πιθανότητος
1491 1464 1801 1535 παράγουσι

192 1556 292 1610 τὸν
320 1554 447 1610 νοῦν
478 1554 588 1609 τῶν
619 1555 1015 1628 ἀπειροτέρων,
1050 1554 1147 1610 κα)⁸
1173 1555 1675 1627 αἰχμαλωτίζουσιν
1704 1557 1802 1612 αύ-

192 1653 348 1719 τοὺς,
376 1651 827 1726 ῥᾳδιουργοῦντες
858 1654 928 1707 τά
956 1652 1114 1722 λόγια
1141 1653 1370 1726 Κυρίου,
1404 1652 1670 1726 ἐξηγηταὶ
1697 1674 1801 1710 κα-

191 1746 286 1799 κοὶ
336 1744 450 1799 τῶν
501 1744 681 1809 καλῶς
720 1746 1030 1818 εἰρημένων
1071 1746 1374 1817 γινόμενοι,
1433 1747 1529 1801 καὶ
1575 1746 1804 1812 πολλοὺς

189 1837 600 1909 ἀνατρέπουσιν
641 1837 954 1906 ἀπάγοντες
995 1837 1197 1901 αὐτοὺς
1240 1839 1514 1911 προφάσει
1545 1837 1804 1909 γνώσεως

193 1932 307 1987 ἀπὸ
337 1929 436 1985 τοῦ
480 1931 601 1986 τόδε
631 1932 695 1986 τὸ
725 1933 837 1986 πᾶν
867 1931 1283 2004 συστησαμένου
1333 1934 1429 1986 καὶ
1459 1934 1804 2005 κεκοσμηκό-

192 2042 308 2088 τος,
344 2024 426 2089 ὡς
458 2023 792 2097 ὑψηλότερόν
823 2042 899 2089 τι,
929 2023 1026 2079 καὶ
1059 2022 1247 2096 μεῖζον
1286 2022 1503 2094 ἔχοντες
1536 2024 1806 2091 ἐπιδεῖξαι

191 2111 291 2165 τοῦ
321 2111 420 2165 τὸν
444 2112 702 2184 οὐρανὸν,
736 2112 831 2167 καὶ
855 2111 955 2183 τὴν
977 2112 1104 2183 γῆν,
1127 2113 1222 2167 καὶ
1244 2113 1422 2167 πάντα
1442 2113 1512 2168 τά
1537 2115 1597 2168 ὲν
1618 2114 1803 2182 αὐτοῖς

192 2202 563 2274 πεποιηκότος
582 2203 716 2257 Θεοῦ
736 2222 749 2234 ·
778 2203 1023 2268 πιθανῶς
1049 2205 1148 2275 μὲν
1164 2206 1498 2278 ἐπαγόμενοι
1513 2208 1608 2263 διὰ
1628 2208 1803 2279 λόγων

190 2294 396 2366 τέχνης
416 2296 544 2359 τοὺς
560 2296 859 2366 ἀκεραίους
879 2298 960 2361 είς
980 2296 1073 2350 τὸν
1089 2296 1185 2351 τοῦ
1208 2295 1392 2370 ζητεῖν
1414 2298 1639 2370 τρόπον,
1670 2302 1803 2355 ἀπι-

193 2386 379 2450 θάνως
417 2387 477 2441 δὲ
511 2387 844 2453 ἀπολλύντες
887 2389 1085 2453 αὐτοὺς
1126 2391 1184 2446 ὲν
1230 2391 1309 2463 τῷ
1351 2392 1669 2466 βλάσφημον
1709 2396 1804 2449 καὶ

192 2478 373 2549 ἀσεϐῆ
407 2478 508 2550 τὴν
539 2478 767 2551 γνώμην
800 2479 986 2535 ἀὐτῶν
1007 2483 1438 2550 κατασκευάζειν
1465 2487 1544 2551 είς
1577 2485 1669 2541 τὸν
1694 2490 1803 2558 Δη-

196 2571 486 2644 μιουργὸν,
509 2572 642 2643 μηδὲ
661 2573 720 2626 ὲν
740 2573 816 2645 τῷ
833 2572 1129 2644 διακρίνειν
1143 2574 1160 2606 ¹
1188 2575 1503 2648 δυναμένων
1528 2577 1588 2632 τὸ
1606 2577 1804 2649 ψεῦδος

192 2663 303 2717 ἀπὸ
326 2663 426 2717 τοῦ
464 2664 724 2736 ἀληθοῦςο
769 2667 804 2737 ή
854 2664 964 2736 γάρ
1003 2665 1181 2739 πλάνη
1226 2668 1349 2723 καθ’
1374 2669 1545 2743 αὐτὴν
1577 2672 1678 2743 μὲν
1704 2673 1805 2727 οὐκ

194 2756 590 2824 ἐπιδείκνυται,
608 2758 694 2813 ἵνα
718 2758 794 2831 μὴ
821 2758 1171 2828 γυμνωθεῶα
1195 2760 1419 2834 γένηται
1446 2764 1799 2837 κατάφωροςβ

195 2849 416 2921 πιθανῷ
441 2848 500 2902 δὲ
528 2850 901 2923 περιϐλήματι
936 2851 1264 2925 πανούργως
1296 2857 1672 2928 κοσμουμένη,
1711 2858 1805 2912 καὶ

194 2938 375 3010 αὐτῆς
408 2939 510 3011 τῆς
554 2941 815 3013 ἀληθείας
875 2943 1251 3016 ἀληθεστέραν
1295 2946 1497 3017 ἑαυτὴν
1541 2948 1804 3020 παρέχειν

196 3030 494 3100 φαίνεσθαι
513 3034 535 3062 ³
568 3032 658 3086 διά
682 3033 782 3104 τῆς
803 3033 1008 3100 ἔξωθεν
1033 3037 1336 3106 φαντασίας
1367 3041 1483 3102 τοῖς
1514 3039 1805 3113 ἀπειροτέ-

199 3139 316 3192 ροις
332 3138 348 3152 ·
374 3119 560 3186 καθὼς
578 3121 682 3176 ὑπὸ
704 3122 798 3177 τοῦ
826 3124 1133 3196 κρείττονος
1157 3126 1318 3197 ήμῶν
1340 3126 1559 3199 εἴρηται
1580 3129 1804 3183 ἐπὶτῶν

1897 597 2042 653 circa
2060 596 2250 666 paucis
2271 596 2378 650 huc
2413 610 2587 665 usque
2618 609 2649 648 a
2676 610 2765 651 me
2783 592 3253 658 commemoratis,
3276 591 3489 662 reliqua

1897 703 1963 744 ex
2006 687 2153 742 illius
2200 686 2377 757 ipsius
2431 685 2523 741 Dei
2565 687 2711 741 servi
2755 699 2921 757 opere
2962 691 3281 756 pet-texam;
3326 689 3491 752 atque

1898 780 2133 852 ipsamet
2161 777 2349 835 irenaei
2378 779 2580 845 verba,
2627 795 2696 837 ne
2725 785 2936 838 mutata
2975 776 3198 850 quidem
3240 774 3491 852 syllaba,

1898 870 2209 944 subjiciam.
2235 870 2377 928 Sunt
2402 872 2517 927 haec
2545 871 2818 943 ejusmodi
2855 890 2872 928 :

2396 983 2481 1038 Ea:
2518 994 2704 1039 sancto
2746 981 2972 1040 Irenaeo.

1969 1096 2064 1155 IX.
2093 1097 2229 1155 Cum
2259 1096 2509 1169 plerique
2538 1098 2768 1155 veritate
2794 1104 3106 1168 contempta
3132 1096 3301 1153 falsas
3321 1110 3492 1166 quas~
3576 1088 3579 1091 ’

1900 1188 2028 1245 dam
2058 1190 2410 1248 narrationes
2461 1199 2517 1248 et
2558 1192 2751 1247 inanes
2778 1190 3129 1263 genealogias
3169 1188 3489 1251 obtrudant,

1901 1298 2024 1353 quae
2039 1283 2371 1352 quaestiones
2395 1290 2664 1354 praestant
2692 1281 2888 1354 magis,
2911 1289 2972 1337 ut
2986 1279 3284 1352 Apostolus
3308 1277 3491 1348 loqui-

1903 1382 1993 1430 tur
2010 1373 2053 1443 ⁴,
2075 1390 2241 1445 quam
2261 1374 2682 1432 aediﬁcationem
2704 1374 2815 1440 Dei,
2836 1388 2959 1445 qua:
2980 1380 3067 1429 est
3088 1371 3143 1427 in
3155 1370 3296 1427 ﬁde:
3328 1378 3494 1440 atque

1903 1466 2069 1523 iidem
2091 1468 2168 1522 illi
2190 1468 2388 1524 callida
2410 1468 2822 1541 artiﬁciosaque
2842 1467 3091 1525 oratione
3114 1463 3494 1536 imperitorum

1904 1560 2119 1616 animos
2141 1560 2444 1632 decipiant,
2476 1575 2543 1618 ac
2572 1561 2723 1617 velut
2743 1561 2992 1632 captivos
3022 1557 3335 1628 abripiant;
3361 1554 3494 1611 dum

1903 1658 1959 1707 et
1975 1651 2201 1707 oracula
2225 1652 2413 1709 divina
2436 1653 2761 1725 depravant,
2787 1660 2840 1710 et
2862 1660 3013 1709 recte
3034 1650 3186 1706 dicta
3209 1661 3497 1721 perperam

1904 1742 2372 1816 interpretantur:
2418 1755 2535 1800 tum
2571 1760 2705 1802 vero
2737 1760 2904 1816 quam
2937 1743 3207 1815 plurimos
3240 1740 3308 1796 ab
3330 1738 3498 1809 hujus

1906 1834 2150 1894 universi
2167 1838 2457 1895 conditore
2498 1846 2556 1895 et
2583 1838 2903 1894 ordinatore
2932 1835 3064 1903 Deo,
3094 1834 3231 1891 falsa
3258 1831 3494 1905 quadam

1905 1928 2176 1986 abductos
2217 1932 2403 2001 specie
2437 1932 2792 2004 cognitionis,
2824 1931 2879 1987 in
2911 1927 3211 2003 perniciem
3241 1926 3497 1994 trahant;

1903 2022 2060 2093 quasi
2100 2022 2392 2080 sublimius
2436 2024 2645 2095 aliquid
2684 2039 2750 2080 ac
2788 2023 2969 2093 majus
3005 2036 3072 2078 eo
3115 2020 3500 2079 demonstrare

1904 2113 2140 2187 possint,
2177 2115 2272 2186 qui
2320 2116 2523 2172 cmlum
2576 2124 2910 2187 terramque,
2953 2129 3021 2169 ac
3060 2129 3185 2185 quae
3216 2113 3286 2169 iis
3313 2112 3497 2168 conti-

1905 2212 2108 2261 nentur
2139 2205 2325 2262 omnia
2367 2207 2713 2278 procrearit:
2767 2206 2906 2264 adeo
2936 2214 2996 2263 ut
3023 2204 3307 2275 simplices
3333 2203 3498 2258 mini-

1905 2314 2105 2371 meque
2136 2300 2313 2357 malos
2358 2299 2612 2357 homines
2640 2299 2844 2357 fucatis
2874 2297 3224 2356 sermonibus
3252 2294 3323 2351 ad
3352 2293 3500 2350 veri-

1906 2392 2036 2448 tatis
2056 2391 2463 2464 indagationem
2485 2393 2688 2449 blande
2709 2392 3007 2449 admodum
3043 2390 3296 2454 illiciant,
3315 2401 3499 2458 neque

1908 2494 2089 2543 tamen
2123 2486 2324 2544 blande
2365 2487 2491 2543 illos
2536 2487 2595 2542 in
2629 2486 2859 2543 exitium
2889 2485 3203 2558 impellant,
3235 2483 3369 2538 dum
3393 2480 3494 2537 ad-

1905 2594 2103 2637 versus
2156 2594 2340 2636 rerum
2384 2578 2635 2650 opiﬁcem
2682 2593 2910 2651 pronam
2952 2578 3021 2633 ad
3061 2574 3500 2632 maledicendum

1906 2672 2242 2744 impiamque
2278 2680 2517 2730 tuentem
2558 2673 2835 2744 injiciunt,
2879 2672 3029 2744 quod
3070 2685 3260 2727 verum
3293 2683 3326 2723 a
3361 2667 3502 2724 falso

1905 2765 2224 2823 discernere
2251 2766 2592 2837 quibuscum
2627 2772 2798 2838 agunt
2853 2769 3133 2837 nequeant
3160 2779 3175 2817 :
3206 2775 3321 2816 non
3353 2761 3499 2815 enim

1906 2856 2121 2917 falsitas
2153 2859 2302 2916 nuda
2348 2874 2419 2914 ac
2446 2859 2685 2929 simplex
2715 2857 3064 2929 proponitur,
3106 2870 3175 2910 ne
3212 2853 3333 2911 suis
3363 2854 3505 2907 inte-

1907 2954 2184 3019 gumentis
2214 2951 2435 3007 evoluta
2464 2951 2804 3022 deprehendi
2829 2950 2989 3006 facile
3013 2949 3220 3020 possit;
3250 2947 3349 3005 sed
3379 2961 3506 3017 spe—

1907 3041 2077 3098 ciosis
2100 3043 2404 3100 involucris
2426 3045 2570 3102 miro
2592 3042 2826 3098 artiﬁcio
2860 3041 3149 3114 perpolita,
3189 3050 3248 3095 ut
3275 3049 3502 3096 externa

1910 3147 2106 3203 pompa
2148 3141 2314 3206 atque
2351 3136 2504 3191 cultu
2537 3135 2768 3190 veritate
2809 3135 2929 3205 ipsa
2960 3129 3371 3203 quodammodo
3410 3145 3506 3185 ve-

198 3214 485 3279 τοιούτων,
520 3214 603 3268 ὅτι
630 3215 794 3269 Λίθον
831 3216 925 3270 τὸν
962 3216 1144 3289 τίμιον
1181 3219 1497 3291 σμάραγδον
1514 3220 1675 3285 ὄντα,
1711 3223 1806 3276 καὶ

1912 3225 2112 3282 riorem
2144 3241 2270 3284 sese
2291 3226 2578 3282 radiorum
2608 3226 2787 3284 oculis
2810 3225 3111 3296 subjiciat:
3142 3223 3496 3294 quemadmo-

202 3309 574 3381 πολυτίμητόν
598 3327 739 3363 τισιν
769 3309 932 3374 ὕαλος
959 3310 1265 3383 ἐνυϐρίζειν
1297 3311 1387 3365 διὰ
1410 3311 1606 3384 τέχνης
1630 3330 1802 3385 παρο-

201 3401 532 3473 μοιουμένη,
560 3401 762 3456 ὁπόταν
789 3400 865 3473 μὴ
898 3406 1050 3475 παρῇ
1079 3405 1107 3456 ὁ
1133 3402 1339 3459 σθένων
1364 3404 1679 3476 δοκιμάσαι,
1710 3406 1806 3461 καὶ

195 3493 371 3565 τέχνῃ
391 3491 663 3560 διελέγξαι
697 3492 798 3564 τὴν
832 3492 1161 3564 πανούργως
1209 3493 1536 3566 γενομένηψ
1571 3496 1702 3549 ὅταν
1749 3497 1808 3550 δὲ

194 3588 441 3657 ἐπιμιγῇ
471 3588 500 3639 ὁ
542 3585 742 3655 χαλκὸς
784 3585 865 3648 εἰς
902 3584 998 3639 τὸν
1025 3585 1291 3658 ἄργυρον,
1332 3584 1417 3649 τίς
1448 3585 1686 3651 εὐκόλως
1717 3586 1808 3642 δυ-

196 3679 432 3749 νήσεται
461 3676 650 3731 τοῦτον
674 3676 950 3749 ἀκεραίως
981 3675 1309 3747 δοκιμάσαι;

1909 3318 2038 3374 dum
2058 3317 2133 3373 ab
2155 3319 2340 3391 aliquo
2361 3320 2525 3391 ionge
2543 3334 2706 3391 quam
2736 3335 2838 3375 nos
2862 3317 3242 3391 praestantiore
3268 3316 3337 3372 de
3355 3317 3505 3386 ejus-

1908 3409 2057 3465 modi
2090 3412 2512 3481 pronuntiatum
2546 3422 2662 3468 est:
2699 3410 3006 3482 Exquisita:
3025 3423 3256 3480 gemmae
3283 3422 3347 3462 ac
3372 3423 3501 3478 prc-

1907 3495 2219 3555 tiosissimae
2283 3501 2574 3573 smaragdo
2627 3484 2862 3557 similem
2908 3500 2979 3554 ab
3017 3497 3323 3555 artiﬁcibus
3382 3495 3500 3551 ﬁeri

1909 3590 2144 3645 vitreum
2171 3591 2440 3663 lapillum,
2484 3606 2595 3647 non
2636 3591 2756 3648 sine
2789 3589 3030 3663 quadam
3072 3588 3222 3648 illius
3260 3587 3511 3665 injuria;

1913 3682 2019 3737 nisi
2053 3691 2256 3753 priesto
2289 3684 2384 3749 sit,
2418 3684 2511 3755 qui
2543 3683 2895 3740 discernendi
2922 3682 3120 3756 peritia
3149 3681 3349 3746 valeat,
3372 3681 3505 3752 qui-

198 3788 313 3846 que
339 3782 461 3828 arte
500 3788 607 3829 sua
657 3773 831 3831 fretus
875 3773 1242 3832 adulterinam
1294 3773 1443 3829 illam
1493 3790 1764 3846 gemmam
1831 3776 2258 3853 simulatamque
2300 3782 2629 3854 dignoscat:
2667 3782 2765 3839 sed
2787 3796 2912 3838 cum
2976 3795 3054 3839 es
3121 3786 3353 3855 argento
3401 3778 3506 3834 mi-

200 3872 420 3931 scetur,
452 3866 579 3936 quis
604 3865 710 3921 hoc
740 3865 901 3923 facile
927 3867 1255 3937 sincereque
1288 3866 1612 3923 discernat?

278 3960 403 4013 Ἵνα
438 3953 532 4013 οὖν
568 3957 645 4031 μὴ
689 3959 789 4032 τὴν
817 3958 1096 4032 ἡμετέραν
1131 3959 1310 4014 αίτίαν
1348 3959 1810 4031 συναρπάζωνταί

200 4068 376 4116 τινες,
395 4051 473 4115 ὡς
492 4051 744 4123 πρόϐατα
771 4051 876 4105 ὑπὸ
899 4050 1102 4116 λύκων,
1142 4050 1467 4121 ἀγνοοῦντες
1493 4053 1692 4125 αὐτοὺς
1722 4052 1810 4107 διὰ

202 4142 310 4214 τὴν
353 4140 556 4207 ἔξωθεν
599 4142 699 4213 τῆς
750 4142 1076 4214 προϐατείου
1117 4141 1281 4213 δορᾶς
1317 4141 1610 4214 ἐπιϐουλὴν
1628 4142 1672 4206 ³,
1717 4141 1811 4207 οὒς

201 4234 510 4304 φυλάσσειν
577 4233 962 4307 παρήγγελκεν
1003 4236 1139 4306 ἡμῖν
1176 4236 1205 4289 ὁ
1236 4233 1464 4304 Κύριος,
1505 4235 1669 4305 ὅμοια
1711 4234 1810 4306 μὲν

201 4323 534 4389 λαλοῦντας,
566 4325 797 4395 ἀνόμοια
823 4324 889 4379 δὲ
926 4323 1261 4398 φρονοῦντας
1281 4341 1294 4356 ο
1337 4326 1634 4394 ἀναγκαῖον
1667 4327 1808 4398 ήγη-

205 4420 422 4492 σάμην,
460 4417 697 4491 ἐντυχὼν
724 4421 835 4483 τοῖς
881 4418 1240 4491 ὑπομνήμασι
1269 4418 1399 4484 τῶν,
1434 4418 1511 4484 ὡς
1537 4420 1693 4474 αὐτοὶ
1717 4420 1803 4474 λέ-

1983 3961 2355 4029 Quamobrem
2389 3974 2458 4016 ne
2488 3961 2583 4032 qui
2612 3962 2776 4032 culpa
2804 3969 2996 4017 nostra
3024 3970 3284 4030 tanquam
3312 3978 3442 4019 oves
3468 3978 3502 4021 a

1917 4048 2083 4119 lupit,
2109 4048 2192 4104 sic
2215 4049 2289 4105 ab
2314 4048 2814 4120 illis‘abripiantur,
2846 4051 3005 4123 174
3028 4065 3165 4121 quos
3188 4054 3371 4108 ovium
3388 4056 3500 4125 pcl-

1917 4138 2062 4196 libus
2107 4147 2283 4194 tectos
2332 4140 2676 4210 ignorarint;
2715 4140 3032 4211 cuiusmodi
3067 4143 3340 4201 cavendos
3380 4161 3505 4202 esse

1914 4228 2183 4285 Dominus
2209 4229 2472 4300 praecipit,
2500 4243 2736 4299 quorum
2760 4229 2958 4286 similis
2981 4245 3184 4296 sermo,
3218 4232 3503 4290 dissimilis

1914 4328 2000 4378 est
2028 4322 2280 4377 animus:
2314 4322 2692 4377 necessarium
2726 4323 2931 4393 putavi,
2965 4337 3091 4379 cum
3125 4321 3181 4379 in
3203 4322 3501 4394 Valentini,

1917 4422 1978 4471 ut
2006 4423 2282 4478 asserunt,
2311 4414 2707 4484 discipulorum
2734 4415 3161 4472 commentarios
3187 4416 3500 4485 inciderim,

204 4511 792 4583 γουσιν,οὐαλεντίνου
814 4510 1092 4584 μαθητῶν,
1113 4511 1281 4577 ἐνίοις
1299 4512 1343 4565 δ’
1361 4512 1541 4566 αὐτῶν
1555 4513 1650 4565 καὶ
1672 4529 1806 4584 συμ-

1917 4521 2043 4562 cum
2076 4506 2286 4577 aliquot
2325 4506 2494 4561 etiam
2526 4520 2595 4562 ex
2627 4506 2849 4561 illorum
2891 4522 3125 4562 numero
3171 4522 3504 4581 congressus

204 4599 420 4667 ϐαλὼν,
457 4602 553 4655 καὶ
581 4601 1023 4672 καταλαϐόμενος
1056 4600 1158 4674 τὴν
1193 4600 1424 4673 γνώμην
1457 4600 1662 4666 αὐτῶν,
1703 4618 1810 4674 μη-

204 4694 375 4750 νῦσαί
394 4711 502 4759 σοι,
520 4694 790 4765 ἀγαπητὲ,
814 4693 883 4751 τὰ
904 4693 1185 4765 τερατώδη
1202 4694 1297 4749 καὶ
1318 4693 1490 4764 βαθέα
1515 4696 1810 4766 μυστήρια,

204 4787 248 4842 ἃ.
283 4787 344 4839 οὐ
384 4785 585 4851 πάντες
612 4784 904 4858 χωροῦσιν,
933 4785 1056 4839 ἐπεὶ
1080 4784 1155 4857 μὴ
1179 4787 1382 4851 πάντες
1401 4785 1491 4839 τὸν
1513 4785 1813 4856 ἐγκέφαλον

207 4876 602 4942 ὲξεπτύκασιν,
652 4876 803 4939 ὅπως
840 4877 935 4931 καὶ
973 4877 1060 4941 σὺ,
1100 4875 1287 4948 μαθὼν
1327 4875 1487 4945 αὐτὰ,
1537 4878 1671 4930 πᾶσι
1699 4877 1813 4940 τοῖς

210 4969 364 5043 μετά
395 4968 491 5022 σοῦ
511 4968 725 5041 φανερά
747 4970 1003 5043 ποιήσῃς,
1021 4970 1116 5023 καὶ
1139 4970 1479 5041 παραινέσῃς
1504 4969 1687 5033 αὐτοῖς
1710 4986 1812 5038 φυ-

207 5058 487 5126 λάξασθαι
516 5061 609 5116 τὸν
641 5060 802 5131 βυθὸν
829 5060 930 5131 τῆς
963 5060 1172 5126 ἀνοίας,
1206 5061 1302 5114 καὶ
1326 5059 1430 5129 τῆς
1463 5060 1545 5123 είς
1574 5058 1809 5131 Χριστὸν

210 5152 572 5226 βλασφημίας
595 5170 608 5184 ·
646 5152 761 5220 καὶ,
793 5151 975 5217 καθὼς
1001 5151 1228 5223 δύναμις
1256 5154 1411 5223 ἡμῖν,
1452 5152 1552 5223 τήν
1575 5167 1636 5205 τε
1666 5148 1811 5219 γνώ-

213 5262 336 5317 μην
361 5242 543 5298 αὐτῶν
570 5244 679 5299 τῶν
708 5244 804 5301 νῦν
839 5244 1374 5316 παραδιδασκόντων,
1414 5242 1559 5312 λέγω
1597 5242 1663 5314 δὴ
1704 5242 1813 5296 τῶν

208 5353 354 5407 περι
383 5334 743 5407 Πτολεμαῖον,
776 5334 1097 5408 ἀπάνθισμα
1134 5330 1301 5389 οὖσαν
1326 5332 1425 5404 τῆς
1458 5332 1812 5388 Οὐαλεντίνου

298 5474 316 5505 ⁸
349 5470 496 5527 lren.
535 5471 611 5545 μή
634 5471 949 5544 διακρίνειν.
1024 5473 1045 5503 ¹
1078 5469 1140 5527 F.
1176 5470 1408 5543 παρέχει
1441 5471 1526 5527 vel
1560 5470 1832 5541 φαίνεται.

300 5587 416 5659 (69)
456 5588 553 5659 ’fo
582 5584 713 5659 τῶν.
733 5584 842 5639 τοῦ
882 5586 1076 5654 ἁγίου.
1118 5585 1422 5659 Plurimum
1445 5585 1540 5659 vel
1564 5585 1671 5659 hoc
1700 5599 1814 5659 uno

223 5655 457 5717 nomine
478 5656 547 5712 de
572 5657 719 5726 omni
745 5662 1066 5726 posteritate
1090 5656 1322 5712 meritus
1338 5663 1424 5711 est
1445 5655 1807 5726 Epiphanius,

219 5726 386 5802 quod
412 5727 533 5794 ejus
575 5724 761 5782 studio
798 5724 1002 5802 factum
1045 5735 1151 5798 est,
1192 5726 1467 5802 uiuenti-ai
1491 5724 1802 5802 fragmenta

222 5792 596 5871 quaedam}:
643 5802 798 5850 tanto
843 5796 992 5871 illius
1024 5792 1812 5871 operumZnaufragio'supcr-

220 5864 441 5929 éssent.
485 5864 598 5921 Nos
625 5880 692 5920 ea
722 5881 846 5921 cum
878 5864 1078 5921 Latina
1112 5866 1283 5922 veteri
1334 5864 1805 5939 interpretatiOne,

511 5961 769 6051 Panos
824 5961 940 6023 Gn.
967 5961 1129 6055 XLI“

1920 4596 2139 4664 fuerim,
2182 4597 2310 4662 tibi,
2347 4612 2382 4652 ο
2406 4597 2751 4663 charissime,
2809 4606 3130 4669 portentosa
3160 4600 3251 4656 illa
3287 4615 3353 4657 ac
3376 4617 3506 4674 pro-

1920 4690 2091 4747 funda
2138 4690 2449 4762 signiﬁcare
2490 4692 2785 4763 mysteria;
2841 4707 2965 4762 quae
3010 4692 3230 4763 quidem
3280 4710 3388 4750 non
3435 4697 3501 4751 ad

1917 4792 2141 4854 captum
2163 4782 2410 4838 omnium
2435 4781 2666 4847 faciunt,
2691 4783 2837 4852 quod
2868 4798 2974 4838 non
3001 4799 3195 4842 omnes
3216 4786 3502 4843 cerebrum

1920 4876 2413 4946 exspuerint,utet
2443 4885 2498 4929 tu
2529 4875 2765 4946 cognitis
2789 4875 3169 4941 iis,universis
3195 4878 3290 4949 qui
3320 4886 3502 4935 tecum

1922 4974 2055 5023 sunt
2099 4966 2290 5022 eadem
2341 4964 2611 5031 declares,
2650 4979 2715 5019 ac
2754 4980 3003 5029 moneas,
3051 4967 3128 5020 uti
3172 4968 3501 5023 altissimum

1919 5060 2071 5115 illum
2110 5058 2357 5115 stultitiae
2401 5067 2565 5128 atque
2596 5057 2652 5111 in
2679 5058 2957 5115 Christum
2998 5059 3352 5130 blasphemiae
3375 5075 3505 5131 gur-

1917 5150 2082 5221 gitem
2122 5148 2388 5203 dcvitent.
2440 5146 2648 5217 itaque,
2695 5148 2878 5218 quoad
2926 5149 2981 5203 in
3029 5164 3116 5203 me
3164 5149 3329 5204 situm
3377 5150 3502 5216 erit,

1919 5255 2109 5295 eorum
2153 5238 2245 5309 qui
2294 5239 2501 5294 erroris
2546 5238 2709 5294 hodie
2749 5239 3001 5310 magistri
3046 5244 3194 5305 sunt,
3241 5240 3501 5294 nimirum

1919 5332 2229 5398 Ptolemmi,
2278 5330 2510 5405 ejusque
2560 5338 2926 5397 sectatorum,
2982 5331 3076 5402 qui
3120 5346 3185 5386 ex
3229 5329 3500 5386 Valentini

1909 5470 1929 5503 ⁸
1956 5467 2020 5524 1".
2052 5468 2333 5541 ἐπιϐολήν.
2409 5467 2472 5522 ⁸1
2504 5468 2646 5524 Tim.
2680 5482 2719 5533 ι,
2756 5469 2808 5523 4.

1920 5584 2069 5656 quod
2103 5585 2234 5656 olim
2259 5583 2451 5656 Billius
2487 5582 2713 5656 fecerat,
2741 5584 3032 5656 diligenter
3061 5572 3417 5656 contulimus,
3447 5590 3504 5656 ct

1921 5654 2141 5711 nostras
2180 5654 2436 5725 Billiique
2481 5654 2830 5725 conjecturas
2869 5654 2936 5708 ad
2968 5655 3273 5723 marginem
3324 5654 3502 5709 ascri-

1919 5726 2153 5796 psimus.
2204 5724 2385 5796 neque
2425 5724 2722 5796 quidquam
2775 5724 2878 5780 nisi
2925 5742 2988 5779 ex
3038 5733 3282 5779 veterum
3334 5738 3502 5782 manu

1918 5793 2270 5853 exaratorum
2293 5793 2409 5854 ’ﬁde
2438 5793 2495 5851 in
2519 5793 2780 5852 contextu
2814 5796 2934 5867 ipso
2965 5796 3319 5850 mutavimus.

2929 5956 2934 5961 ’
3030 5958 3098 6032 16,
