3982 6424
540 333 635 394 891

1918 322 1978 380 S.
2021 318 2360 377 EPIPHANII

3689 323 3773 381 £99

543 454 733 513 schola
755 450 1128 517 efﬂoruerunt,
1153 447 1482 507 sententiam
1511 453 1769 503 accurate
1795 459 1859 500 ac
1885 444 2124 501 breviter

2242 442 2442 515 τχολῆς,
2464 441 2742 515 συντόμως
2761 443 2855 497 καὶ
2879 442 3061 514 σαφῶς
3081 439 3522 514 ἀπαγγελοῧμν,
3539 442 3626 496 καὶ
3642 444 3785 516 deop-

544 561 852 619 exponam;
901 552 956 601 et
998 543 1067 598 ad
1099 556 1218 598 eam
1249 537 1597 596 refutandam
1640 537 1836 592 idonea
1869 551 1988 610 ,pro
2024 535 2130 591 mei

547 646 742 713 captus
765 636 1061 708 exiguitate
1087 638 1406 704 argumenta
1433 645 1717 702 suggeram
1741 646 1752 680 :
1781 629 1982 700 quibus
2007 641 2131 698 quae
2165 703 2170 708 ἱ

553 729 621 784 ab
669 727 777 782 illis
829 724 1090 780 dicuntur
1135 719 1471 793 perabsurda
1522 719 1857 788 minimeque
1913 718 2129 788 veritati

553 823 921 873 consentanea
967 827 1090 868 esse
1132 809 1621 875 demonstrabitur,
1673 809 1894 865 tametsi
1949 824 2132 880 neque

480 933 488 941 ο
550 906 775 978 scriptis
806 905 1104 975 quidquam
1143 902 1468 958 elucubrare
1507 903 1910 965 consueverim,
1956 917 2132 971 neque

551 999 770 1055 dicendi
794 999 918 1052 sita
946 1012 1032 1051 me
1061 995 1294 1051 facultas
1321 995 1714 1050 exercitatione
1734 995 1983 1064 quaesita.
2025 993 2132 1050 Sed

552 1105 640 1146 me
673 1088 914 1145 charitas
952 1088 1225 1150 hortatur,
1274 1093 1334 1140 ut
1372 1100 1436 1141 ea
1482 1085 1581 1140 tibi
1627 1086 1849 1156 tuisque
1877 1085 2133 1155 dogmata

545 1179 911 1254 patefaciam,
968 1193 1091 1250 quae
1133 1178 1203 1234 ad
1247 1179 1399 1234 hunc
1441 1178 1714 1233 occultata
1757 1178 1901 1233 diem
1947 1177 2132 1232 divina

549 1276 710 1331 modo
730 1272 904 1346 gratia
926 1278 1175 1344 prompta
1195 1272 1451 1328 omnibus
1475 1277 1774 1341 apertaque
1797 1280 1943 1326 sunt.
1980 1269 2133 1324 Nihil

543 1367 687 1420 enim
715 1373 792 1420 est
824 1364 1110 1422 occultam,
1146 1359 1285 1432 quod
1315 1376 1419 1414 non
1447 1359 1728 1424 reveletur,
1765 1371 1814 1415 et
1847 1359 2134 1416 abscondi-

549 1470 684 1521 tum,
719 1456 858 1527 quod
895 1471 999 1511 non
1024 1453 1289 1510 sciatur’.

624 1548 694 1604 Χ.
719 1548 1012 1604 Enimvero
1027 1547 1163 1602 nihil
1180 1547 1286 1602 erit
1301 1560 1402 1601 cur
1424 1559 1453 1600 a
1477 1544 1654 1608 nobis,
1671 1545 1763 1616 qui
1790 1545 1931 1601 inter
1950 1543 2134 1600 Gallos

549 1639 823 1710 tlegimus,
855 1645 1018 1708 atque
1037 1639 1090 1693 in
1108 1639 1353 1695 barbara:
1373 1637 1570 1710 linguae
1591 1637 1945 1693 meditatione
1963 1637 2136 1707 pluri-

555 1745 706 1785 mum
740 1731 992 1802 occupati
1034 1746 1244 1795 sumus,
1266 1731 1562 1785 oratoriam
1579 1731 1765 1802 exigas
1792 1730 2130 1792 facultatem,

2235 536 2342 607 μάς
2386 534 2628 606 δώσομεν
2667 535 2802 590 κατά
2845 535 2944 607 τὴν
2987 535 3257 606 ἡμετέραν
3291 535 3633 606 μετριότητα,
3664 537 3781 607 πρὸς

2231 628 2292 681 τὸ
2319 627 2648 698 ἀνατρέπειν
2693 627 2884 699 αὐτὴν,
2937 627 3202 680 ἀλλόκοτα
3246 627 3342 681 καὶ
3389 627 3696 696 ἀνάρμοστα
3727 629 3782 698 τῇ

2231 719 2458 792 ἀληθείᾳ
2495 719 2895 785 ἐπιδεικνύντες
2923 719 2992 772 τὰ
3023 719 3113 772 ὑπ’
3147 718 3328 772 αὐτῶν
3354 717 3635 788 λεγόμενα,
3667 719 3786 789 μήτε

2234 813 2569 884 συγγράφειν
2612 812 2927 883 εἰθισμένοι,
2962 814 3102 883 μήτε
3138 811 3310 880 λόγων
3346 810 3540 878 τέχνην
3572 810 3786 879 ἠσκηκό·

2230 921 2321 968 τες
2341 923 2354 936 ·
2385 905 2604 975 ἀγάπης
2628 904 2684 958 δὲ
2705 905 2850 975 ἡμᾶς
2882 902 3331 975 προτρεπομένης
3365 900 3448 953 σοι
3476 918 3534 954 τε
3560 900 3647 953 καὶ
3667 901 3786 955 πᾶσι

2231 997 2346 1059 τοῖς
2375 997 2512 1066 μετά
2536 994 2628 1048 σοῦ
2656 994 2891 1065 μηνῦσαι
2911 994 2978 1046 τὰ
3005 994 3166 1064 μέχρι
3193 992 3288 1056 μὲν
3311 991 3408 1046 νῦν
3431 991 3783 1062 κεκρυμμένα,

2232 1087 2333 1157 ἠδη
2356 1086 2414 1139 δὲ
2440 1085 2580 1139 κατὰ
2607 1086 2705 1156 τὴν
2735 1086 2892 1157 χάριν
2931 1084 3024 1138 τοῦ
3055 1082 3192 1136 Θεοῦ
3227 1085 3306 1145 είς
3355 1082 3587 1152 φανερὸν
3615 1081 3783 1152 ὲληλυ-

2235 1177 2365 1232 θότα
2403 1177 2727 1248 διδάγματα.
2789 1175 2980 1230 Οὐδὲν
3014 1177 3124 1246 γάρ
3162 1176 3295 1228 ἐστι
3339 1172 3786 1242 κεκαλυμμένον,

2233 1267 2266 1322 ὃ
2295 1269 2406 1322 οὐκ
2434 1266 3026 1337 ἀποκαλυφθήσεται,
3046 1266 3144 1319 καὶ
3172 1263 3462 1334 κρυπτὸν,
3502 1262 3534 1316 δ
3574 1264 3642 1317 οὐ
3663 1279 3788 1332 γνω-

2233 1361 2544 1428 σθήσεται.

2306 1537 2361 1594 Ι’.
2393 1536 2509 1591 Οὐκ
2541 1533 2893 1606 ὲπιζητήσεις
2914 1534 2970 1587 δὲ
3002 1536 3134 1605 παρ’
3159 1535 3314 1604 ἡμῶν
3336 1536 3450 1608 (70)
3473 1538 3579 1590 τῶν
3601 1539 3656 1591 ἐν
3674 1539 3786 1591 Κελ.

2235 1631 2347 1691 τοῖς
2377 1628 2782 1699 διατριϐόντων,
2832 1626 2924 1678 καὶ
2969 1625 3095 1696 περί
3141 1624 3419 1698 βάρϐαρον
3461 1629 3720 1683 διάλεκτον
3741 1630 3788 1682 τὸ

2238 1722 2485 1774 πλεῖστον
2518 1717 2928 1789 ἀσχολουμένων
2957 1716 3131 1786 λόγων
3167 1718 3389 1790 τέχνην,
3444 1721 3511 1792 ἣν
3550 1723 3644 1775 οὑκ
3675 1723 3787 1792 ἐμά.

553 1837 720 1892 quam
739 1792 1018 1892 nunquam
1037 1792 1327 1878 didicimus
1343 1839 1357 1889 ;
1373 1836 1550 1892 neque
1571 1792 1843 1877 scribendi
1861 1821 2131 1891 peritiam,

2242 1816 2422 1886 θομεν,
2449 1813 2571 1868 οὕτε
2593 1814 2824 1884 δύναμιν
2846 1811 3229 1882 συγγραφέως,
3257 1813 3326 1882 ἦν
3353 1814 3457 1867 οὐκ
3478 1815 3785 1886 ἠσκήσαμεν.

549 1915 646 1970 cui
666 1929 943 1986 nunquam
964 1914 1300 1980 studuimus;
1328 1929 1505 1984 neque
1521 1914 1778 1969 dictionis
1791 1921 2040 1968 ornatum
2071 1928 2135 1967 ac

552 2006 764 2071 lucum,
796 2021 962 2076 quem
985 2007 1202 2077 penitus
1225 2007 1563 2077 ignoramus.
1591 2005 1732 2072 Quin
1761 2007 1940 2076 potius
1971 2020 2134 2076 qneea

556 2097 716 2152 nobis
750 2096 1092 2166 simpliciter,
1110 2111 1174 2152 ac
1203 2112 1332 2153 vero
1359 2097 1678 2166 vulgarique
1707 2111 1960 2153 sermone
1985 2099 2050 2152 ad
2083 2106 2137 2156 te

554 2203 630 2243 ex
651 2186 920 2243 charitate
941 2187 1284 2253 scribtintur,
1327 2203 1393 2244 ea
1424 2203 1490 2244 ex
1539 2189 1811 2243 charitate
1843 2191 2135 2259 suscipies,

557 2286 727 2349 atque
766 2285 959 2348 utpote
998 2279 1173 2350 magis
1205 2278 1274 2334 ad
1302 2279 1356 2334 id
1398 2280 1762 2350 praestandum
1784 2283 2032 2346 idoneus,
2057 2283 2138 2338 sic

555 2375 824 2440 tanquam
851 2367 1062 2423 semina
1077 2369 1326 2438 quaedam
1353 2376 1406 2424 et
1431 2370 1584 2424 initia
1607 2386 1636 2423 a
1660 2370 1819 2427 nobis
1835 2375 2135 2442 acceperis,

557 2459 699 2516 nova
732 2458 878 2530 apud
917 2466 974 2514 te
1001 2459 1322 2514 accessione
1364 2459 1725 2529 locupletiora
1767 2460 1956 2527 iacies,
1995 2471 2050 2519 et
2084 2466 2138 2520 in

556 2551 760 2608 mentis
787 2558 896 2607 tua:
919 2551 1221 2621 spatiosum
1249 2552 1433 2608 sinum
1458 2553 1761 2620 recondita,
1795 2571 1916 2625 qua:
1949 2558 2139 2627 paucis

559 2657 592 2696 a
616 2657 704 2697 me
730 2643 1024 2712 perstricta
1055 2649 1207 2707 sunt,
1232 2641 1487 2697 uberiore
1512 2641 1692 2697 fructu
1721 2647 2138 2714 compensabis:

560 2745 628 2786 ac
650 2730 892 2802 denique
919 2730 1189 2802 quidquid
1230 2746 1262 2785 a
1294 2746 1382 2786 me
1411 2746 1603 2801 parum
1641 2733 1871 2789 viriliter
1899 2737 2143 2807 explica-
2173 2747 2184 2754 '

561 2827 679 2875 tum
703 2818 890 2883 fuerit,
913 2819 1058 2890 apud
1078 2828 1203 2876 tuos
1215 2835 1445 2876 nervose
1470 2819 1790 2892 fortiterque
1811 2821 2137 2895 disputabis.

561 2911 741 2982 Atque
771 2921 830 2968 ut
858 2927 957 2984 ego
983 2912 1080 2967 tibi
1109 2913 1328 2968 illorum
1359 2914 1683 2969 sententiam
1709 2915 2017 2985 perdiscere
2045 2934 2142 2974 cu-

561 3002 756 3073 pienti,
791 3018 901 3058 non
939 3017 1061 3058 eam
1101 3002 1264 3057 modo
1294 3001 1578 3059 declarare
1611 3005 1815 3072 studui,
1859 3008 2016 3080 175
2045 3011 2142 3066 sed

2235 1906 2359 1960 οὔτε
2393 1903 2778 1976 καλλωπισμὸν
2806 1904 3024 1971 λέξεων,
3059 1903 3181 1958 οὕτε
3217 1903 3576 1977 πιθανότητα,
3623 1907 3683 1974 ἢν
3707 1906 3786 1958 οὐκ

2236 1998 2473 2069 οἴδαμεν.
2525 1997 2684 2050 Ἀλλὰ
2713 1997 2900 2061 ἁπλῶς
2927 1996 3022 2051 καὶ
3065 1999 3279 2070 ἀληθῶς
3309 2001 3406 2054 καὶ
3444 1996 3708 2062 ἰδιωτικῶς
3733 1997 3786 2050 τὰ

2241 2093 2380 2165 μετά
2407 2091 2629 2161 ἀγάπης
2667 2108 2747 2144 σοι
2775 2090 3076 2160 γραφέντα,
3123 2088 3262 2158 μετά
3305 2090 3530 2161 ἀγάπης
3558 2090 3619 2143 σὺ
3647 2105 3785 2160 προσ-

2236 2185 2382 2256 δέξῃ,
2405 2185 2499 2237 καὶ
2520 2183 2680 2246 αὐτὸς
2704 2182 2959 2252 αὐξήσεις
2985 2179 3125 2236 αύτά
3146 2180 3300 2254 παρά
3326 2180 3556 2251 σεαυτῷ,
3581 2180 3666 2234 ἀτε
3691 2182 3784 2233 ἰκα-

2239 2275 2468 2345 νώτερος
2495 2273 2651 2345 ήμῶν
2685 2272 2986 2342 τυγχάνων,
3024 2274 3187 2327 οἰονεί
3222 2272 3514 2346 σπέρματα
3531 2272 3619 2326 καὶ
3643 2271 3784 2343 ἀρχὰς

2239 2365 2417 2421 λαϐὼν
2434 2382 2510 2419 πα
2519 2365 2563 2436 ρ’
2577 2366 2608 2434 ἡ
2616 2363 2754 2435 μῶν,
2767 2363 2860 2416 καί
2872 2361 3029 2432 έν,τῷ
3045 2363 3236 2416 πλάτει
3257 2379 3353 2416 σου
3373 2363 3466 2415 τοῦ
3479 2361 3566 2416 νοῦ
3580 2362 3664 2414 ἐπὶ
3677 2361 3785 2414 πολὺ

2241 2457 2686 2528 καρποφορήσεις
2705 2453 2773 2506 τὰ
2797 2454 2864 2507 δι’
2890 2452 3087 2522 ὀλίγων
3111 2445 3198 2521 ὑφ’
3229 2451 3394 2523 ἡμῶν
3422 2451 3688 2523 εἰρημένα,
3714 2449 3788 2502 καὶ

2239 2548 2481 2612 δυνατῶς
2504 2546 2880 2619 παραστήσεις
2919 2546 3030 2607 τοῖς
3062 2544 3199 2614 μετά
3231 2543 3330 2596 σοῦ
3374 2543 3444 2596 τὰ
3475 2541 3694 2604 ἀσθενῶς
3714 2541 3786 2609 ὑφ’

2241 2640 2397 2714 ἡμῶν
2426 2636 2830 2710 ἐπηγγελμένα.
2885 2637 2996 2690 Καὶ
3030 2637 3106 2698 ὡς
3139 2636 3300 2706 ἡμεῖς
3337 2633 3782 2705 ὲφιλοτιμήθημεν.

2241 2735 2408 2790 πάλαι
2435 2730 2726 2803 ζητοῦντός
2769 2745 2863 2781 σου
2915 2727 3106 2798 μαθεῖν
3138 2726 3236 2797 τὴν
3267 2725 3500 2797 γνώμην
3527 2725 3704 2791 αὐτῶν,
3728 2723 3786 2794 μὴ

2245 2828 2407 2898 μόνον
2453 2841 2536 2877 σοι
2571 2822 2792 2892 ποιῆσαι
2820 2818 3076 2890 φανεράν,
3131 2817 3265 2872 ἀλλά
3295 2820 3397 2873 καὶ
3434 2819 3611 2888 ἐφόδια
3637 2817 3785 2872 δοῦναι

2244 2917 2380 2988 πρὸς
2407 2915 2466 2969 τὺ
2503 2911 2859 2967 ἐπιδεικνύειν
2888 2911 3057 2982 αὐτὴν
3103 2909 3300 2981 ψευδῆ·
3364 2910 3508 2965 οὕτω
3542 2910 3595 2962 δὲ
3623 2909 3708 2963 καὶ
3735 2907 3784 2960 σὺ

2244 3007 2536 3080 φιλοτίμως
2564 3008 2676 3068 τοῖς
2715 3004 2919 3066 λοιποῖς
2950 3003 3318 3074 διακονήσεις,
3350 3004 3492 3058 κατά
3527 3003 3620 3075 τὴν
3656 3000 3785 3072 χάριν

557 3093 759 3150 idonea
788 3107 1008 3164 quoque
1039 3093 1294 3164 praesidia
1321 3094 1388 3149 ad
1418 3095 1564 3148 illam
1595 3097 2024 3154 convincendam
2058 3108 2142 3155 at-

2244 3102 2344 3174 τὴν
2373 3099 2511 3170 πρὸς
2539 3097 2632 3152 τοῦ
2652 3095 2856 3168 Κυρίου
2883 3111 2964 3148 σοι
2987 3094 3299 3166 δεδομένην,
3331 3097 3413 3159 εἰς
3432 3096 3492 3149 τὺ
3517 3095 3784 3166 μηκέτιπα·

561 3182 694 3238 tuli:
746 3184 819 3240 ita
871 3192 927 3241 et
969 3192 1026 3240 tu
1057 3199 1156 3256 pro
1184 3199 1246 3240 ea
1275 3200 1399 3255 quae
1425 3192 1605 3242 tecum
1641 3201 1671 3240 a
1700 3187 1813 3244 Deo
1835 3193 2142 3247 communi-

558 3284 684 3332 cata
717 3277 890 3348 gratia
925 3286 1030 3342 est,
1069 3283 1394 3332 caeterorum
1449 3278 1696 3348 impense
1742 3282 2050 3340 rationibus
2087 3294 2142 3341 et

2252 3191 2384 3266 ρασύ
2395 3191 2580 3264 ρεσθαι
2599 3189 2726 3251 τοὺς
2750 3186 3067 3258 ἀνθρώπους
3095 3186 3199 3240 ὑπὸ
3227 3189 3340 3258 τῆς
3364 3185 3582 3242 ἐκείνων
3607 3183 3784 3239 πιθανο-

2248 3286 2432 3356 λογίας
2459 3281 2625 3351 οὖα-ης
2653 3279 2931 3348 τοιαύτηςο

563 3372 778 3426 utilitati
803 3370 1031 3436 servies,
1052 3387 1119 3428 ne
1145 3372 1200 3425 in
1218 3379 1496 3441 posterum
1519 3373 1808 3443 quisquam
1832 3377 2028 3435 blanda
2047 3382 2261 3440 illorum
2289 3381 2535 3438 oratione
2549 3379 2814 3448 capiatur.
2836 3376 2967 3442 Quae
2998 3375 3052 3430 in
3075 3375 3220 3430 hunc
3242 3377 3467 3432 modum
3491 3391 3603 3434 sese
3623 3374 3782 3430 habet:

631 3465 910 3535 Principio
949 3467 1004 3520 in
1031 3460 1461 3523 sublimitatibus
1490 3467 1618 3534 illis,
1667 3485 1790 3539 qua:
1820 3487 1995 3543 neque
2019 3477 2146 3534 visu

566 3557 791 3629 percipi,
839 3569 1017 3626 neque
1056 3557 1423 3628 appellatione
1453 3558 1561 3612 ulla
1589 3562 1978 3631 comprehendi
2011 3583 2140 3638 pos-

567 3655 720 3712 sunt,
755 3647 1057 3718 perlectum
1085 3649 1262 3705 inesse
1291 3650 1582 3718 quemdam
1609 3650 1841 3708 IEonem
1866 3669 2142 3726 asserunt,

569 3753 730 3808 quem
762 3745 819 3794 et
853 3739 1089 3808 primum
1135 3737 1444 3803 Parentem,
1476 3749 1531 3794 et
1562 3737 1794 3810 Bytlium
1814 3740 2144 3804 "nominant.

570 3825 727 3882 llunc
767 3841 892 3880 cum
934 3827 1084 3880 nullo
1137 3827 1258 3882 loco
1287 3828 1556 3884 contineri
1597 3845 1698 3886 nec
1736 3833 1909 3888 videri
1940 3847 2143 3904 posset,

565 3917 958 3987 sempiternum
991 3931 1093 3972 nec
1120 3917 1362 3988 genitum
1393 3918 1447 3973 in
1483 3920 1666 3989 quiete
1688 3929 1853 3993 atque
1885 3925 1998 3980 otio
2025 3927 2148 3981 inli-

569 4009 704 4064 nitis
743 4022 1126 4080 perseverasse
1193 4009 1428 4065 saeculis.
1471 4012 1719 4078 Quocum
1755 4013 2016 4070 Ennceam
2049 4033 2147 4073 ex-

568 4099 777 4157 stitisse
801 4099 1026 4170 pariter,
1055 4115 1222 4170 quam
1252 4099 1344 4155 isti
1376 4099 1620 4157 Gratiam
1646 4117 1709 4158 ac
1733 4104 1898 4174 Sigen
1928 4116 2146 4163 vocant.

565 4194 646 4246 Ac
663 4188 834 4246 fuisse
850 4198 1066 4260 tempus
1083 4190 1399 4260 aliquando,
1421 4207 1544 4248 cum
1567 4192 1774 4264 Bythus
1792 4195 1882 4250 ille
1901 4197 2147 4253 omnium

566 4296 636 4337 ex
671 4296 793 4336 sese
823 4280 1123 4351 primordia
1143 4282 1448 4351 producere
1478 4284 1750 4353 voluerit,
1785 4301 1850 4341 ac
1887 4295 2150 4358 tanquam

569 4371 798 4437 semina,
831 4386 953 4441 quae
979 4372 1036 4426 in
1059 4371 1221 4443 Sigcn
1249 4375 1512 4442 aequalem
1547 4389 1612 4431 ac
1652 4391 1963 4448 comparem
1990 4394 2146 4435 suam

2319 3477 2550 3544 Λέγουσι
2578 3473 2688 3542 γάρ
2709 3469 2830 3524 τινά
2853 3467 2992 3522 εἶναι
3015 3470 3072 3523 ὲν
3098 3471 3356 3540 ἀοράτοις
3382 3471 3474 3524 καὶ
3496 3465 3779 3536 ἀκατονομά-

2249 3585 2395 3631 στοις
2416 3564 2671 3636 ύψὼμασι
2702 3563 2906 3616 τέλειον
2932 3561 3112 3615 Αἰῶνα
3135 3562 3374 3632 προόντα
3393 3578 3408 3592 ⁶
3443 3563 3620 3615 τοῦτον
3638 3559 3685 3611 δὲ
3711 3556 3778 3610 καὶ

2249 3660 2574 3731 Προπάτορα
2590 3659 2632 3721 ¹,
2653 3655 2745 3708 καὶ
2767 3655 2934 3707 Βυθὸν
2953 3654 3229 3708 καλοῦσιν.
3247 3655 3587 3726 ’Υπάρχοντα
3603 3653 3641 3706 δ’
3655 3648 3781 3704 αὑτὸν

2249 3744 2529 3816 ἀχώρητον
2575 3744 2671 3796 καὶ
2717 3742 2968 3813 ἀόρατον,
3007 3742 3180 3796 ἀΐδιόν
3209 3759 3271 3795 τε
3295 3745 3391 3798 καὶ
3424 3743 3710 3813 ἀγέννητον,
3738 3738 3782 3789 ὲν

2248 3836 2475 3907 ἡσυχίᾳ,
2529 3833 2622 3888 καὶ
2670 3833 2877 3906 ἠρεμίᾳ⁵
2934 3833 3100 3903 πολλῇ
3151 3835 3437 3902 γεγονέναι
3481 3835 3536 3886 ὲν
3579 3831 3782 3901 ἀπείροις

2255 3927 2417 3980 αἰῶσι
2449 3925 2672 3995 χρόνων.
2717 3924 3092 3995 Συνυπάρχειν
3114 3923 3157 3976 δ’
3180 3925 3334 3996 αύτῷ
3357 3926 3451 3979 καὶ
3472 3927 3709 3988 Ἐννοιαν,
3729 3921 3780 3990 ἣν

2251 4017 2316 4088 δὴ
2339 4017 2432 4069 καὶ
2461 4016 2654 4085 Χάριν,
2691 4015 2786 4067 καὶ
2805 4014 2972 4083 Σιγὴν
3000 4013 3328 4084 ὀνομάζουσι
3351 4035 3364 4049 ·
3385 4017 3478 4071 καὶ
3512 4010 3779 4086 ἑννοηθῆναί

2254 4125 2386 4162 ποτε
2407 4108 2502 4175 ἀφ’
2531 4106 2724 4159 ἑαυτοῦ
2749 4105 3114 4176 προϐαλέσθαι
3140 4106 3233 4160 τὸν
3256 4108 3426 4162 Βυθὺν
3448 4107 3622 4162 τοῦτον
3641 4103 3780 4176 ἀρχὴν

2253 4197 2361 4251 τῶν
2387 4197 2626 4252 πάντων.
2650 4196 2744 4248 καὶ
2772 4193 3022 4266 καθάπερ
3045 4195 3266 4267 σπέρμα
3290 4199 3389 4268 τὴν
3413 4197 3659 4270 προϐολὴν
3678 4191 3778 4245 ταύ-

2253 4305 2372 4358 την,
2415 4287 2482 4358 ἢν
2514 4285 2877 4358 προϐαλέσθαι
2909 4285 3184 4356 ὲνενοήθη,
3223 4288 3319 4341 καὶ
3361 4289 3629 4352 καθέσθαι,
3652 4285 3777 4347 ὼςὲν

2257 4380 2440 4449 μήτρᾳ
2473 4377 2606 4447 (7i),
2647 4378 2714 4446 τῇ
2756 4376 3171 4448 συνυπαρχούσῃ
3205 4378 3386 4451 ἑαυτῷ
3420 4382 3567 4449 Σιγῇ.
3602 4375 3777 4442 Ταύτην

566 4462 730 4532 quasi
765 4462 1049 4517 matricem
1084 4461 1304 4518 infudit.
1345 4464 1475 4520 Eam
1508 4481 1675 4536 porro
1701 4470 1910 4527 semine
1936 4473 2029 4525 illo
2052 4487 2142 4527 ex-

2252 4467 2308 4520 δὲ
2339 4466 2740 4537 ὑποδεξαμένην
2768 4467 2828 4519 τὸ
2852 4467 3073 4537 σπέρμα
3102 4467 3280 4531 τοῦτο,
3315 4469 3406 4522 καὶ
3438 4468 3688 4538 ἐγκύμονα
3708 4479 3778 4530 γε·

570 4560 728 4623 cepto
759 4553 1063 4625 gravidam,
1090 4557 1309 4611 demum
1341 4556 1578 4612 similem
1608 4560 1841 4628 genitori
1867 4578 1990 4627 suo,
2005 4563 2150 4630 Nun,

569 4645 944 4714 mqualemque
975 4645 1272 4716 peperisse,
1305 4647 1398 4717 qui
1429 4647 1582 4705 solus
1599 4648 1853 4706 Parentis
1880 4655 2155 4723 magnitu-

571 4731 752 4789 dinem
777 4743 1014 4805 caperet.
1047 4735 1310 4793 Eumdem
1327 4736 1451 4792 Nun
1467 4740 1630 4794 etiam
1652 4739 1952 4811 Unigenam
1975 4745 2153 4800 nomi-

571 4833 725 4890 nant,
769 4836 823 4882 et
869 4825 1107 4892 Patrem,
1161 4835 1217 4883 et
1259 4827 1596 4899 Principium
1634 4846 1818 4887 rerum
1863 4836 2152 4903 omnium;

569 4933 806 4990 quocum
838 4935 946 4975 una
978 4928 1268 4991 procreata
1298 4921 1370 4978 sit
1402 4921 1641 4980 Veritas.
1702 4924 1857 4980 lianc
1885 4941 2008 4982 esse
2037 4928 2153 4997 pri-

570 5026 713 5065 mam
733 5024 797 5066 ac
816 5010 1115 5082 principem
1142 5012 1292 5067 illam
1308 5011 1786 5086 Pythagoreorum
1807 5017 2152 5088 quadrigam,

567 5119 731 5175 quam
755 5113 808 5160 et
824 5104 1204 5161 universorum
1229 5105 1467 5161 radicem
1491 5107 1782 5176 appellant.
1809 5108 1948 5163 Sunt
1969 5115 2150 5163 autem

570 5195 775 5270 Bythus
803 5212 868 5252 ac
896 5195 1056 5268 Sige;
1108 5205 1223 5250 tum
1256 5195 1370 5250 an
1412 5211 1477 5252 ac
1512 5194 1749 5252 Veritas.
1783 5196 1996 5261 Postea,
2024 5212 2150 5252 cum

575 5286 770 5352 quibus
792 5285 861 5340 de
882 5285 1065 5342 causis
1086 5285 1390 5356 productus
1414 5293 1560 5340 esset
1595 5283 1838 5355 Unigena
1857 5287 2146 5352 sensisset,

2249 4558 2480 4629 νομένην
2510 4559 2821 4629 ἀποκυῆσαι
2854 4559 3209 4630 Νοῦν,ὂμοιόν
3239 4577 3299 4614 τε
3326 4561 3420 4614 καὶ
3447 4561 3554 4613 ίσον
3583 4558 3651 4628 τῷ
3675 4571 3776 4626 προ-

2250 4649 2484 4710 ϐαλόντι,
2521 4649 2614 4703 καὶ
2645 4649 2805 4719 μόνον
2831 4649 3109 4721 χωροῦντα
3136 4651 3198 4704 τὸ
3229 4653 3455 4722 μέγεθος
3477 4651 3566 4706 τοῦ
3585 4645 3772 4715 Πατρός·

2249 4740 2353 4793 Τὸν
2396 4739 2454 4792 δὲ
2485 4737 2628 4793 Νοῦν
2658 4739 2849 4794 τοῦτον
2891 4742 2983 4794 καὶ
3009 4741 3284 4811 Μονογενῆ
3317 4742 3554 4805 καλοῦσι,
3587 4739 3668 4792 καὶ
3690 4736 3774 4788 [Ia-

2247 4829 2404 4900 τέρα,
2437 4831 2531 4883 καὶ
2573 4831 2770 4902 Ἀρχὴν
2798 4832 2905 4886 τῶν
2937 4833 3183 4886 πάντων·
3228 4829 3708 4904 συμπροϐεϐλῆσθαι
3729 4824 3772 4876 δὲ

2248 4921 2395 4993 αὐτῷ
2411 4921 2709 4992 Ἀλήθειαν.
2729 4924 2838 4976 Καὶ
2855 4921 2992 4997 εἶναι
3014 4925 3216 4994 ταύτην
3244 4925 3456 4995 πρῶτον
3477 4925 3496 4955 ³
3543 4921 3627 4975 καὶ
3644 4913 3772 4988 ἀρχέ-

2249 5029 2405 5081 γονον
2448 5013 2829 5085 Πυθαγορικὴν
2884 5015 3219 5086 τετρακτὺν,
3272 5017 3338 5088 ἢν
3382 5016 3472 5068 καὶ
3515 5013 3652 5084 ῥίζαν
3686 5004 3771 5058 τῶν

2249 5103 2468 5157 πάντων
2493 5103 2766 5157 καλοῦσιν.
2820 5105 2976 5159 Ἐστι
3005 5105 3111 5177 γὰρ
3137 5107 3305 5170 Βυθὸς
3329 5107 3420 5160 καὶ
3446 5103 3595 5173 Σιγὴ,
3618 5099 3769 5152 ἔπειτα

2247 5195 2393 5258 Νοῦς
2419 5195 2511 5249 καὶ
2543 5195 2819 5267 Ἀλήθεια.
2854 5197 3187 5269 Αἰσθόμενὸν
3208 5216 3267 5251 τε
3289 5199 3376 5251 τὸν
3399 5191 3654 5262 Μονογενῆ
3670 5183 3770 5238 τοῦ·

2247 5304 2338 5342 τον
2370 5287 2456 5356 ἐφ’
2494 5283 2576 5352 οἷς
2616 5288 2948 5360 προεϐλήθη,
2989 5290 3282 5361 προϐαλεῖν
3327 5290 3418 5343 καὶ
3465 5285 3611 5340 αὐτὸν
3631 5277 3768 5344 Λόγον

611 5456 630 5487 ⁸
666 5455 856 5513 Matth.
887 5473 944 5526 ι,
976 5460 1068 5517 26.
1143 5463 1164 5494 ¹
1189 5460 1330 5520 lren.
1359 5462 1452 5516 καὶ
1477 5458 1778 5536 προαρχὴν,
1811 5463 1923 5519 καί.
1991 5465 2012 5496 ³
2035 5467 2117 5519 An

2242 5462 2408 5538 ὒτηνῖ

649 5635 757 5706 (70)
798 5637 920 5715 οὐκ
954 5641 1326 5715 ἐπι-ζητήσεις
1354 5644 1431 5715 δὲ-
1457 5645 1594 5713 παρ’
1618 5644 1805 5714 ἡμῶν.
1833 5644 1989 5715 Quod
2016 5661 2141 5715 per-

577 5718 760 5763 peram
794 5713 947 5760 antea
978 5711 1199 5783 Δίλφοις
1219 5729 1316 5782 pro
1341 5711 1562 5777 Κελτοῖς
1587 5711 1886 5784 legebatur,
1905 5733 1968 5772 ex
1999 5711 2130 5788 Reg.

2247 5647 2370 5703 cod.
2405 5651 2731 5706 auctoritate
2765 5652 3113 5707 sustulimus.

2281 5719 2418 5790 '(7-l)
2468 5703 3120 5794 Kal
3143 5723 3356 5792 μήτρᾳ.
3399 5719 3622 5791 Εκραηε·
3661 5703 3753 5765 καί
