3982 6424
545 343 652 401 695

1929 337 1990 394 8.
2032 336 2125 393 ΕΡΣ

2226 335 2375 392 lANll
3680 343 3766 400 ιιι

541 460 718 516 raeda
751 473 1065 531 arcanaque
1099 456 1387 530 mysteria,
1426 470 1588 528 quem
1619 469 1780 512 suum
1812 455 1981 512 veluti
2013 455 2125 510 fru-

2229 454 2390 527 ὡρῶν
2415 453 2543 518 τοὺς
2572 453 2786 519 Αίῶνας
2831 453 3174 526 μεμηνύσθαι
3218 454 3468 508 θέλουσιο
3519 455 3608 508 καὶ
3639 456 3767 511 ταῦτ’

520 559 696 606 ctum
721 548 1040 621 proferunt;
1073 563 1138 602 ac
1161 549 1206 604 si
1235 547 1368 618 quid
1391 545 1538 600 aliud
1563 552 1669 612 est,
1696 544 1842 616 quod
1868 546 1923 599 in
1956 545 2128 602 sacris

546 641 768 698 Litteris
786 647 938 695 certo
953 654 1180 695 numero
1199 637 1655 709 comprehensum
1674 637 1738 692 ad
1759 636 1969 692 (utilem
1980 651 2129 693 com-

545 732 957 803 mentitiamque
987 730 1228 787 fabulam
1260 729 1667 786 accommodari
1696 730 1890 802 possit.

574 906 668 962 XI.
686 907 784 965 His
796 909 871 964 ita
882 907 1215 975 constitutis,
1226 907 1460 978 primum
1474 906 1917 962 illumParentem
1931 904 2130 961 abUni-

543 1015 679 1069 gena
695 1001 834 1065 solo,
854 1015 1015 1071 quem
1033 1000 1080 1055 is
1097 999 1378 1070 produxit,
1405 997 1498 1068 qui
1530 997 1672 1052 idem
1690 1006 1745 1053 et
1772 995 1888 1052 Nus
1903 997 2125 1062 dicitur,

541 1093 796 1163 cognosci
815 1092 1089 1150 deﬁniunt
1107 1111 1120 1158 λ
1143 1091 1212 1146 ab
1229 1091 1458 1161 reliquis
1475 1089 1732 1146 omnibus
1756 1104 1932 1160 neque
1955 1089 2165 1146 videri-

534 1198 726 1254 posse,
765 1199 946 1254 neque
978 1183 1163 1238 animo
1203 1182 1675 1253 intelligentiaque
1712 1181 2124 1252 comprehendi.

532 1276 908 1343 Quamobrem
933 1291 1059 1330 cum
1091 1274 1345 1330 Parentis
1383 1275 1847 1345 contemplatione
1877 1288 2001 1330 sese
2039 1273 2129 1329 ille

532 1384 686 1424 unus
705 1369 1036 1433 oblectaret,
1072 1377 1238 1438 atque
1271 1367 1538 1422 immensa
1569 1367 1716 1424 illius
1751 1367 2129 1438 magnitudine

533 1457 928 1530 cognoscenda
951 1457 1300 1513 vehementer
1326 1457 1649 1522 exsultaret,
1695 1459 1960 1514 statuisse
2001 1458 2129 1512 reli-

539 1551 668 1622 quis
680 1549 953 1605 Eonibus
965 1547 1219 1603 Parentis
1236 1548 1450 1619 aperire
1469 1547 1900 1620 magnitudinem
1917 1567 1932 1616 ;
1948 1564 2053 1620 qua
2062 1565 2127 1603 n-

532 1647 634 1692 tus
660 1637 770 1702 hic,
810 1651 1086 1708 quamque
1117 1636 1460 1694 admirabilis
1489 1636 1660 1704 (oret;
1699 1645 1867 1708 utque
1892 1648 1947 1694 et
1977 1640 2130 1708 prin-

541 1728 688 1798 cipio
729 1736 964 1794 careret,
1002 1735 1057 1782 et
1103 1727 1254 1780 nullo
1288 1727 1468 1796 spatio
1535 1741 1600 1780 ac
1643 1728 1959 1798 cognitione
2007 1729 2128 1799 capi

2231 541 2368 600 εῐναι
2401 545 2468 598 τά
2494 546 2706 618 μεγάλα
2727 546 2820 599 καὶ
2842 546 3132 616 θαυμαστὰ
3161 547 3255 599 καὶ
3289 546 3570 616 ἀπόρρητα
3599 549 3770 619 μυστή.

2232 655 2345 710 ρια,
2397 637 2433 692 ὃ.
2475 636 2920 710 καρποφοροῦσιν
2957 637 3131 696 αὐτοὶ,
3180 638 3274 689 καὶ
3313 638 3367 689 εἴ
3404 637 3504 689 πού
3533 654 3584 690 τι
3613 639 3708 691 τῶν
3727 642 3773 694 ἐν

2231 730 2426 802 πλήθει
2467 730 2775 802 εἰρημένων
2814 731 2872 783 ἐν
2911 731 3031 792 ταῖς
3065 729 3311 800 Γραφαϊς
3347 727 3591 801 δυνηθείη
3630 745 3772 800 προσ-

2231 819 2491 890 αρμόσαι,
2522 820 2616 872 καὶ
2641 819 2856 874 εἰκάσαι
2884 817 2962 889 τῷ
2994 818 3272 888 πλάσματι
3311 818 3509 871 αὐτῶν.

2294 911 2394 964 IA'.
2411 911 2514 964 Τὸν
2529 909 2629 981 μὲν
2643 907 2734 964 οῦν
2747 910 3077 982 Προπάτορα
3093 909 3269 963 αὐτῶν
3284 908 3637 978 γινώσκεσθαι
3655 909 3775 980 μόνῳ

2229 1003 2446 1072 λέγουσι
2468 1004 2547 1074 τῷ
2578 1003 2637 1068 ἐξ
2663 1003 2825 1057 αὑτοῦ
2848 1003 3092 1072 γεγονότι
3113 1005 3428 1071 Μονογενεῖ,
3463 1001 3691 1054 τουτέστι
3713 1002 3776 1072 τῷ

2190 1159 2194 1163 _
2229 1096 2346 1166 Νῷ,
2373 1099 2490 1159 τοῖς
2530 1095 2586 1148 δὲ
2613 1096 2818 1158 λοιποῖς
2846 1097 3011 1149 πᾶσιν
3036 1096 3265 1165 ἀόρατον
3299 1095 3396 1147 καὶ
3429 1093 3774 1163 ἀκατάληπτον

2231 1187 2516 1259 ὑπάρχειν.
2569 1188 2749 1251 Μόνος
2796 1187 2854 1240 δὲ
2901 1189 2929 1240 6
2970 1185 3114 1250 Νοῦς
3154 1186 3274 1239 κατ’
3319 1188 3515 1248 αὐτοὺς
3552 1185 3777 1256 ἐτέρπετο

2230 1279 2449 1350 θεωρῶν
2495 1278 2585 1332 τὸν
2617 1279 2856 1351 Πατέρα,
2905 1280 3000 1332 καὶ
3037 1280 3097 1332 τὸ
3141 1278 3371 1350 μέγεθος
3415 1277 3475 1330 τὸ
3505 1277 3777 1349 ἀμέτρητον

2231 1371 2396 1425 αὐτοῦ
2446 1371 2746 1437 κατανοῶν,
2801 1371 3086 1442 ἠγάλλετο,
3137 1373 3233 1425 καὶ
3273 1371 3526 1424 διενοεῖτο
3563 1372 3651 1424 καὶ
3687 1374 3776 1434 τοῖς

2229 1460 2435 1526 λοιποῖς
2470 1461 2672 1516 Αἰῶσιν
2710 1460 3180 1516 ἀνακοινώσασθαι
3219 1461 3281 1514 τὸ
3319 1460 3544 1531 μέγεθος
3578 1460 3664 1513 τοῦ
3687 1461 3776 1513 Πα-

2229 1552 2375 1623 τρός,
2412 1553 2599 1625 ἡλίκος
2626 1571 2689 1607 τε
2710 1555 2804 1610 καὶ
2829 1555 2952 1618 ὅσος
2991 1555 3228 1625 ὑπῆρχε.
3271 1555 3383 1607 Καὶ
3407 1554 3480 1618 ὡς
3497 1551 3563 1625 ἦν
3579 1554 3775 1624 ἀναρχός

2228 1661 2288 1697 τε
2324 1648 2417 1700 καὶ
2450 1647 2756 1718 ἀχώρητος,
2789 1649 2883 1700 καὶ
2908 1651 2969 1701 οὐ
3004 1647 3352 1718 καταληπτδς
3381 1648 3524 1701 ἰδεῖν.
3565 1649 3774 1718 Κατέσχε

2230 1737 2285 1791 δέ
2311 1739 2474 1791 αὐτὸν
2501 1742 2533 1811 ἡ
2557 1740 2693 1809 Σιγὴ
2717 1739 2968 1811 βουλήσει
3007 1737 3101 1792 τοῦ
3134 1740 3371 1811 Πατρός,
3421 1739 3509 1792 διὰ
3549 1740 3605 1792 τὸ
3630 1740 3775 1792 θέλειν

535 1828 749 1894 posset.
783 1819 891 1876 Sed
935 1820 990 1875 id
1027 1835 1139 1890 quo
1167 1819 1350 1875 minus
1386 1827 1693 1890 praestaret,
1739 1819 1903 1890 Sigen
1927 1819 1995 1875 de
2019 1819 2123 1874 Pa-

2233 1831 2438 1894 πάντας
2478 1831 2675 1895 αὐτοὺς
2703 1833 2782 1895 είς
2826 1831 3035 1884 ἔννοιαν
3077 1832 3170 1884 καὶ
3201 1832 3370 1885 πόθον
3413 1830 3673 1903 ζητήσεως
3701 1831 3774 1884 τοῦ

538 1915 716 1971 rentis
761 1913 1094 1983 repressisse
1127 1912 1388 1967 consilio:
1436 1912 1580 1982 quod
1615 1911 1706 1966 ille
1738 1913 1896 1983 177
1919 1911 2126 1970 JEones

536 2022 735 2063 clunes
765 2006 966 2064 summi
995 2006 1062 2061 ad
1094 2003 1351 2060 Parentis
1387 2005 1637 2059 notitiam
1678 2004 2127 2075 desideriumque

537 2095 840 2167 perducere
880 2096 1171 2151 niteretur.
1223 2097 1301 2150 Ac
1330 2095 1514 2150 caeteri
1542 2094 1764 2165 quidem
1789 2110 1858 2150 ex
1882 2094 2124 2150 Eanum

533 2202 698 2259 grege
738 2195 1018 2243 auctorem
1047 2199 1397 2258 satoremque
1433 2201 1618 2253 suum,
1648 2187 1752 2242 hoc
1783 2194 1868 2243 est
1900 2187 2126 2258 stirpem

538 2279 690 2333 illam
733 2279 1084 2350 radicemque
1112 2281 1370 2351 principii
1421 2290 1698 2351 expertem
1730 2281 1931 2342 omnis,
1963 2295 2127 2337 nosse

537 2370 770 2426 comiter
793 2385 859 2426 ac
885 2371 1166 2427 moderate
1204 2373 1523 2442 cupiebant.
1559 2371 1666 2428 Sed
1695 2370 1973 2442 Sapientia
2000 2372 2128 2427 ulti-

537 2478 662 2518 mus
701 2470 945 2533 natuque
977 2463 1242 2519 minimus
1271 2462 1416 2517 :Eon
1445 2478 1512 2518 ex
1545 2463 1637 2518 illa
1661 2463 1970 2528 Dodecade,
2005 2479 2128 2533 quae

536 2556 606 2611 ab
631 2554 866 2610 Homine
894 2555 1249 2626 Ecclesiaque
1267 2563 1566 2626 propagata
1593 2565 1698 2622 est,
1729 2559 1886 2626 longe
1907 2559 2127 2614 caeteris

539 2647 1005 2717 intemperantius
1023 2661 1146 2703 sese
1166 2647 1386 2701 extulit.
1414 2647 1604 2718 Itaque
1629 2649 1750 2704 sine
1772 2649 1982 2705 Theleti
2005 2665 2129 2704 con-

533 2737 686 2808 jugis
713 2739 1064 2809 copulatione
1084 2736 1426 2795 aﬂectionem
1454 2740 1510 2795 in
1540 2757 1599 2797 se
1619 2741 1914 2812 quamdam
1941 2757 2130 2799 susce-

539 2830 639 2899 pit,
664 2845 790 2902 quae
825 2831 880 2884 in
912 2829 1094 2885 Mente
1125 2844 1190 2884 ac
1217 2828 1458 2888 Veritate
1487 2841 1665 2904 empta
1693 2835 1869 2904 prius,
1895 2836 1951 2889 in
1985 2834 2127 2890 infe-

539 2924 696 2980 licem
733 2923 884 2977 illum
917 2929 974 2976 et
1025 2922 1372 2978 aberrantem
1404 2923 1635 2981 Eonem
1668 2926 1956 2980 incubuit:
2006 2941 2129 2997 quae

537 3014 720 3084 specie
740 3013 960 3084 quidem
985 3014 1272 3070 charitatis
1299 3016 1560 3082 excitata,
1587 3031 1780 3072 revera
1802 3018 2127 3074 temeritatis

535 3113 700 3175 atque
727 3105 970 3160 audaciae
986 3104 1110 3170 fuit,
1133 3105 1280 3176 quod
1299 3119 1423 3160 cum
1452 3105 1694 3176 perfecto
1711 3105 1946 3162 Parente
1971 3121 2128 3162 com-

535 3195 813 3249 municata
856 3195 1084 3250 minime
1133 3194 1334 3254 fuerat.
1391 3194 1525 3250 Erat
1561 3205 1744 3252 autem
1793 3197 1908 3252 haec
1953 3198 2122 3252 animi

533 3287 848 3352 commotio,
879 3285 1132 3344 Parentis
1175 3286 1489 3358 inquirendi
1528 3289 1795 3356 studium,
1836 3289 2020 3359 cujus,
2064 3297 2124 3345 ut

533 3379 713 3447 aiunt,
755 3381 1190 3452 magnitudinem
1230 3381 1545 3453 cognitione
1570 3382 1792 3453 assequi
1823 3383 2124 3439 contende-

532 3470 646 3525 bat.
663 3469 868 3526 Vcrum
887 3470 1093 3527 frustra
1117 3472 1422 3537 laborabat,
1447 3473 1592 3544 quod
1625 3489 1749 3529 eam
1775 3489 1892 3529 rem
1913 3489 2121 3530 concu-

532 3558 766 3628 piverat,
782 3573 905 3628 quae
925 3559 1160 3616 obtineri
1178 3560 1334 3615 nullo
1359 3561 1522 3615 modo
1546 3570 1752 3630 posset.
1777 3563 1968 3634 Itaque
1993 3579 2119 3619 cum

534 3651 592 3704 in
658 3664 878 3704 summa
939 3652 1292 3707 contentione
1333 3659 1388 3708 et
1432 3655 1708 3710 anxietate
1761 3664 2118 3725 versaretur;

534 3751 601 3791 ac
629 3746 852 3809 propter
874 3745 930 3794 et
959 3739 1232 3795 inﬁnitam
1261 3741 1631 3807 altitudinem,
1663 3750 1718 3799 et
1745 3742 1997 3803 Parentis
2019 3761 2122 3800 na-

532 3835 719 3885 turam
752 3830 1050 3900 ejusmodi,
1087 3840 1148 3885 ut
1191 3831 1260 3889 ad
1301 3847 1422 3888 eam
1457 3834 1624 3890 nullis
1657 3837 1904 3908 vestigiis
1934 3853 2122 3908 perve-

2228 1925 2628 1995 προειρημένου
2647 1924 3002 1996 Προπάτορος
3018 1925 3197 1978 αύτῶν
3220 1927 3470 1995 ἀγαγεῖν.
3501 1928 3602 1980 Καὶ
3630 1927 3673 1978 oi
3697 1927 3774 1995 μὲν

2225 2013 2404 2066 λοιποὶ
2428 2015 2630 2084 ὁμοίως
2661 2015 2868 2078 Αίῶνες
2899 2016 3073 2087 ἡσυχῇ
3102 2030 3222 2080 πως
3249 2017 3547 2070 ἐπεπόθουν
3571 2017 3653 2068 τὸν
3675 2033 3775 2087 προ-

2218 2105 2388 2176 ·βολέα
2424 2106 2518 2159 τοῦ
2560 2106 2875 2178 σπέρματος
2920 2107 3097 2161 αὐτῶν
3132 2109 3285 2172 ἰδεῖν,
3331 2110 3425 2162 καὶ
3455 2109 3548 2180 τὴν
3574 2108 3770 2178 ἄναρχον

2229 2198 2383 2268 ῥίζαν
2419 2199 2736 2270 ἱστορῆσαι·
2771 2199 3042 2270 προήλατο
3078 2201 3133 2253 δὲ
3165 2201 3301 2253 πολὺ
3325 2204 3354 2255 6
3390 2201 3675 2264 τελευταῖος
3697 2201 3774 2253 καὶ

2226 2289 2493 2355 νεώτατος
2529 2293 2627 2362 τῆς
2655 2293 2965 2356 Δωδεκάδος
2986 2293 3086 2364 τῆς
3123 2293 3228 2346 ὑπὸ
3259 2293 3354 2346 τοῦ
3388 2292 3678 2366 Ἀνθρώπου
3699 2292 3771 2344 καὶ

2225 2381 2324 2453 τῆς
2340 2382 2661 2452 Ἐκκλησίας
2673 2384 2944 2456 προϐεὸλη
2955 2385 3113 2455 μένος
3124 2383 3563 2447 Αίὼν,τουτέστιν
3575 2387 3604 2455 ἡ
3618 2385 3770 2452 Σοφία.

2228 2474 2339 2527 Καὶ
2366 2473 2533 2528 ἔπαθε
2558 2475 2732 2538 πάθος
2757 2477 2884 2530 ἄνευ
2918 2476 3019 2546 τῆς
3049 2476 3355 2546 ἐπιπλοκῆς
3380 2476 3472 2528 τοῦ
3496 2474 3644 2545 ζυγοῦ
3662 2476 3675 2506 ¹
3696 2473 3770 2526 τοῦ

2201 2564 2462 2636 Θελητοῦ
2483 2582 2496 2596 ·
2544 2566 2573 2618 ὃ
2597 2566 2864 2638 ἐνήρξατο
2907 2567 3006 2640 μὲν
3043 2570 3100 2622 ἐν
3126 2571 3240 2629 τοῖς
3273 2572 3405 2641 περὶ
3432 2569 3518 2623 τὸν
3549 2567 3676 2622 Νοῦν
3695 2568 3772 2620 καὶ

2227 2657 2324 2728 τὴν
2348 2657 2656 2728 ’Λλήθειαν,
2697 2660 2982 2730 ἀπέσκηψε
3003 2659 3058 2714 δὲ
3096 2663 3178 2725 είς
3204 2660 3398 2715 τοῦτον
3420 2660 3508 2715 τὸν
3530 2677 3768 2732 παρατρα-

2229 2750 2422 2816 πέντα,
2477 2751 2750 2822 πρόφασιν
2789 2752 2885 2822 μέν
2922 2753 3164 2824 ἀγάπης,
3205 2754 3416 2826 τόλμης
3443 2754 3496 2807 δὲ
3530 2753 3609 2807 διὰ
3634 2752 3684 2804 τὸ
3709 2751 3769 2822 μὴ

2229 2842 2658 2914 κεκοινωνῆσθαι
2677 2842 2753 2912 τῷ
2770 2843 2943 2913 Πατρὶ
2961 2843 3036 2914 τῷ
3058 2844 3269 2916 τελείῳ,
3295 2845 3478 2908 καθὼς
3496 2846 3582 2898 καὶ
3600 2841 3766 2904 ὁΝοῦς.

2231 2930 2303 2985 Τὸ
2323 2932 2379 2985 δὲ
2410 2933 2580 2997 πάθος
2611 2928 2750 2988 εἶναι
2781 2933 3008 3006 ζήτησιν
3037 2935 3130 2989 τοῦ
3163 2937 3401 3008 Πατρός.
3462 2936 3640 2989 Ἤθελε
3664 2933 3766 3006 γὰρ,

2227 3020 2304 3084 ὡς
2332 3021 2572 3090 λέγουσι,
2603 3021 2666 3075 τὸ
2688 3023 2916 3092 μέγεθος
2945 3023 3109 3078 αὐτοῦ
3143 3027 3500 3080 καταλαὸεἶν⁹
3529 3025 3695 3079 ἔπειτα
3710 3023 3766 3093 μὴ

2227 3111 2542 3183 δυνηθῆναι,
2583 3114 2671 3168 διά
2703 3114 2763 3167 τὸ
2801 3115 3047 3187 ἀδυνάτῳ
3073 3117 3354 3171 ἐπιϐαλεῖν
3386 3117 3668 3190 πράγματι,
3693 3116 3766 3167 καὶ

2230 3205 2289 3258 ἐν
2331 3204 2511 3276 πολλῷ
2547 3206 2688 3260 πάνυ
2736 3206 2907 3275 ἀγῶνι
2948 3208 3264 3280 γενόμενον,
3300 3210 3390 3264 διά
3409 3229 3464 3264 τε
3494 3211 3550 3262 τὸ
3581 3207 3767 3281 μέγεοος

2228 3294 2323 3349 τοῦ
2356 3295 2574 3367 βάθους,
2603 3297 2698 3352 καὶ
2720 3299 2779 3352 τὸ
2800 3297 3202 3370 ἀνεξιχνίαστον
3221 3303 3319 3356 τοῦ
3343 3304 3566 3372 Πατρός,
3593 3302 3673 3355 καὶ
3689 3297 3765 3367 τὴν

2230 3387 2365 3458 πρὸς
2395 3389 2558 3444 αὑτὸν
2588 3390 2822 3462 στοργὴν
2851 3393 3224 3464 ἐκτεινόμενον
3259 3396 3348 3448 ἀεὶ
3376 3395 3469 3447 ἐπὶ
3496 3395 3552 3447 τὸ
3575 3390 3764 3464 πρόσθεν

2229 3479 2334 3532 ὑπὸ
2375 3480 2477 3551 τῆς
2516 3481 2850 3553 γλυκύτητος
2896 3484 3083 3551 αὐτοῦ,
3129 3486 3442 3541 τελευταῖον
3478 3485 3540 3540 ἂν
3561 3497 3762 3538 καταπε·

2227 3570 2446 3635 πόσθαι,
2483 3574 2576 3625 καὶ
2605 3575 2966 3630 ἀναλελύσθαι
2999 3578 3078 3641 είς
3116 3578 3213 3649 τὴν
3243 3579 3375 3652 ὃλην
3403 3577 3597 3642 οὐσίαν,
3633 3576 3673 3628 εί
3705 3573 3761 3644 μὴ

2224 3665 2290 3734 τῇ
2312 3663 2640 3738 στηριζούσῃ
2659 3669 2753 3720 καὶ
2773 3669 2930 3733 ἐκτὸς
2953 3669 3047 3722 τοῦ
3069 3671 3312 3742 ἀρρήτου
3333 3671 3582 3742 μεγέθους
3600 3667 3763 3737 φυλασ-

2226 3757 2392 3828 σούσῃ
2421 3757 2487 3811 τὰ
2516 3758 2612 3812 ὅλα
2642 3760 2901 3832 συνέτυχε
2930 3761 3177 3832 δυνάμει.
3215 3763 3433 3834 Ταύτην
3457 3765 3509 3817 δὲ
3533 3761 3621 3832 τὴν
3639 3757 3762 3811 δύνα-

2229 3864 2322 3918 μιν
2349 3850 2442 3900 καὶ
2464 3850 2630 3921 Ὃρον
2653 3851 2932 3917 καλοῦσιν,
2964 3854 3054 3924 ὑφ’
3077 3848 3146 3926 ἦς
3172 3855 3505 3928 ἐπεσχῆσθαι
3533 3853 3616 3906 καὶ
3634 3853 3762 3917 ἐστη-

533 3920 700 3986 niret,
740 3929 796 3976 et
823 3921 896 3976 ob
917 3937 1075 3978 suam
1105 3923 1160 3977 in
1191 3924 1343 3978 illum
1364 3924 1602 3996 denique
1638 3927 1982 3994 cbaritatem,
2011 3946 2122 4001 prae

2226 3938 2430 4012 ρίχθαι,
2476 3920 2570 3995 καὶ
2604 3943 2764 4013 μόγις
2791 3920 3199 4018 ἐπιστρέψαντα
3229 3920 3528 4012 είς-ἐαυτὸν
3556 3945 3638 3999 καὶ
3665 3958 3758 3993 ret-

530 4012 656 4082 ejus
693 4014 964 4070 suavitate
993 4031 1210 4085 semper
1250 4017 1394 4071 ultra
1437 4029 1806 4087 procurreret,
1838 4030 2122 4090 postremo

2226 4031 2443 4097 σθέντα,
2489 4035 2570 4088 ὅτι
2606 4012 2990 4108 ἀκατάληπτὸς
3022 4012 3167 4094 ἐστιν
3204 4043 3232 4096 6
3273 4043 3480 4114 Πατὴρ,
3511 4035 3758 4095 ἀποθέσθαι

533 4105 673 4159 nihil
709 4120 834 4162 esse
863 4107 1094 4178 pr0pius
1143 4107 1372 4174 factum,
1413 4124 1577 4179 quam
1619 4118 1679 4165 ut
1713 4110 1770 4166 in
1803 4113 2120 4169 universam

2226 4119 2322 4190 τὴν
2366 4122 2639 4194 προτέραν
2680 4105 2978 4197 ἐνθύμησιν
3010 4131 3106 4183 σὺν
3136 4131 3213 4203 τῷ
3255 4105 3602 4205 ἐπιγινομένῳ
3630 4127 3757 4183 πάθει

532 4197 793 4268 absorpta
836 4208 1088 4254 naturam
1129 4215 1190 4256 se
1230 4202 1471 4256 resoluta
1508 4213 1866 4270 vanesceret;
1912 4206 2019 4262 nisi
2065 4207 2122 4262 in

2226 4213 2290 4265 ἐκ
2319 4212 2413 4266 τοῦ
2445 4215 2751 4288 ἐκπλήκτου
2782 4220 2992 4274 ἐκείνου
3029 4221 3330 4294 θαύματος.

529 4303 651 4342 eam
687 4287 957 4345 Virtutem
1002 4291 1310 4359 incidisset,
1364 4294 1455 4348 cui
1486 4295 2062 4364 corroborandoram,
2095 4307 2148 4354 et
2184 4287 2622 4374 inexplicabilem
2652 4319 2803 4365 extra
2847 4287 3755 4384 magnitudinemconservandorum

529 4383 773 4480 omnium
817 4400 1017 4440 munus
1050 4395 1167 4441 erat
1237 4388 1584 4442 attributum.
1640 4389 1774 4443 Eam
1819 4405 1984 4460 porro
2052 4391 2321 4451 Virtutem
2360 4399 2468 4454 alio
2517 4401 2738 4458 nomine
2804 4383 3008 4460 Horum
3072 4409 3369 4480 appellant.
3422 4411 3501 4462 Ab
3546 4408 3636 4461 hac
3684 4417 3758 4456 eo-

527 4477 757 4532 hihitam
821 4480 1308 4576 conlirmatamque
1350 4480 1684 4552 Sapientiam
1735 4501 1877 4558 aegre
1918 4487 1984 4542 ad
2033 4493 2390 4563 semetipsum
2455 4498 2708 4564 rediisse,
2756 4477 3461 4576 d'ctnumqnepersuasum
3513 4506 3752 4560 habentem

534 4585 640 4627 non
671 4571 1137 4672 possefarentem
1173 4590 1334 4630 suum
1358 4579 1672 4672 cognitione
1698 4585 2113 4653 comprehendi,
2156 4591 2396 4658 priorem
2439 4595 2829 4665 cogitationem
2891 4571 3016 4654 cum
3061 4571 3355 4672 posteriori
3417 4599 3751 4661 commotione,

531 4677 654 4734 quae
691 4678 758 4718 ex
805 4672 1028 4734 stupore
1057 4665 1154 4723 illo
1211 4679 1265 4723 et
1307 4669 1668 4727 admiratione
1712 4683 1840 4729 nata
1887 4675 2085 4745 fuerat,
2126 4684 2364 4740 exuisse.

600 4755 719 4811 XII.
764 4755 871 4811 Sed
905 4758 1135 4814 istorum
1171 4761 1394 4831 quidam
1445 4763 1590 4820 illam
1640 4765 1936 4840 Sapientiae
1988 4789 2103 4844 per-

2291 4780 2391 4837 IB’.
2439 4784 2608 4839 Ἔνιοι
2661 4785 2720 4840 δὲ
2772 4790 2952 4845 αὐτῶν
3001 4793 3156 4857 πῶς’
3185 4794 3245 4849 τὸ
3277 4795 3443 4860 πάθος
3475 4793 3567 4864 τῆς
3590 4789 3749 4858 Σοφίας

532 4850 921 4917 turbationem,
957 4865 1022 4905 ac
1050 4854 1451 4913 restitutionem
1500 4858 1705 4929 quibus
1739 4863 1904 4932 nugis
1935 4864 2116 4921 invol-

2227 4873 2323 4927 καὶ
2349 4874 2449 4947 τὴν
2479 4879 2814 4952 ἐπιστροφὴν
2844 4850 3254 4953 μυθολογοῦσιν,
3283 4850 3624 4956 ἀδυνάτῳικαὶ

531 4943 701 5000 vunt?
743 4942 1016 4999 Nimirum
1059 4960 1182 5000 cum
1226 4947 1498 5016 ejusmodi
1539 4953 1744 5024 aliquid
1793 4958 2114 5026 appetisset,

527 5037 674 5108 quod
725 5036 848 5106 ejus
898 5046 1224 5108 poteStatem
1276 5041 1757 5116 cognitionemque
1808 5057 2116 5117 superaret,

528 5129 817 5182 informem
843 5129 1134 5196 quamdam
1167 5139 1330 5202 atque
1357 5135 1689 5192 inconditam
1721 5137 1963 5197 edidisse
1990 5143 2117 5198 sub-

528 5221 802 5290 stantiam,
835 5219 1212 5293 ejusdemque,
1236 5237 1402 5294 -quam
1437 5227 1693 5298 habebat,
1721 5238 1929 5288 natura:
1959 5235 2117 5290 femi-

529 5328 653 5366 nam
683 5313 979 5384 peperisse.
1015 5313 1191 5380 (juam
1233 5325 1294 5370 ut
1336 5320 1738 5390 animadvertit,
1771 5326 2012 5396 primum
2039 5329 2111 5385 ob

2225 4966 2484 5039 ταλήπτφ
2515 4971 2798 5042 πράγματι
2828 4974 2996 5048 αὐτὴν
3040 4979 3459 5052 ἐπιχειρήσασαν
3487 4978 3644 5031 τεκεῖν
3675 4969 3747 5023 οὐ·

2228 5057 2349 5111 σίαν
2394 5059 2661 5133 ἄμορφον,
2689 5064 2807 5118 οἷαν
2834 5065 2996 5136 φύσιν
3038 5065 3151 5141 εἶχε
3173 5071 3388 5144 θήλειαν
3410 5072 3429 5103 ³
3457 5070 3618 5124 τεκεῖν
3639 5061 3746 5129 (74).

2225 5148 2292 5219 ἣν
2319 5150 2412 5204 καὶ
2443 5156 2856 5226 κατανοήσασαν
2887 5159 3103 5230 πρῶτον
3143 5162 3244 5233 μὲν
3271 5162 3558 5234 λυπηθῆναι
3595 5154 3668 5208 διὰ
3701 5150 3747 5202 τὸ

2222 5240 2411 5306 ἀτελὲς
2451 5243 2551 5314 τῆς
2593 5249 2895 5316 γενέσεως·
2931 5253 3120 5306 ἔπειτα
3167 5255 3461 5327 φοϐηθῆναι
3497 5250 3613 5324 μηδὲ
3642 5243 3745 5300 αὐτὸ

2222 5327 2361 5387 εἶναι
2395 5335 2618 5402 τελείως
2655 5339 2869 5412 ἔχεινδ·
2919 5340 3037 5401 εἶτα
3084 5348 3340 5420 ἐκστῆναι
3383 5348 3471 5402 καὶ
3513 5339 3742 5412 ἀπορῆσαι

603 5460 997 5587 ἰοῗ.ἔῖυξύγου.
1078 5467 1191 5571 "F.
1245 5473 1363 5540 πῶς
1432 5483 1526 5532 aut
1580 5486 1843 5550 interrog.
1902 5482 2125 5541 adhibet

2226 5527 2254 5552 ι,
2324 5488 2345 5521 ³
2395 5491 2464 5551 Ir.
2521 5492 2584 5553 F.
2650 5497 2858 5568 θήλεια.
2944 5500 2964 5532 ⁸
2999 5501 3062 5559 F.
3129 5503 3204 5576 μὴ
3241 5507 3332 5562 καὶ
3386 5502 3504 5557 αὐτὸ
3535 5497 3590 5552 τὸ
3629 5490 3738 5550 εἷναι
