3982 6432
214 432 336 489 ιςιτ
948 444 1320 508 ADVERSUS
1357 451 1702 510 HASRESES
1740 452 1844 510 LIB

1947 498 1952 512 .
1997 455 2162 513 rou.
2204 455 2267 513 ιι.
2312 476 2380 502 —-
2419 462 2698 549 Insulas.
2728 465 2921 525 χχχι.
3417 476 3522 534 tas

218 550 513 623 ζητοῦσαν
556 558 659 631 τὴν
701 562 898 631 αἰτίαν,
934 567 1029 622 καὶ
1060 569 1242 626 ὅντινα
1281 572 1481 644 τρόπον
1522 574 1833 648 ἀποκρυνςιεε

1947 595 2190 636 maneam
2256 581 2678 655 inclioalamque
2731 578 3139 656 generationem
3188 587 3377 646 animo
3425 591 3526 648 do-

215 645 288 752 τὸ
338 646 647 752 γένοςζἙγ
658 659 1091 735 καταγενομένην
1132 662 1190 717 δὲ
1233 666 1345 728 τοῖς
1389 664 1586 719 πάθεσι
1638 645 1823 722 λαϐεῖν

1947 675 2102 731 .uisse
2130 693 2143 730 :
2181 680 2297 729 tum
2331 677 2505 732 vereri
2533 680 2789 748 cepisse,
2824 694 2896 735 ne
2926 680 3014 735 vel
3044 680 3164 752 ipsa
3196 696 3319 739 esse
3347 682 3526 739 omni-

219 736 599 838 ἐπιστροφῆν,
634 747 728 838 καὶ
762 749 853 803 ἐπὶ
899 751 991 805 τὸν
1026 754 1239 830 Πατέρα
1268 756 1598 829 ἀναδραμεῖν
1628 776 1824 831 πειρα-

1947 778 2001 820 ιο
2053 764 2349 822 desineret.
2402 736 2748 838 Proindeque
2774 736 3095 826 'at'ton‘itam
3157 780 3212 828 et
3269 771 3524 828 haesitan-

222 828 459 936 σθῆναιἶ
495 834 590 888 καὶ
636 837 796 912 μέχρι
843 841 990 908 τινὸς
1045 828 1396 919 τολμήσασαν
1443 828 1823 920 ἐξασθενῆσαι,

1947 874 2037 915 ,em
2062 873 2288 915 causam
2319 859 2583 932 indagare
2612 861 2941 931 instituisse,
2975 879 3039 919 ac
3060 865 3522 936 quemadmodum

222 921 330 973 καὶ
372 924 547 979 ίκὲτιν
575 927 672 981 τοῦ
704 931 917 1005 Πατρὺς
941 936 1213 1005 γενέσθαι.
1246 939 1614 1012 Συνδεηθῆναι
1639 942 1699 995 δὲ
1726 944 1826 998 αὐ-

222 1012 296 1081 τῇ
332 1012 435 1066 καὶ
460 1016 589 1080 τοὺς
621 1017 841 1087 λοιποὺς
864 1025 1099 1095 Αίῶνας,
1134 1028 1369 1100 μάλιστα
1412 1030 1469 1084 δὲ
1517 1032 1611 1087 τὸν
1659 1033 1823 1089 Νοῦν.

241 1100 538 1198 ’βντεῦθεν
569 1109 788 1180 λέγουσι
820 1117 1042 1191 πράηην
1064 1120 1241 1193 ἀρχὴν
1274 1123 1568 1195 ἐσχηκέναι
1600 1126 1699 1198 τὴν
1732 1127 1826 1181 οὐ·

230 1192 362 1288 σίαν
389 1198 459 1253 ἐκ
484 1200 583 1273 τῆς
599 1202 614 1233 ¹
648 1204 891 1274 ἀγνοίας,
929 1210 1032 1264 καὶι
1065 1192 1164 1283 τῆς
1191 1192 1514 1285 Romam}.
1537 1215 1632 1270 τοῦ
1655 1192 1827 1288 ξρὸϐου

229 1286 332 1381 ira!
364 1288 471 1361 τῆς
500 1292 931 1366 ἐκπλήξεωωΌ
978 1299 1041 1354 δὲ
1085 1304 1270 1377 Πατὴρ
1307 1306 1402 1361 τὸν
1435 1286 1831 1381 προειρημένον

232 1377 413 1450 Ὄρον
442 1383 535 1437 ἐπὶ
554 1384 764 1452 τούτοις
789 1389 883 1444 διὰ
901 1392 995 1446 τοῦ
1021 1395 1362 1466 Μονογενοῦς
1389 1377 1754 1471 προϐάλλεται
1773 1404 1831 1457 ὲν

229 1473 412 1566 statim
468 1477 576 1550 ἰδίᾳ
630 1480 925 1553 ἅσύζυγον,
953 1487 1270 1560 ἀθήλυντον.
1302 1491 1406 1547 Τὸν
1453 1492 1584 1565 γάρ-
1615 1495 1833 1566 Πατέρα

233 1563 375 1657 ⁴ποτὲ
406 1566 509 1636 μὲν
529 1569 666 1638 μετά
695 1571 956 1642 συζυγίας
983 1578 1083 1648 τῆς
1111 1579 1298 1651 Σιγῆς,
1329 1582 1459 1635 ποτὲ
1487 1563 1543 1638 δὲ
1574 1584 1669 1638 καὶ
1691 1563 1834 1657 ὑπὲρ

233 1654 436 1749 apem,
472 1659 568 1712 καὶ
615 1661 755 1733 ὑπὲρ
800 1664 937 1736 θῆλυ
985 1664 1125 1723 εῖναι
1175 1671 1407 1727 θέλουσι.
1436 1675 1541 1729 Τὸν
1586 1654 1833 1749 δὲυορον

234 1743 437 1838 τοῦτον
480 1748 575 1802 καὶ
603 1749 1027 1827 suumme
1058 1759 1153 1812 καὶ
1184 1761 1510 1835 Καρπιστὴν
1540 1764 1637 1818 καὶ
1678 1743 1835 1838 Ὀρο-

235 1835 410 1907 θέτην
441 1839 538 1892 καὶ
562 1842 908 1914 Μεταγωγέα
937 1848 1181 1906 καλοῦσι.
1206 1852 1304 1906 Διά
1324 1852 1382 1906 δὲ
1400 1854 1495 1907 τοῦ
1520 1855 1688 1928 Ὅρου
1713 1835 1837 1911 τούμ-

1894 948 2099 1007 .fetum
2133 965 2292 1006 suum
2323 955 2603 1011 occultare
2632 962 2840 1025 posset.
2877 955 3023 1028 Ergo
3062 958 3119 1012 in
3166 957 3399 1029 pristina
3430 959 3524 1015 illa

1930 1044 2301 1101 commotione
2329 1053 2775 1116 perseverantem
2825 1050 3165 1107 convertisse
3189 1066 3333 1117 sese,
3369 1058 3425 1108 et
3453 1051 3523 1107 ad

1931 1133 2216 1192 Parentem
2251 1137 2533 1196 studuisse
2560 1155 2864 1197 recurrere.
2898 1141 3062 1213 178
3079 1141 3236 1209 Quod
3263 1158 3388 1198 cum
3421 1143 3527 1200 alio

1931 1239 2138 1300 quanto
2175 1238 2418 1302 tempore
2449 1233 2849 1300 contendisset,
2882 1236 3245 1292 succubuisse
3269 1235 3520 1305 demum,

1932 1327 2099 1391 atque
2140 1321 2207 1377 ad
2251 1321 2541 1381 Parentem
2574 1341 2698 1384 sese
2730 1328 3032 1398 supplicem
3063 1327 3372 1399 abiecisse;
3424 1326 3523 1386 ad-

1934 1408 2107 1467 fuisse
2152 1420 2207 1467 et
2258 1411 2555 1470 advocatos
2597 1413 2807 1473 Eonas
2859 1415 3125 1488 reliquos,
3162 1433 3227 1473 ac
3286 1416 3519 1475 Mentem

1935 1501 1990 1557 in
2021 1501 2234 1573 primis.
2255 1503 2434 1576 Atque
2462 1506 2605 1562 hanc
2638 1508 2870 1578 primam
2898 1510 3221 1565 substantia:
3250 1511 3515 1583 originem

1935 1594 2234 1661 exstitisse,
2265 1612 2387 1666 quae
2411 1613 2476 1653 ex
2510 1598 2841 1670 ignorantia,
2867 1607 2921 1657 et
2953 1600 3162 1669 dolore,
3201 1616 3266 1658 ac
3290 1608 3440 1659 metu
3464 1611 3521 1661 et

1935 1693 2162 1757 stupore
2191 1689 2476 1758 prodierit.
2506 1694 2576 1746 At
2596 1690 2762 1749 Pater
2780 1692 3013 1758 Horum,
3042 1694 3156 1751 sive
3177 1692 3544 1760 Terminnm,
3631 1726 3636 1731 -

1939 1792 2098 1847 quem
2145 1779 2417 1845 diximus,
2433 1788 2557 1851 post
2591 1782 2718 1840 illos
2751 1799 2945 1841 omnes
2972 1800 3128 1839 suam
3178 1785 3247 1840 ad
3295 1763 3521 1855 elﬁgiem

1938 1868 2197 1938 produxit
2217 1872 2493 1941 comparis
2515 1886 2581 1927 ac
2611 1872 2830 1929 feminei
2857 1889 3022 1931 sexus
3041 1882 3344 1945 expertem.
3365 1873 3525 1930 Hunc

233 1942 336 1980 του
368 1929 504 1998 φασὶ
530 1934 863 2006 κεκαθάρθαι
889 1940 984 1993 καὶ
1013 1941 1336 2015 ὲστηρίχθαι
1367 1944 1465 2018 τὴν
1501 1948 1718 2017 Σοφίαν,
1746 1950 1840 2003 καὶ

1947 1929 2091 2013 enim
2140 1929 2662 2028 ipsum.Parentem
2718 1965 2854 2021 alias
2888 1980 3012 2021 eum
3066 1929 3193 2038 Sige
3243 1966 3523 2037 copulant,
3585 1967 3589 1971 ’

235 2019 763 2118 ἰποίιατασταθῆναι
796 2031 865 2101 τῇ
903 2027 1156 2103 συζυγίᾳ.
1190 2035 1572 2108 Χωρισθείσης
1602 2038 1711 2110 γὰρ
1739 2040 1838 2111 τῆς

1947 2047 2076 2101 alias
2106 2062 2269 2118 supra
2303 2052 2473 2108 maris
2504 2067 2568 2106 ac
2595 2052 2814 2109 feminae
2842 2019 3523 2111 conditionzmrextollunt.

250 2107 641 2180 Ἐνθυμήσεως
672 2114 768 2167 ἀπ’
801 2118 977 2190 αὐτῆς
1015 2121 1111 2175 σὺν
1139 2121 1218 2193 τῷ
1251 2107 1616 2199 ἐπιγινομένῳ
1640 2107 1835 2196 ΙΪάθει,

236 2202 418 2274 αὐτὴν
441 2207 538 2275 μὲν
571 2208 722 2273 ἐντὸς
752 2210 1115 2285 πληρώματος
1144 2215 1306 2280 εἶναι,
1338 2219 1439 2291 τὴν
1467 2220 1523 2275 δὲ
1569 2222 1840 2296 Ἐνθύμη-

238 2311 334 2387 σιν
350 2297 543 2368 αὐτῆς
573 2301 670 2355 σὺν
697 2302 776 2374 τῷ
802 2305 970 2359 Πάθει
1006 2308 1111 2362 ὑπὸ
1151 2308 1246 2364 τοῦ
1277 2311 1446 2385 "Upon
1476 2314 1838 2387 ἀφορισθῆναι

237 2385 341 2438 καὶ
366 2387 845 2464 ἀποστερηθῆναι³
866 2411 879 2426 ·
913 2398 1008 2451 καὶ
1035 2399 1192 2464 ἐκτὸς
1227 2402 1393 2456 αὐτοῦ
1428 2385 1841 2477 γενομένηνήεῐ-

238 2493 336 2531 ναι
391 2480 491 2550 μὲν
542 2488 929 2562 πνευματικὴν·
961 2492 1171 2560 οὐσίαν,
1199 2496 1438 2569 φυσικήν
1485 2516 1607 2552 τινα
1633 2499 1841 2562 Αίῶνος

239 2570 426 2642 ὁρμὴν
466 2576 860 2646 τυγχάνουσαν,
896 2582 1142 2655 ἄμορφον
1184 2586 1242 2640 δὲ
1286 2588 1379 2641 καὶ
1406 2589 1640 2644 ἀνείδεον
1665 2591 1753 2645 διὰ
1779 2591 1844 2646 τὸ

1941 2135 2147 2193 Horum
2179 2154 2308 2195 vero
2343 2142 2508 2196 etiam
2543 2141 2986 2215 Redemptorem,
3028 2160 3092 2200 ac
3135 2146 3448 2218 Carpisten;
3472 2156 3528 2204 et

1940 2228 2297 2299 ﬂorotheten,
2330 2247 2395 2289 ac
2426 2232 2932 2292 Circumduclorem
2965 2246 3183 2293 vocant.
3203 2238 3249 2290 A
3274 2254 3385 2309 quo
3402 2254 3530 2310 per-

1939 2332 2224 2393 purgatam
2287 2338 2354 2378 ac
2413 2325 2793 2381 conﬁrmatam
2826 2327 3163 2397 Sapientiam
3193 2338 3532 2396 narrant,-ct

1942 2412 2198 2484 coniugio
2224 2415 2556 2470 restitutam.
2589 2416 2954 2490 Posteaquam
2984 2419 3129 2474 enim
3157 2419 3526 2493 Entliymesis,

1934 2504 2047 2559 hoc
2101 2511 2187 2559 est
2232 2506 2512 2576 cogitatio,
2547 2507 2616 2563 ab
2658 2508 2750 2563 illa
2799 2518 2884 2566 est
2934 2526 3057 2567 cum
3110 2514 3530 2584 superveniente

1935 2591 2320 2650 Commotione
2370 2606 2615 2654 secreta:
2653 2608 2766 2653 tum
2800 2600 2918 2670 ipsa
2946 2601 3167 2671 quidem
3217 2602 3361 2657 intra
3415 2603 3533 2672 ple-

451 2667 796 2726 καταλαϐεῖν.
832 2674 944 2728 Καὶ
977 2674 1067 2730 διὰ
1097 2676 1257 2733 τοῦτο
1285 2680 1497 2752 καρπὸν
1518 2682 1718 2756 ἀσθενῆ
1745 2684 1839 2739 καὶ

1947 2676 2097 2738 roma
2130 2692 2373 2755 recepta,
2399 2685 2752 2759 Enthymesis
2796 2705 2926 2745 vero
2974 2706 3099 2746 cum
3151 2692 3534 2749 Commotione

242 2754 421 2828 θῆλυν
450 2760 612 2817 αὐτὸν
630 2763 874 2835 λέγουσι.
1198 2776 1229 2789 “

1945 2776 2015 2831 ab
2045 2774 2195 2834 Hero
2220 2779 2574 2850 relegata,et
2626 2782 2683 2837 in
2732 2797 2898 2841 cruce
2936 2784 3149 2849 sulii'sa,
3179 2794 3346 2858 atque
3377 2794 3533 2843 extra

240 2849 721 2921 Gomplementum
766 2861 957 2928 procul
991 2864 1286 2921 amandata
1318 2866 1585 2934 constitit,
1621 2875 1684 2923 ut
1712 2867 2021 2925 substantia
2084 2868 2185 2923 illa
2210 2849 2432 2942 quidem
2483 2873 2753 2944 spiritalis
2784 2887 2953 2946 esset,
3013 2887 3204 2950 utpote
3253 2849 3533 2935 naturalls

247 2947 502 3016 quaedam
532 2949 616 3006 vis
640 2950 837 3012 dionis
868 2965 922 3012 et
963 2958 1219 3031 impetus,
1257 2963 1352 3019 sed
1383 2964 1539 3020 rudis
1565 2964 1756 3019 eadem
1783 2970 1838 3019 et
1872 2961 2150 3029 informis,
2221 2964 2368 3035 quod
2413 2967 2551 3021 nihil
2596 2976 2743 3025 esset
2798 2972 3024 3027 omnino
3073 2947 3390 3030 consecuta.
3449 2972 3533 3031 0b

248 3037 416 3107 idque
441 3042 739 3109 praecocem
788 3046 939 3101 illum
984 3049 1222 3107 fructum
1274 3060 1438 3125 atque
1469 3053 1825 3120 imbecillum,
1864 3062 1918 3109 et
1948 3053 2231 3110 muliebris
2263 3055 2598 3114 conditionis
2623 3074 2747 3115 esse
2774 3066 3106 3131 memorant.-

320 3134 421 3188 ﬂ".
462 3137 617 3193 Μετὰ
657 3138 715 3193 δὲ
766 3141 828 3196 τὸ
869 3144 1229 3219 ἀφορισθῆναι
1282 3149 1487 3222 ταύτην
1533 3150 1688 3214 ἐκτὸς
1742 3148 1838 3203 τοῦ

2016 3146 2155 3202 Xlll.
2198 3148 2470 3206 Caeterum
2503 3152 2594 3208 ubi
2620 3152 2739 3209 haec
2768 3169 2798 3207 a
2818 3152 3127 3212 Pleromate
3167 3156 3397 3228 depulsa
3425 3163 3531 3223 est,

250 3224 622 3299 πληρώματος
655 3231 763 3287 τῶν
788 3233 1029 3302 Αίώνων,
1053 3241 1152 3310 τήν
1180 3257 1240 3293 τε
1270 3240 1500 3313 Μητέρα
1523 3241 1691 3312 αὐτῆς
1711 3241 1844 3294 ἀπο-

1947 3240 2121 3298 Mater
2143 3257 2273 3298 vero
2304 3242 2371 3298 ad
2397 3244 2715 3315 coniugium
2745 3262 2905 3303 suum
2929 3248 3275 3319 postliminio
3290 3262 3531 3313 reversa,

255 3323 663 3394 κατασταθῆναι
691 3328 757 3397 τῇ
790 3327 899 3399 ἰδίᾳ
928 3327 1183 3402 συζυγίᾳ,
1217 3332 1309 3386 τὸν
1351 3332 1632 3404 Μονογενῆ
1680 3331 1844 3387 πάλιν

253 3413 449 3484 ἑτέραν
489 3416 854 3487 προϐαλέσθαι
897 3420 1158 3491 συζυγίαν
1191 3423 1333 3477 κατά
1365 3415 1710 3496 προμήθειαν
1749 3423 1845 3479 τοῦ

253 3506 491 3578 Πατρὺς,
525 3508 611 3563 ἵνα
643 3509 718 3582 μὴ
743 3512 944 3583 ὁμοίως
966 3512 1139 3586 ταύτῃ
1175 3513 1321 3588 πάθῃ
1351 3532 1432 3579 τις
1465 3514 1574 3570 τῶν
1598 3514 1846 3583 Αίὼνων,

255 3596 495 3668 Χριστὸν
540 3600 635 3653 καὶ
670 3600 895 3673 Πνεῦμα
930 3603 1087 3672 ἆγιον
1115 3605 1195 3669 είς
1224 3604 1387 3677 πῆξιν
1414 3607 1513 3659 καὶ·
1573 3606 1847 3680 στηργμδν

252 3687 355 3742 τοῦ
401 3690 785 3764 πληρώματος,
833 3694 924 3765 ὐφ’
954 3688 1030 3751 ὧν
1063 3697 1493 3768 καταρτισθῖψαι
1534 3701 1661 3763 τοὺς
1705 3698 1847 3751 Aldi-

252 3798 379 3845 νας.
412 3782 515 3836 Τὸν
564 3785 664 3856 μὲν
710 3786 818 3860 γὰρ
849 3789 1084 3859 Χριστὸν
1122 3789 1332 3854 διδάξαι
1360 3790 1557 3856 αὐτοὺς
1587 3791 1849 3861 συζυγίας

257 3869 446 3941 φύσιν,
495 3873 786 3947 ἀγεννῆτου
824 3877 1130 3948 κατάληψιν
1165 3878 1556 3947 γινώσκοντας,
1595 3881 1852 3946 ίκανοὺς¹⁵

262 3959 425 4029 εἶναι,
452 3964 813 4037 ἀναγορεῦσαί
840 3985 901 4021 τε
934 3971 992 4024 ὲν
1010 3971 1210 4034 ,αὐτοῖς
1238 3971 1338 4043 τὴν
1370 3972 1463 4025 τοῦ
1493 3974 1708 4044 Πατρὸς
1731 3974 1852 4028 ἐπί-

261 4058 597 4124 γνωσιν,,ὅτι
621 4076 683 4112 τε
712 4059 1000 4134 ἀχώρητός
1032 4063 1153 4116 ἐστι
1182 4064 1278 4118 καὶ
1306 4065 1716 4136 ἀκατάληπτος,
1758 4066 1853 4120 καὶ

262 4149 366 4202 οὔκ
390 4147 532 4203 ἔστιν
553 4150 679 4205 οὔτε
710 4151 838 4206 ἰδεῖν
870 4153 996 4208 οὕτε
1032 4154 1262 4210 ἀκοῦσαι
1295 4157 1474 4220 αὐτὸν,
1507 4158 1541 4229 ἢ
1571 4158 1659 4212 διὰ
1689 4159 1851 4231 μόνου

264 4241 361 4295 τοῦ
392 4243 730 4313 Μονογενοῦς
760 4245 1111 4317 γινώσκεται.
1154 4250 1267 4304 Καὶ
1306 4250 1369 4303 τδ
1397 4250 1496 4322 μὲν
1538 4251 1709 4307 αἴτιον
1754 4251 1855 4323 τῆς

262 4332 490 4386 αἰωνίου
543 4334 806 4406 διαμονῆς
848 4340 965 4402 τοῖς
1015 4338 1236 4404 λοιποῖς·
1257 4339 1561 4412 τὸπρῶτον
1613 4342 1853 4414 καταλη-

268 4422 403 4476 πτὸν
441 4424 707 4496 ὑπάρχειν
763 4427 875 4499 (τε)
914 4428 1009 4483 τοῦ
1067 4430 1281 4502 Πατρὸς
1307 4471 1322 4497 ,
1359 4431 1458 4503 τῆς
1494 4432 1552 4486 δὲ
1589 4434 1856 4503 γενέσεως

268 4515 435 4570 αὐτοῦ
492 4519 587 4571 λαί
644 4519 978 4592 μορφώσεως
1033 4522 1095 4575 τὸ
1150 4524 1500 4594 καταληπτὸν
1548 4525 1713 4580 αὐτοῦ
1745 4566 1760 4591 ,
1809 4520 1854 4596 ᾧ

268 4606 334 4678 δὴ
359 4607 381 4639 ⁸
412 4606 523 4673 ἶσος
570 4578 731 4668 ἐστί..
762 4578 886 4666 ’Καὶ
929 4578 1101 4677 ταῦτα
1136 4616 1233 4685 μὲν
1283 4616 1312 4668 ὁ
1351 4578 1481 4688 Etch
1529 4578 1857 4690 προϐληθεὶς
1887 4578 1934 4636 D

269 4698 506 4769 Χριστὸς
552 4701 611 4755 ἐν
660 4702 843 4767 αὐτοῖς
888 4703 1319 4778 ἐδημιούργησε·
1362 4707 1423 4762 τὸ
1474 4709 1529 4763 δὲ
1578 4708 1636 4763 ἓν
1689 4710 1860 4764 Πνεῦ-

272 4807 353 4861 μα
396 4790 456 4845 τὸ
500 4790 656 4861 ἅγιον
699 4794 1057 4860 ἐξισωθέντας
1116 4799 1313 4862 αὐτοὺς
1367 4798 1574 4865 πάντας
1632 4802 1858 4874 εὐχαρι-

273 4885 419 4939 στεῖν
466 4886 672 4951 ἐδίδαξε
705 4927 722 4953 ,
767 4890 862 4943 καὶ
904 4890 1003 4962 τὴν
1050 4891 1310 4966 ἀληθινὴν
1362 4894 1671 4951 ἀνάπαυσιν
1714 4898 1855 4969 ἡγή-

272 4996 422 5033 σατο.
450 4979 639 5055 Οὕτως
663 4999 724 5035 τε
758 4985 940 5055 μορφῇ
966 4985 1061 5038 καὶ
1089 4985 1285 5058 γνώμῃ
1332 4987 1479 5052 ἴσους
1507 4989 1855 5063 κατασταθῆ-

271 5091 361 5127 ναι
390 5074 516 5139 τοὺς
547 5074 759 5139 Αἱῶνας
788 5075 1028 5146 λέγουσι,
1056 5077 1266 5143 πάντας
1317 5080 1644 5151 γενομένους
1685 5081 1853 5148 Νόας,

272 5165 369 5219 καὶ
414 5165 623 5231 πάντας
675 5167 902 5237 Λόγους,
951 5169 1048 5224 καὶ
1106 5168 1312 5234 πάντας
1346 5170 1711 5243 ’Δνθρὼπουᾳ
1760 5173 1858 5228 καὶ

1947 3343 2063 3390 tum
2115 3335 2184 3391 de
2230 3334 2482 3393 Parentis
2513 3337 2769 3404 consilio,
2806 3354 2875 3395 ne
2913 3339 3047 3410 quid
3080 3339 3261 3396 simile
3306 3340 3536 3411 posthac

1948 3425 2114 3483 Ᾱῖοηὶ
2163 3426 2325 3482 alicui
2374 3429 2754 3500 contingeret,
2806 3428 3104 3498 fulciendo,
3162 3431 3538 3504 ﬂrmandoque

1948 3512 2234 3583 pleromati
2262 3528 2465 3569 novum
2486 3529 2593 3584 par
2614 3512 2802 3569 ferunt
2824 3514 2893 3570 ab
2913 3513 3160 3587 Unigena
3182 3516 3536 3586 productum,

1948 3600 2225 3657 Christum
2258 3618 2321 3658 ac
2350 3601 2617 3673 Spiritum
2647 3615 2899 3662 sanctum
2921 3623 2936 3674 ;
2961 3618 3203 3676 quorum‘
3224 3622 3390 3678 opera
3408 3607 3541 3663 Αἰο-

1950 3708 2048 3748 nes
2075 3695 2361 3753 ordinatos
2384 3710 2449 3752 ac
2478 3698 2818 3768 compositos
2847 3713 2990 3755 esse.
3018 3697 3230 3770 Quippe
3260 3698 3568 3755 Christum.

1951 3784 2193 3856 conjugii
2227 3793 2424 3841 natura
2471 3796 2637 3858 atque
2666 3787 2902 3860 lngeniti
2934 3788 3427 3861 comprehensione
3455 3806 3544 3846 eo.

1951 3875 2101 3946 gnita
2148 3876 2403 3933 docuisse
2451 3887 2744 3937 contentos
2794 3896 2919 3937 esse
2948 3880 3071 3938 illos
3101 3888 3356 3952 oportere
3384 3883 3541 3937 :-Pa-

1952 3966 2164 4037 trisque
2213 3968 2357 4024 inter
2399 3969 2523 4025 illos
2567 3971 2901 4041 praedicasse
2956 3973 3237 4042 notitiam;
3279 3975 3544 4031 nimirum

1954 4060 2101 4113 hunc
2127 4073 2304 4130 neque
2339 4061 2719 4117 circumscribi
2747 4063 2989 4118 locorum
3019 4064 3219 4134 spatio,
3239 4080 3416 4137 neque
3444 4082 3543 4122 co-

1953 4151 2199 4221 gnitione
2229 4165 2393 4222 posse
2422 4151 2654 4224 percipi,
2685 4169 2749 4208 ac
2802 4170 2872 4210 ne
2902 4154 3022 4209 viSu
3059 4155 3282 4226 quidem
3328 4157 3414 4213 vel
3440 4172 3543 4214 au-

1954 4243 2070 4299 ditu
2103 4228 2460 4311 contrectari,
2490 4245 2715 4317 sedper
2749 4245 3053 4319 Unigenam
3084 4248 3353 4304 duntaxat
3379 4250 3544 4305 intel-

1959 4337 2070 4408 ligi.
2099 4337 2177 4393 Ac
2206 4337 2353 4408 quod
2380 4339 2620 4409 primum
2649 4339 2795 4397 inest
2824 4341 2881 4394 in
2908 4339 3092 4409 Patre,
3119 4341 3266 4411 quod
3300 4356 3545 4412 compre-

1958 4429 2124 4484 hendi
2173 4445 2282 4486 non
2331 4437 2534 4501 potest,
2563 4430 2617 4485 id
2660 4446 2884 4487 causam
2921 4448 3047 4489 esse
3082 4433 3319 4499 caeteris,
3351 4449 3452 4489 cur
3489 4434 3544 4488 in

1958 4522 2354 4593 sempiternum
2382 4531 2596 4595 tempus
2619 4535 3008 4596 permaneant;
3032 4525 3179 4598 quod
3207 4541 3338 4582 vero
3366 4525 3422 4582 in
3453 4525 3547 4581 illo
3573 4564 3581 4572 -

1961 4612 2086 4684 ipso
2114 4615 2505 4684 comprehendi
2535 4624 2740 4687 potest,
2760 4625 2915 4674 ortus
2945 4633 3138 4674 eorum
3169 4632 3234 4674 ac
3261 4617 3547 4674 formatio-

1961 4708 2048 4764 nis
2098 4722 2224 4763 esse
2270 4723 2518 4775 causam,
2545 4709 2651 4765 hoc
2701 4696 2786 4766 est
2827 4709 3045 4767 Filium.
3081 4709 3208 4767 llaec
3254 4716 3386 4784 sunt
3425 4720 3580 4781 quae~

1960 4803 2218 4862 Christus
2267 4821 2464 4864 recens
2495 4807 2551 4862 in
2581 4806 2692 4864 illis
2718 4807 2900 4865 editus
2930 4807 3156 4863 molitus
3179 4812 3285 4863 est.
3320 4798 3391 4860 At
3423 4803 3549 4876 Spi-.-

1960 4899 2104 4956 ritus
2134 4908 2364 4958 sanctus
2396 4915 2588 4958 omnes
2627 4901 2695 4959 ad
2732 4902 3102 4974 aequalitatem
3142 4901 3398 4957 redactos
3430 4911 3549 4968 gra.

1961 4993 2068 5048 tias
2092 4991 2294 5049 habere
2320 4992 2630 5064 perdocuit,
2648 5009 2714 5050 ac
2738 5010 2921 5051 veram
2940 4993 3103 5064 179
3128 4992 3366 5064 quietem
3395 5002 3548 5045 eom-

1962 5085 2311 5141 monstravit.
2334 5085 2415 5140 Ita
2441 5085 2661 5142 demum
2695 5086 2941 5157 ejusdem
2972 5093 3026 5141 et
3058 5084 3251 5139 formae
3287 5092 3343 5139 et
3375 5079 3561 5136 animi;

1964 5175 2172 5232 Eones
2217 5192 2340 5232 esse
2379 5176 2577 5243 factos,
2607 5187 2670 5234 ut
2709 5178 2955 5234 nniversn
3000 5178 3209 5248 pariter
3251 5180 3308 5230 et
3337 5172 3549 5229 Mentes

273 5256 483 5320 πάντας
528 5257 831 5330 Χριστοὺς’
870 5259 966 5311 καὶ
1015 5260 1114 5325 τὰς
1169 5259 1389 5332 θηλείας
1426 5262 1629 5332 ὁμοίως
1680 5263 1844 5329 πάσας

1960 5276 2167 5333 essent,
2203 5278 2256 5323 et
2288 5266 2606 5337 Sermones,
2638 5276 2692 5325 et
2717 5266 3000 5334 Homines,
3032 5282 3097 5321 ac
3122 5264 3367 5330 Christi;
3393 5262 3551 5320 simi-o

283 5345 590 5418 Ἀληθείας,
626 5347 720 5402 καὶ
752 5348 932 5413 πάσας
955 5350 1127 5414 Ζωάς,
1151 5351 1243 5405 καὶ
1271 5350 1589 5423 Πνεύματα,
1621 5353 1715 5407 καὶ
1738 5354 1863 5410 Ἐκ-

273 5437 526 5508 κλησίας.
556 5437 923 5510 Στηριχθὲντα
956 5439 1013 5493 δὲ
1041 5441 1136 5495 ἐπὶ
1152 5439 1328 5513 τούτῳ
1358 5441 1427 5495 τὰ
1455 5440 1572 5509 ὅλα,
1605 5444 1699 5498 καὶ
1725 5445 1859 5499 ἀνα-

272 5687 418 5753 υἱός.

1958 5353 2192 5427 literque
2246 5355 2463 5411 feminae
2518 5371 2710 5412 omnes
2760 5372 2828 5412 ex
2877 5369 3057 5426 aequo,
3089 5364 3145 5409 et
3175 5352 3451 5409 Veritates
3495 5356 3552 5405 et

1957 5445 2098 5503 Vitae
2123 5446 2323 5516 forent,
2376 5462 2442 5504 ac
2492 5445 2753 5519 Spiritus,
2798 5455 2855 5503 et
2895 5445 3171 5502 Ecclesiae.
3233 5442 3548 5501 Secundum

346 5618 368 5697 ξ
403 5616 547 5676 Iren.
587 5618 686 5692 τῆς
714 5620 869 5692 ὕλης.
943 5623 965 5654 ³
993 5617 1056 5675 F.
1087 5622 1320 5695 σταυρὸν
1367 5623 1463 5678 καὶ
1518 5621 1823 5697 λυτρωτὴν.

1949 5623 2011 5681 F.
2064 5626 2593 5697 dmeraupwﬂﬁvat.
2661 5625 2686 5658 ⁸
2720 5625 2865 5683 Iren.
2900 5624 3149 5688 ἑαυτούς.
3223 5623 3246 5657 ⁸
3274 5620 3577 5692 [remedi].

350 5813 468 5896 (75)
508 5816 577 5896 Τὸ
619 5814 1281 5896 πρε-ὖτονηκᾳταληρττὸν
1312 5819 1627 5892 ὑπάρχειν.
1680 5821 1758 5880 Ita
1804 5821 1844 5880 it

1947 5823 2233 5895 lit.,Basil.
2275 5829 2329 5880 et
2373 5820 2431 5878 in
2457 5816 2648 5891 Regio.
2672 5790 2783 5874 Sed
2817 5811 3202 5887 ἀκατάληπτον
3246 5825 3327 5867 ειν
3362 5803 3548 5866 limi
3614 5820 3621 5834 ·

278 5884 581 5957 interprete
606 5884 671 5944 et
689 5885 921 5944 Tertull.
951 5884 1257 5953 legendum.
