3982 6472
445 397 551 456 503
1834 391 1891 451 S.
1935 390 2074 450 EPII

2177 391 2283 449 lN"
3634 391 3737 450 506

389 572 407 595 π
445 529 561 573 tum
637 528 763 571 cum
811 512 1020 572 diceret
1061 529 1075 568 :
1135 508 1502 567 Ventilabrum
1541 510 1596 563 in
1644 526 1804 565 tuauu
1839 511 1953 582 ejus
1996 519 2046 567 et

2177 530 2223 569 ’ν
2264 512 2341 584 τῇ
2373 513 2526 584 χειρί
2578 511 2788 579 αὐτοῦ,
2821 512 2927 568 καί
2961 508 3331 581 διακαθαριεῖ
3353 508 3467 579 τὴν
3518 508 3739 572 ἅλωνα.

442 605 692 677 purgabit
737 622 941 672 aream,
991 615 1041 659 et
1085 602 1418 674 congregabit
1465 604 1703 659 triticum
1726 603 1779 657 in
1830 605 2042 672 horrea,

2177 606 2250 663 'al
2275 605 2533 673 συνάξει
2560 607 2669 663 τὸν
2698 606 2875 662 σῖτον
2900 608 2988 671 είς
3020 604 3139 674 τὴν
3170 602 3493 671 ἀποθήκην
3520 603 3736 658 αὐτοῦ·

445 696 626 764 paleas
655 705 834 751 autem
856 695 1123 750 comburat
1148 695 1258 767 igni
1281 695 1708 768 inexstinguibili
1746 697 1787 753 ¹.
1832 696 2045 764 Quibus

2177 699 2213 752 ’ὁ
2248 697 2317 752 δὲ
2345 698 2578 769 ἄχυρον
2605 698 2975 752 κατακαύσει
2998 696 3141 763 πυρὶ
3179 695 3479 758 ἀσϐέστῳ.
3510 695 3621 749 Καὶ
3656 693 3738 750 διὰ

451 790 731 859 proprium
755 788 887 844 Hori
909 803 1110 844 munus
1135 788 1486 859 exprimitur.
1513 786 1649 843 Nam
1676 788 2043 845 ventilabrum

2177 793 2343 848 ’θύτου
2365 792 2465 866 τὴν
2497 793 2780 865 ἐνέργειαν
2807 791 2905 846 τοῦ
2938 793 3106 864 Ὀρου
3142 790 3541 862 μεμηνυκέναι.
3570 787 3738 840 Πτύσν

449 881 587 938 illud
619 899 745 940 esse
777 897 998 939 crucem
1031 882 1465 953 interpretantur
1499 901 1515 939 :
1555 899 1679 955 quae
1705 899 1895 941 crassa
1927 899 2049 941 om-

2177 886 2260 957 ’ἀρ
2316 886 2527 940 ἐκεῖνον
2555 888 2578 918 ⁸
2615 885 2710 939 τὸν
2750 882 2984 954 σταυρὸν
3034 881 3428 954 ἑρμηνεύουσιν
3477 875 3638 942 εἶναι,
3690 877 3741 931 ὃν

455 973 567 1038 nia,
591 984 644 1029 et
665 988 788 1028 cum
807 972 1033 1028 materia
1059 980 1339 1037 concreta,
1370 973 1522 1028 velut
1542 973 1774 1044 stipulas
1808 972 2045 1041 llamma,

2180 977 2335 1050 ὴκαὶ
2365 978 2679 1032 ἀναλίσκειν
2710 976 2782 1031 τὰ
2826 974 2989 1029 sima:
3022 974 3223 1041 πάντα,
3259 972 3338 1037 ὡς
3379 971 3562 1042 ἄχυρα
3597 968 3740 1040 πῦρ·

455 1062 776 1129 consumit;
819 1077 915 1118 eos
960 1076 1092 1117 vero
1122 1061 1215 1131 qui
1259 1060 1491 1116 salutem
1536 1061 1941 1132 adipiscuntur,
1968 1061 2048 1116 uti

2177 1071 2434 1142 εαθαίρειν
2475 1070 2533 1125 δὲ
2562 1070 2690 1133 τοὺς
2733 1068 3097 1140 σωζομένους,
3129 1067 3203 1130 ὡς
3235 1065 3298 1120 τὸ
3340 1062 3513 1118 πτύον
3537 1061 3631 1114 τδν
3665 1062 3744 1114 cl-

457 1171 669 1211 vannus
700 1154 999 1220 frumenta,
1038 1161 1358 1225 perpurgat.
1392 1151 1473 1207 Ad
1519 1152 1633 1209 haec
1660 1151 1889 1209 Paulum
1913 1168 2049 1224 quo-

456 1263 563 1318 que
590 1247 659 1304 de
702 1263 768 1304 ea
809 1262 976 1303 cruce
1024 1245 1360 1302 mentionem
1394 1243 1589 1302 fecisse
1628 1245 1721 1301 illo
1777 1245 1897 1302 loco
1923 1260 2052 1300 nar-

459 1348 629 1396 rant:
675 1355 806 1396 nam
856 1338 1040 1395 crucis
1082 1336 1402 1409 prmdicatio
1431 1336 1788 1407 pereuntibus
1826 1335 2049 1406 quidem

458 1433 694 1490 stultitia
716 1441 824 1500 est,
854 1431 924 1488 iis
954 1439 1140 1487 autem
1166 1430 1262 1502 qui
1295 1429 1604 1492 salvantur,
1636 1435 1695 1482 ut
1726 1428 1909 1492 nobis,
1940 1428 2051 1481 vir-

463 1538 552 1584 tus
589 1526 686 1583 Dei
708 1529 728 1559 '
752 1512 778 1594 ”;
813 1540 876 1581 ac
927 1539 1151 1580 rursum
1180 1522 1355 1580 :Mihi
1387 1538 1505 1577 vero
1529 1521 1667 1575 absit
1693 1521 1918 1592 gloriari
1950 1521 2054 1576 nisi

463 1622 519 1675 in
552 1636 706 1675 cruce
728 1617 879 1686 Iesu,
906 1634 999 1689 per
1025 1633 1177 1689 quem
1209 1616 1340 1670 mihi
1370 1615 1595 1669 mundus
1632 1614 1918 1674 cruciﬁxus
1951 1623 2051 1680 est,

464 1724 515 1768 et
544 1729 639 1786 ego
681 1710 881 1767 mundo
904 1710 946 1767 ³.
993 1708 1277 1781 Ejusmodi
1320 1715 1454 1764 sunt
1495 1722 1616 1778 quae
1659 1704 1724 1761 de
1757 1706 2055 1777 pleromate

458 1817 593 1869 suo,
620 1816 686 1859 ac
709 1799 1085 1856 cominentitia
1113 1796 1297 1853 fabula
1322 1795 1685 1851 communiter
1708 1795 1777 1850 ab
1796 1796 2054 1851 omnibus

467 1894 805 1960 traduntur;
850 1891 1052 1963 quibus
1096 1889 1334 1961 pessime
1380 1903 1413 1943 a
1455 1904 1514 1945 se
1545 1888 1868 1960 excogitatis
1920 1903 2058 1959 prte-

467 1987 617 2045 clare
651 1986 723 2041 ab
758 1986 882 2054 aliis
914 1984 1059 2041 dicta
1090 1984 1359 2038 violenter
1389 1980 1831 2037 accommodant.
1868 1977 2059 2050 Neque

467 2094 534 2136 ex
564 2077 899 2150 evangelicis
927 2077 1107 2133 solum
1154 2074 1587 2147 apostolicisque
1617 2073 1777 2145 182
1814 2071 2058 2142 scriptis,

469 2185 708 2241 quorum
760 2169 1248 2240 interpretationes
1309 2167 1679 2237 detorquent,
1737 2180 1805 2221 ac
1861 2180 2061 2221 sensus

468 2261 818 2330 adulterant,
872 2260 1118 2317 rationes
1175 2266 1231 2317 et
1299 2265 1626 2331 argumenta
1679 2258 2059 2331 conquirunt;

469 2368 661 2409 verum
689 2354 855 2410 etiam
882 2368 949 2409 ex
980 2351 1096 2423 lege
1124 2367 1189 2407 ac
1209 2353 1494 2429 prophetis
1522 2361 1836 2418 arcessunt,
1874 2358 2066 2422 utpote

473 2460 709 2515 quorum
763 2444 889 2500 libri
927 2443 1207 2514 parabolis
1245 2451 1302 2499 et
1347 2444 1631 2515 allegoriis
1686 2444 1877 2500 referti
1911 2450 2063 2511 sunt,

2148 1179 2262 1217 τον.
2301 1160 2515 1218 Παῦλον
2558 1160 2617 1215 δὲ
2644 1159 2738 1216 τὸν
2773 1158 3076 1214 ἀπόστολον
3119 1157 3215 1212 καὶ
3240 1156 3404 1211 αὐτὸν
3444 1153 3746 1225 ἑπιμιμνή-

2153 1252 2381 1309 σκεσθαι
2400 1252 2592 1308 τούτου
2610 1250 2704 1305 τοῦ
2729 1249 2963 1322 σταυροῦ
2985 1248 3233 1319 λέγουσιν
3253 1246 3428 1311 οὕτως
3451 1263 3466 1278 ⁸
3509 1246 3570 1299 '0
3591 1244 3749 1312 λόγος

2153 1346 2264 1419 γὰρ
2309 1348 2339 1401 ὁ
2368 1345 2464 1401 τοῦ
2513 1342 2751 1416 σταυροῦ
2796 1345 2912 1407 τοῖς
2963 1341 3063 1412 μὲν
3115 1340 3515 1411 ἀπολλυμένοις
3570 1336 3750 1409 μωρία

2154 1437 2297 1503 ἐστὶ,
2346 1438 2460 1501 τοῖς
2495 1436 2555 1491 δὲ
2608 1432 2940 1511 σωζομένοις
2987 1434 3121 1505 ἡμῖν
3171 1430 3404 1503 δύναμις
3439 1428 3614 1483 Θεοῦ·
3655 1426 3751 1482 καὶ⁵

2154 1528 2321 1584 πάλιν
2339 1543 2352 1557 ’
2399 1527 2561 1598 Ἐμοὶ
2590 1526 2660 1580 δὲ
2682 1526 2769 1597 μὴ
2797 1524 3028 1596 γένοιτο
3066 1523 3138 1578 ἐν
3158 1521 3378 1594 μηδενὶ
3407 1519 3751 1591 καυχᾶσθαι

2154 1619 2208 1672 ει
2234 1616 2322 1687 μὴ
2359 1616 2431 1671 ἐν
2458 1615 2541 1681 τῷ
2572 1612 2815 1683 σταυρῷ
2851 1615 2962 1669 τοῦ
3007 1614 3227 1684 Ἰησοῦ,
3269 1612 3345 1667 δι’
3373 1608 3449 1668 οὗ
3487 1609 3621 1680 ἐμοὶ
3652 1611 3753 1662 κό-

2155 1726 2312 1782 σμος
2357 1709 2746 1777 ἐσταύρωται,
2777 1705 2943 1777 κάγὼ
2982 1705 3065 1772 τῷ
3116 1708 3343 1776 κόσμῳ.
3383 1701 3625 1758 Τοιαῦτα
3653 1701 3753 1773 μὲν

2156 1801 2252 1859 οὖν
2280 1821 2346 1859 πε
2354 1805 2409 1876 ρί
2434 1802 2800 1875 πληρώματος
2821 1799 3003 1856 αὐτῶν
3028 1800 3123 1854 καὶ
3145 1797 3241 1852 τοῦ
3274 1797 3595 1867 πλάσματος
3619 1794 3755 1848 πάν-

2160 1917 2250 1964 τες
2281 1899 2550 1968 λέγουσιν,
2576 1896 2897 1967 ὲςρορμίζειν
2919 1894 2942 1926 ⁸
2966 1891 3278 1965 βιαζόμενοι
3298 1890 3368 1944 τὰ
3395 1888 3584 1952 καλῶς
3612 1889 3755 1959 εἰρη-

2164 1990 2303 2063 μένα
2334 1991 2448 2055 τοῖς
2491 1988 2683 2053 κακῶς
2710 1985 3155 2057 ὲπινενοημένοις
3187 1982 3280 2035 ὑπ’
3319 1980 3524 2035 αὐτῶν.
3554 1979 3669 2032 Kal.
3692 1978 3756 2031 οῦ

2167 2083 2328 2155 μόνον
2352 2084 2417 2137 ὲκ
2445 2082 2555 2138 τῶν
2586 2078 2965 2151 εὐαγγελικῶν
2986 2077 3082 2132 καὶ
3107 2076 3215 2129 τῶν
3235 2070 3617 2130 ἀποστολικιῖιν
3642 2088 3759 2123 πει-

2167 2175 2369 2247 ρῶνται
2397 2174 2498 2238 τὰς
2526 2171 2832 2238 ἀποδείξεις
2863 2170 3156 2236 ποιεῖσθαι,
3190 2164 3638 2239 παρατρέποντες
3662 2161 3758 2225 τὰς

2165 2268 2484 2341 ἑρμηνείας,
2518 2269 2615 2323 καὶ
2647 2264 3099 2340 ρᾳδιουργοῦντες
3124 2263 3224 2325 τὰς
3261 2259 3592 2331 ἐξηγήσειςο
3626 2255 3762 2311 ἀλλὰ

2167 2362 2263 2418 καὶ
2292 2364 2358 2416 ὲκ
2377 2362 2543 2433 νόμου
2567 2360 2663 2415 καὶ
2686 2357 3008 2430 προφητῶν,
3038 2354 3135 2410 ἀτε
3176 2352 3389 2409 πολλῶν
3430 2348 3760 2421 παραϐολῶν

2169 2457 2263 2510 καὶ
2291 2453 2633 2527 ἀλληγοριῶν
2662 2451 2992 2523 εἰρημένων,
3022 2448 3119 2503 καὶ
3142 2448 3223 2511 εἰς
3259 2444 3433 2500 πολλά
3472 2444 3659 2498 ἕλκειν
3677 2443 3764 2496 δυ-

473 2553 709 2608 quarum
760 2552 965 2608 anceps
1018 2537 1389 2608 ambiguaque
1430 2537 1706 2594 sententia
1737 2536 1805 2592 ad
1849 2536 2068 2594 diversa

2177 2548 2421 2621 ναμένων
2460 2547 2524 2601 τὸ
2567 2544 2869 2618 ἀμφίὸολον
2909 2541 2997 2596 διὰ
3026 2541 3128 2612 τῆς
3173 2538 3510 2611 ἐξηγήσεως.
3548 2537 3764 2606 Ἕτεροι

475 2637 657 2701 potest
695 2629 1021 2702 explicando
1051 2630 1309 2686 derivari.
1339 2631 1475 2686 Cum
1505 2631 1725 2686 interim
1752 2632 1842 2687 alii
1873 2632 2067 2688 iisdem

2177 2640 2246 2704 δὲ,
2273 2638 2463 2702 δεινῶς
2508 2636 2588 2709 τῷ
2627 2635 2908 2705 πλάσματι
2940 2630 3120 2687 αὐτῶν
3158 2631 3255 2685 καὶ
3285 2628 3476 2690 δολίως
3525 2625 3767 2699 ἐφαρμόν

478 2723 585 2778 illis
616 2722 815 2778 callide
843 2737 910 2777 ac
936 2722 1265 2779 veteratorie
1301 2722 1371 2778 ad
1408 2738 1681 2794 nugarum
1713 2739 1941 2780 suarum
1974 2741 2071 2796 pa-

2177 2729 2380 2797 ξοντες,
2414 2727 2910 2801 αἰχμαλωτίζουσιν
2949 2722 3058 2778 ἀπὸ
3103 2722 3207 2793 τῆς
3242 2718 3504 2790 ἀληθείας
3532 2719 3663 2781 τοὺς
3694 2715 3766 2787 μὴ

478 2815 773 2871 trocinium
807 2815 1129 2882 abutantur,
1161 2831 1368 2887 eosque
1403 2817 1502 2887 qui
1538 2817 1592 2872 in
1639 2815 1809 2873 Deum
1854 2816 2071 2874 Patrem

2177 2822 2421 2895 ἑδραίαν·
2434 2822 2535 2893 τὴν
2561 2820 2745 2874 πίστιν
2771 2820 2853 2882 είς
2888 2817 2986 2870 ἕνα
3026 2814 3160 2869 θεὸν
3188 2812 3410 2885 Πατέρα
3454 2809 3768 2881 τσαντοκράο

477 2909 931 2980 nnmipotentem,
962 2916 1018 2965 et
1047 2923 1216 2965 unum
1248 2909 1541 2966 Dominum
1564 2908 1751 2966 Iesum
1791 2910 2071 2967 Christum

2177 2933 2327 2989 τορα,
2353 2914 2450 2969 καὶ
2478 2915 2560 2977 εἰς
2596 2913 2694 2966 ἕνα
2732 2909 2938 2983 Κύριον
2979 2906 3189 2981 Ἰησοῦν
3218 2903 3456 2978 Χριστὸν
3503 2902 3641 2957 Υἱδν
3680 2900 3766 2956 τοῦ

480 3000 679 3056 Filium
732 2999 826 3056 Dei
874 2999 1128 3056 stabilem
1178 2998 1503 3072 ﬁrmamque
1542 3000 1704 3057 ﬁdem
1745 3016 1857 3057 non
1886 3008 2076 3059 custo-

479 3094 663 3161 diunt,
697 3108 730 3148 a
761 3094 989 3152 veritate
1025 3093 1172 3150 velut
1201 3094 1450 3165 captivos
1484 3103 1754 3152 avertant.

2175 3006 2312 3062 Θεοῦ
2340 3003 2826 3077 διαφυλάσσοντας.

552 3185 695 3242 XVI.
728 3184 848 3242 iam
899 3201 1023 3258 quae
1049 3194 1207 3244 extra
1256 3187 1499 3259 pleroma
1535 3196 1664 3246 sunt
1711 3189 1781 3246 ab
1831 3190 1939 3248 illis
1970 3190 2074 3247 hoc

2252 3194 2373 3260 1G”.
2399 3189 2481 3245 Τὰ
2511 3189 2571 3243 δὲ
2615 3186 2775 3251 ἐκτὸς
2810 3183 2905 3239 τοῦ
2953 3182 3320 3254 πληρώματος
3366 3176 3645 3274 λεγόμενα
3681 3175 3771 3274 ξπ*

483 3280 648 3337 modo
678 3279 1135 3337 constituuntur:
1171 3279 1557 3354 Enthymesin,
1588 3281 1692 3337 hoc
1724 3290 1810 3338 est
1852 3284 2078 3354 Cogita-

484 3376 712 3440 tionem,
753 3374 997 3430 caelestis
1032 3374 1182 3432 illius
1233 3373 1529 3444 Sapientia:
1577 3375 1778 3441 l'erunt,
1820 3392 1984 3448 quam
2024 3386 2080 3431 et

480 3465 789 3522 Achamoth
820 3473 1164 3537 nuncupant,
1200 3482 1231 3520 a
1272 3467 1574 3536 pleromate
1616 3481 1741 3522 cum
1794 3468 2082 3538 perturba-

485 3558 1005 3629 tionesegregatam
1037 3558 1095 3613 in
1125 3559 1385 3613 umbrosa
1415 3565 1470 3612 et
1505 3558 1692 3613 inania
1724 3558 1843 3613 loca
1879 3559 2082 3614 violen-

488 3661 574 3709 ter
597 3651 832 3723 eiectam
891 3650 1082 3707 fuisse.
1117 3648 1398 3721 Siquidem
1430 3659 1587 3707 extra
1637 3651 1821 3707 lumen
1862 3666 1925 3706 ac
1962 3653 2079 3723 ple-

486 3758 670 3813 roma,
702 3743 853 3800 velut
884 3743 1113 3801 abortus
1141 3743 1390 3815 quidam,
1422 3741 1676 3800 informis
1707 3753 1872 3815 atque
1906 3744 2084 3815 impo-

491 3836 590 3892 lita
624 3834 974 3900 constiterat,
1029 3832 1179 3905 quod
1222 3832 1360 3888 nihil
1402 3831 1628 3888 omnino
1664 3834 1950 3905 percipere
1983 3848 2083 3905 po-

491 3929 713 3985 tuisset.
741 3926 925 3997 Hujus
951 3925 1332 3982 misericordia
1348 3935 1654 3996 permotum
1687 3924 1989 3991 Christum,
2019 3940 2084 3982 ac

486 4035 592 4091 per
622 4032 845 4075 crucem
876 4026 1092 4073 suamet
1128 4016 1333 4072 virtute
1362 4025 1702 4089 porrectum,
1733 4032 1854 4073 eam
1884 4028 2085 4076 natura

494 4121 657 4167 tenus
680 4125 791 4167 non
817 4107 1007 4165 itidem
1028 4109 1341 4181 cognitione
1367 4108 1664 4182 ﬁgurasse;
1689 4125 1865 4183 eaque
1888 4128 1955 4167 re
1970 4127 2086 4184 per-

496 4201 661 4267 fecta,
710 4215 777 4256 ac
808 4200 1013 4256 virtute
1061 4215 1161 4257 sua
1206 4206 1516 4267 contracta,
1574 4200 1761 4258 statim
1812 4204 2083 4269 evolasse,

494 4308 621 4349 cum
655 4293 732 4348 ita
758 4306 878 4349 eam
911 4291 1252 4363 reliquisset,
1281 4299 1341 4348 ut
1364 4290 1697 4349 calamitatis
1723 4308 1840 4348 sum
1859 4308 2083 4351 sensum

493 4384 747 4456 capiens,
779 4383 929 4455 quod
957 4399 989 4437 a
1025 4385 1328 4455 pleromate
1352 4393 1501 4440 esset
1531 4385 1792 4453 extorris,
1820 4397 2089 4456 praestan-

2180 3284 2361 3340 αὐτῶν
2392 3285 2508 3337 ἐστι
2561 3279 2825 3336 τοιαῦτα·
2872 3277 2973 3348 τὴν
3015 3273 3344 3345 Ἑνθύμησιν
3386 3271 3490 3342 τῆς
3523 3270 3638 3324 ἀνω
3681 3268 3772 3321 Σο-

2181 3379 2332 3450 φίας,
2366 3377 2434 3449 ἢν
2485 3375 2584 3429 κού⁹
2622 3369 2879 3443 ’Δχαμὼθ
2916 3365 3195 3429 καλοῦσιν,
3242 3362 3639 3435 ἀφορισθεῖσαν
3681 3358 3773 3414 τοῦ

2182 3467 2556 3543 πληρώματος
2611 3466 2710 3520 σὺν
2736 3463 2816 3534 τῷ
2852 3461 3016 3516 πάθει
3067 3458 3321 3527 λέγουσιν
3350 3457 3410 3509 ἐν
3457 3455 3643 3517 σκιαῖς
3687 3453 3771 3508 καὶ

2185 3562 2543 3636 σκηνώματκ
2588 3560 2609 3592 ⁸
2653 3557 2841 3619 τόποις
2889 3552 3259 3625 ἐκϐεϐράσθαι
3313 3546 3459 3602 κατά
3509 3546 3772 3617 ἀνάγκην.

2188 3656 2335 3722 Ἔξω
2366 3653 2475 3726 γὰρ
2514 3650 2693 3721 φωτὸς
2733 3648 2951 3717 ἐγένετο
2983 3645 3080 3700 καὶ
3120 3640 3494 3714 πληρώματος
3534 3639 3774 3710 ἄμορφος

2186 3748 2282 3804 καὶ
2312 3746 2569 3808 ἀνείδεος,
2604 3742 2795 3813 ῶσπερ
2828 3738 3115 3811 Διὲκτρωμα,
3153 3733 3244 3789 διὰ
3281 3733 3344 3788 τδ
3384 3730 3555 3805 μηδὲν
3600 3745 3775 3783 κατει-

2185 3840 2437 3913 ληφέναι.
2491 3833 2855 3906 Οἰκτείραντά
2882 3847 2942 3885 τε
2990 3828 3162 3900 αὐτὴν
3198 3826 3293 3881 τὸν
3320 3824 3560 3897 Χριστδν
3591 3823 3641 3889 ⁷,
3689 3821 3774 3875 καὶ

2186 3932 2277 3989 διὰ
2312 3930 2407 3986 τοῦ
2443 3926 2680 3999 σταυροῦ
2715 3923 3088 3980 ὲπεκταθέντα
3114 3922 3181 3992 τῇ
3219 3918 3327 3991 ίδίᾳ
3362 3916 3614 3987 δυνάμει,
3652 3931 3773 3985 μορο

2187 4024 2370 4094 φῶσαι
2400 4022 2684 4093 μόρφωσιν
2717 4016 2819 4088 τὴν
2848 4015 2971 4069 κατ’
2998 4010 3188 4066 οὐσίαν
3223 4009 3405 4081 μόνον,
3436 4005 3554 4062 ἀλλ’
3584 4005 3642 4058 οὐ
3681 4004 3778 4074 τὴν

2191 4115 2332 4170 κατὰ
2354 4112 2559 4184 γνῶσιν
2580 4124 2595 4139 ·
2628 4108 2726 4164 καὶ
2773 4105 3058 4177 πράξαντα
3084 4102 3265 4168 τοῦτο,
3307 4099 3645 4172 ἀναδραμεῖν
3690 4112 3755 4149 συ

2192 4207 2476 4263 στείλαντα
2502 4202 2671 4258 αὐτοῦ
2690 4200 2791 4272 τὴν
2818 4197 3052 4269 δύναμιν
3081 4195 3180 4250 καὶ
3204 4193 3546 4257 καταλιπεῖν,
3573 4191 3721 4254 ὅπως
3736 4188 3779 4254 ⁸,

2193 4298 2496 4371 αἰσθομένη
2534 4295 2630 4349 τοῦ
2665 4292 2796 4365 περὶ
2836 4290 3008 4361 αὐτὴν
3036 4287 3245 4351 πάθους
3283 4285 3372 4340 διὰ
3407 4285 3508 4357 τὴν
3546 4281 3774 4337 ἀπαλλα-

2190 4391 2295 4463 γὴν
2343 4388 2439 4443 τοῦ
2486 4386 2856 4457 πληρώματος
2875 4421 2891 4446 ,
2949 4378 3148 4452 ὀρεχθῇ
3219 4377 3329 4431 τῶν
3387 4374 3780 4463 διαφερόντων,

496 4478 703 4534 tiorum
741 4477 1045 4548 cupiditate
1081 4483 1384 4543 teneretur,
1418 4492 1544 4533 cum
1581 4477 1701 4548 jam
1735 4479 1907 4535 odore
1954 4494 2074 4551 quo-

2192 4462 2394 4556 ἐχουσά
2417 4495 2538 4533 τινα
2567 4474 2737 4547 ὀδμὴν
2774 4470 3107 4543 ἀφθαρσίας,
3147 4464 3670 4556 ἐγκαταλειφθεῖσαν
3694 4462 3778 4556 wi-

496 4569 625 4625 dam
657 4576 805 4627 esset
841 4567 1273 4625 immortalitatis
1300 4568 1502 4633 alllata,
1535 4585 1700 4641 quem
1735 4571 1789 4627 in
1830 4587 1896 4627 ea
1928 4571 2074 4628 Chri'

2192 4554 2293 4652 την
2321 4572 2416 4630 τοῦ
2452 4569 2688 4644 Χριστοῦ
2720 4567 2745 4600 ⁹
2773 4566 2868 4620 καὶ
2894 4562 2990 4621 τοῦ
3019 4562 3177 4631 ἀγίου
3205 4559 3545 4656 ῐῖνεύματοῗ
3577 4555 3673 4656 Διὸ
3698 4554 3781 4609 καὶ

498 4668 624 4718 stus
657 4674 723 4715 ac
745 4659 985 4730 Spiritus
1014 4668 1243 4716 sanctus
1263 4660 1622 4731 reliquerant.
1651 4660 1736 4717 0b
1757 4662 1812 4717 id
1841 4663 2074 4735 utrisqut

2188 4649 2361 4745 αῦτὴν
2389 4669 2504 4731 τοῖς
2542 4660 2880 4736 ἀμφοτέροις
2914 4657 3144 4728 ὀνόμασι
3176 4651 3477 4745 καλεῖσθαι,
3503 4649 3706 4745 Sosilas
3730 4666 3782 4702 τε

500 4750 769 4822 appellari
816 4750 1156 4808 nominibus.
1207 4749 1343 4806 Nam
1386 4759 1442 4806 et
1487 4750 1824 4823 Sapientiam
1860 4761 2090 4824 paterna

500 4844 871 4917 appellatione
907 4843 1041 4913 dici,
1077 4844 1225 4917 quod
1272 4844 1395 4916 ejus
1431 4844 1640 4904 Parens
1675 4844 1957 4918 Sapientia
1990 4863 2091 4903 voc

497 4946 659 4997 cetur
683 4956 698 4994 :
724 4945 780 4995 et
815 4937 1082 5009 Spiritum
1106 4948 1381 5008 sanctum,
1404 4941 1474 4997 ab
1495 4955 1563 4997 eo
1588 4939 1683 5011 qui
1713 4954 1841 4996 cum
1868 4939 2093 4996 Christo

499 5032 838 5102 conjunctus
867 5039 957 5089 est
988 5030 1216 5102 Spiritu.
1251 5031 1298 5086 Δ
1325 5032 1531 5102 quibus
1561 5032 1760 5102 euicta,
1789 5033 2095 5104 intelligen-

501 5129 687 5197 tiaque
715 5123 1000 5189 decorata,
1046 5123 1144 5181 sed
1174 5139 1243 5182 eo
1289 5126 1546 5196 subinde,
1594 5127 1739 5197 quod
1785 5127 1840 5182 in
1871 5127 1963 5181 illa
1993 5140 2095 5182 nec

502 5219 840 5290 aspectabile
874 5219 1072 5288 inerat,
1096 5216 1301 5285 Verbo,
1323 5218 1429 5275 hoc
1456 5228 1541 5277 est
1560 5218 1805 5285 Christo,
1836 5220 2092 5291 spoliata,

504 5312 569 5366 ad
609 5311 834 5369 luminis
867 5312 1017 5370 illius
1041 5311 1189 5383 quod
1212 5319 1513 5368 evanuerat
1543 5312 1956 5383 inquisitionem
1977 5327 2097 5368 om-

510 5418 629 5458 nem
665 5404 931 5474 impetum
962 5405 1305 5473 contulisse;
1332 5405 1431 5461 sed
1461 5406 1532 5461 ab
1578 5403 1726 5461 Horo
1765 5404 2096 5476 prohibitam

511 5493 643 5548 nihil
684 5497 948 5565 consequi
988 5499 1254 5569 potuisse.
1303 5496 1423 5565 Quo
1477 5505 1724 5569 tempore
1763 5497 2084 5570 contigisse,

2190 4742 2656 4837 πατρωνυμικῶς,
2683 4756 2712 4808 ὁ
2732 4752 2844 4823 γὰρ
2871 4749 3064 4820 Πατὴρ
3092 4746 3262 4817 αὐτῆς
3285 4743 3465 4837 ΣοφίαΔ
3486 4742 3780 4837 κληΐζεται,

2191 4858 2287 4913 καὶ
2310 4834 2542 4924 Πνεῦμα
2567 4849 2723 4918 ἅγιον
2756 4843 2864 4898 ἀπὸ
2892 4841 2987 4896 τοῦ
3006 4839 3137 4909 περὶ
3156 4838 3247 4892 τὸν
3276 4834 3514 4907 Χριστὸν
3536 4834 3783 4904 Πνεῦμα-

2193 4966 2304 5014 τος.
2329 4930 2730 5019 Μορφωθεῖσάν
2756 4955 2816 4991 τε
2836 4932 3147 5019 absumunt
3170 4929 3418 5019 ἔμφρονα
3446 4925 3782 5019 γενηθεῖσαν,

2192 5014 2512 5109 παραυτίκα
2540 5030 2599 5085 δὲ
2628 5025 2963 5083 κενωθεῖσαν
2987 5014 3082 5076 τοῦ
3107 5018 3403 5093 depth-ou“
3436 5018 3575 5088 αὐτῇ
3607 5014 3786 5109 συνόν-

2191 5104 2290 5195 τος
2311 5128 2510 5197 Λόγου,
2541 5120 2790 5178 τουτέστι
2814 5116 2911 5172 τοῦ
2940 5114 3209 5188 Χριστοῦ,
3241 5111 3337 5165 ἐπὶ
3365 5111 3593 5182 ζήτησιν
3616 5104 3785 5179 ὁρμῆ-

2194 5240 2287 5277 σαι
2310 5220 2407 5275 τοῦ
2436 5214 2835 5277 καταλιπόντος
2878 5208 3050 5281 αὐτὴν
3080 5206 3283 5278 φωτὸς,
3318 5204 3411 5258 καὶ
3452 5201 3528 5273 μὴ
3560 5198 3787 5269 δυνηθῆ-

2194 5331 2286 5370 ναι
2338 5308 2671 5367 καταλαϐεῖν
2720 5303 2879 5367 αὐτὸ,
2918 5301 3009 5355 διὰ
3062 5298 3128 5353 τὸ
3176 5294 3487 5365 κωλυθῆναι
3538 5292 3648 5345 ὑπὸ
3702 5288 3785 5343 τοῦ

2197 5406 2391 5478 "Upon.
2441 5401 2553 5459 Καὶ
2587 5397 2828 5454 ἐνταῦθα
2853 5396 2945 5450 τὸν
2974 5395 3140 5484 ᾯρον
3173 5389 3459 5484 κωλύοντα
3489 5383 3782 5484 αὐτηνῇς

2215 5472 2295 5563 εἰς
2332 5491 2716 5567 τοῦμπροσθεν
2755 5489 2935 5565 ὁρμῆς
2981 5472 3161 5541 εἶπεῖν
3202 5478 3528 5618 Ἰαὼοῐὸθεν
3573 5475 3636 5530 τὺ
3673 5472 3779 5530 ‘lati

586 5691 599 5719 '
667 5697 862 5770 Matth,
914 5714 996 5763 in,
1039 5703 1143 5769 ης
1197 5704 1333 5759 Luc.
1366 5719 1449 5766 in,
1510 5703 1598 5758 16.
1701 5703 1928 5760 ’lCor.
1978 5702 2074 5768 με

2249 5702 2269 5735 ³
2293 5699 2414 5757 Gal.
2465 5715 2545 5767 vl,
2588 5698 2688 5770 ΗΑ.-
2777 5695 2818 5770 ⁸-
2857 5694 2922 5770 Ir.
2958 5691 3201 5770 ’ἐκεῖνοζ
3246 5688 3310 5770 ’,⁵
3342 5685 3404 5740 F.
3439 5679 3775 5770 ὲ-φαρμόξειν.

511 5772 534 5804 ⁸
558 5772 696 5853 lren.
731 5764 1069 5837 κενώματος.
1128 5751 1159 5806 ’⁷
1190 5772 1338 5830 lrcn.
1390 5751 1632 5829 τδνίᾶνω
1662 5773 1767 5847 Χρ.
1847 5776 1868 5807 ⁸
1898 5774 1968 5829 lr.
2004 5751 2074 5828 ἰο

2177 5751 2544 5844 iuniori—thr;
2590 5751 2709 5823 δίιῆ
2763 5766 2898 5837 αὐτῇ
2948 5762 3057 5816 ὑπὸ
3108 5760 3202 5813 τοῦ
3244 5751 3503 5831 Χριστοῦ.
3549 5751 3625 5785 ’ίο
3647 5751 3774 5808 heu.

512 5842 770 5914 ασράτως.
