3982 6426
279 399 392 453 505

971 394 1346 455 ADVERSUS
1384 367 1733 453 HERESES
1771 394 1901 452 LIB.
1942 396 1984 451 Ι.
2029 396 2199 477 TUM.
2240 397 2308 456 11.
2352 430 2416 441 —
2456 398 2734 456 IL£RES.
2772 399 2960 457 XXXI.

3429 404 3434 411 ’
3462 406 3568 467 1306

279 516 460 585 ὕνομα
494 512 607 587 (79)
644 514 972 589 γεγενῆσθαι
1004 515 1298 586 φάσκουσι.
1334 516 1427 587 Μὴ
1472 515 1793 587 δυνηθεῖσαν
1816 513 1864 569 δὲ

1979 523 2039 571 ut
2064 532 2191 572 cum
2220 517 2389 586 illam,
2421 533 2492 574 ne
2522 518 2662 573 ultra
2683 500 3064 585 contenderet,
3098 516 3280 576 [lorus
3309 533 3570 581 coercere

277 605 555 660 διοδεῦσαι
575 604 666 660 τὸν
694 606 881 678 Ὅρον,
910 607 1001 662 διὰ
1031 607 1093 663 τὸ
1129 607 1547 680 συμπεπλέχθαι
1576 608 1655 680 τῷ
1688 607 1871 674 πάθει,

282 697 383 752 καί
429 698 598 771 μόνην
626 698 1051 769 ἀπολειφθεῖσαν
1094 698 1201 767 ἔξω
1242 700 1409 755 παντὶ
1446 701 1604 774 μέρει
1646 699 1741 754 τοῦ
1776 699 1877 756 πά·

278 785 434 853 θους,
464 789 758 842 ὑποπεσεῖν
787 789 1135 864 πολυμεροῦς
1162 792 1258 843 καὶ
1281 789 1666 844 πολυποικίλου
1697 790 1875 862 ὑπάρ-

276 897 491 952 χοντος,
517 882 613 936 καὶ⁸
633 881 828 937 παθεῖν
851 882 1029 955 λύπην
1054 883 1174 956 μὲν,
1198 883 1281 938 ὅτι
1305 883 1367 937 ού
1389 882 1683 939 κατέλαϐε·
1710 882 1875 954 φόϐον

275 975 359 1040 δὲ,
394 977 469 1050 μὴ
494 976 748 1050 καθάπερ
773 978 945 1051 αὐτὴν
976 978 1038 1032 τὸ
1064 978 1201 1051 φῶς,
1234 979 1377 1034 οὕτω
1407 979 1502 1033 καὶ
1529 978 1591 1033 τὸ
1622 977 1722 1051 ζῇν
1751 980 1878 1033 ἐπι-

274 1067 436 1139 λίπῃ,
463 1068 699 1140 ἀπορίαν
711 1087 770 1123 τε
792 1071 885 1124 ἐπὶ
916 1070 1151 1138 τούτοις,
1200 1072 1260 1126 ἐν
1284 1071 1481 1144 ἀγνοίᾳ
1502 1072 1560 1125 δὲ
1583 1071 1653 1125 τὰ
1669 1071 1869 1138 πάντα,

275 1156 379 1210 καὶ
401 1158 462 1210 οὐ
491 1158 744 1234 καθάπερ
766 1162 783 1192 ¹
808 1162 842 1233 ἡ
876 1163 1063 1236 μήτηρ
1083 1163 1255 1235 αὐτῆς
1283 1164 1318 1236 ἡ
1356 1163 1548 1236 πρώτη
1577 1164 1746 1234 Σοφία
1775 1162 1872 1218 καὶ

272 1247 445 1315 Αίὼν,
480 1250 792 1322 ὲτεροίωσιν
818 1252 879 1306 ἐν
915 1256 1029 1318 τοῖς
1061 1254 1292 1309 πάθεσιν
1338 1252 1502 1327 εἶχεν,
1535 1253 1673 1309 ἀλλὰ
1716 1255 1872 1309 ἐναν-

269 1340 523 1411 τιότητα.
542 1341 734 1396 Ἑπισυ
742 1344 915 1418 μϐεϐη
923 1347 1077 1400 κέναι
1091 1346 1137 1401 δ’
1154 1347 1291 1420 αὐτῇ
1314 1348 1408 1402 καὶ
1424 1347 1618 1419 ἑτέραν
1629 1346 1869 1401 διάθεσιν

269 1427 378 1500 τὴν
413 1431 512 1502 τῆς
552 1432 887 1506 ἐπιστροφῆς
914 1437 1009 1489 ἐπὶ
1047 1436 1141 1492 τὸν
1178 1437 1594 1510 ζωοποιήσαντα
1617 1439 1638 1470 ¹
1663 1437 1869 1510 ταύτην

272 1519 541 1575 σύστασιν
580 1523 673 1577 καὶ
701 1525 891 1581 οὐσίαν
929 1528 1027 1600 τῆς
1057 1527 1189 1600 ὕλης
1230 1530 1562 1602 γεγενῆσθαι
1594 1529 1863 1599 λέγουσιν,

269 1610 336 1675 ἐξ
380 1605 450 1684 ἧς
476 1613 563 1667 ὅδε
606 1616 635 1669 ὁ
680 1616 886 1688 κόσμος
925 1619 1282 1691 συνέστηκεν.
1328 1622 1424 1675 Ἐκ
1480 1622 1580 1694 μέν
1608 1620 1719 1693 γὰρ
1763 1620 1865 1691 τῆς

266 1704 611 1777 ἐπιστροφῆς
637 1708 736 1780 τὴν
767 1709 862 1763 τοῦ
896 1711 1105 1783 κόσμου
1138 1710 1351 1766 καὶτοῦ
1385 1711 1731 1785 Δημιουργοῦ
1760 1714 1865 1768 πᾶ·

268 1813 377 1851 σαν
408 1798 429 1829 ³
456 1798 632 1871 ψυχὴν
659 1801 759 1875 τὴν
790 1802 1005 1875 γένεσιν
1034 1804 1335 1878 εἰληφέναι,
1368 1806 1434 1859 ἐκ
1474 1806 1532 1860 δὲ
1564 1805 1659 1861 τοῦ
1695 1807 1862 1878 φόϐου

1979 610 2163 675 vellet,
2207 609 2303 664 Iao
2333 612 2660 667 vocabulum
2696 613 2999 684 proferret;
3033 627 3097 667 ex
3130 625 3239 683 quo
3266 612 3421 669 vocis
3450 612 3567 669 ori-

1977 701 2160 772 ginem
2201 701 2523 772 profectam.
2571 702 2710 759 Cum
2759 704 2930 775 igitur
2973 719 3328 775 perrumpere
3357 702 3567 760 Horum

1977 794 2292 864 nequisset,
2325 795 2448 851 ideo
2493 795 2640 867 quod
2675 797 3086 867 perturbatione
3116 798 3393 867 implicata
3428 797 3569 853 deti-

1976 894 2222 952 neretur,
2262 887 2420 957 133
2449 902 2514 943 ac
2567 890 2685 945 sola
2715 897 2870 944 extra
2919 890 3297 957 remansisset,
3345 899 3565 960 pertur-

1977 976 2219 1033 bationis
2248 978 2416 1048 hujus
2454 995 2576 1050 quae
2605 980 2891 1051 multiplex
2926 989 3046 1036 erat
3080 996 3145 1037 ac
3179 980 3351 1047 varia,
3388 980 3565 1050 parti-

1974 1070 2083 1127 bus
2149 1072 2411 1129 omnibus
2475 1074 2875 1141 succubuisse;
2946 1073 3309 1144 al'fectamque
3373 1072 3565 1129 dolore

1973 1164 2237 1237 primum,
2271 1164 2420 1234 quod
2458 1165 2594 1220 nihil
2625 1173 2881 1223 assecuta
2919 1167 3019 1235 sit;
3052 1172 3168 1222 tum
3197 1175 3366 1233 metu,
3394 1180 3464 1221 ne
3500 1172 3564 1221 ut

1973 1259 2149 1327 ipsam
2204 1256 2410 1321 lumen,
2456 1257 2531 1311 ita
2573 1258 2685 1313 vita
2739 1257 3043 1315 deﬁceret:
3087 1259 3286 1315 deinde
3342 1258 3562 1315 consilii

1971 1347 2177 1419 inopia,
2227 1363 2292 1404 ac
2341 1352 2562 1405 demum
2592 1350 2916 1421 ignorantiae
2949 1351 3172 1422 penitus
3219 1353 3557 1409 immersam.

1969 1439 2161 1510 Neque
2191 1441 2362 1507 enim,
2396 1451 2454 1496 ut
2492 1443 2615 1512 ejus
2665 1442 2838 1497 Mater
2876 1443 3052 1513 prima
3099 1444 3190 1498 illa
3223 1460 3293 1499 ex
3319 1443 3559 1499 Eonum

1968 1535 2205 1606 collegio
2237 1533 2541 1606 Sapientia,
2574 1536 2910 1591 alternorum
2945 1537 3213 1591 duntaxat
3240 1537 3562 1594 diversitate

1966 1634 2246 1692 motuum,
2311 1629 2407 1685 sed
2469 1629 2876 1684 contrariorum
2956 1628 3189 1684 dissidio
3252 1629 3565 1684 laborasse.

1967 1718 2111 1787 Quin
2141 1727 2195 1776 et
2218 1735 2414 1776 novam
2439 1720 2666 1792 insuper
2679 1721 2854 1776 eidem
2874 1719 3215 1776 affectionem
3238 1720 3557 1791 contigisse,

1966 1811 2348 1867 conversionis
2386 1809 2453 1865 ad
2487 1826 2614 1866 eum
2644 1810 2855 1866 scilicet
2897 1812 2989 1881 qui
3026 1810 3131 1868 sibi
3162 1810 3329 1866 vitam
3359 1811 3559 1881 imper-

265 1890 370 1943 ata).
395 1891 494 1962 τῆς
520 1890 694 1966 λύπης
720 1895 788 1949 τὰ
832 1895 995 1950 λοιπὰ
1029 1897 1130 1970 τὴν
1171 1897 1346 1971 ἀρχὴν
1372 1899 1682 1971 ἐσχηκέναι.
1729 1900 1862 1955 Ἀπὸ

1969 1903 2149 1958 tierat.
2208 1900 2363 1957 Hauc
2399 1916 2532 1968 vero
2573 1904 2816 1958 materia:
2851 1902 3051 1958 molem
3091 1917 3157 1957 ac
3192 1902 3558 1958 substantiam

262 1984 384 2055 γὰρ
421 1982 530 2037 τῶν
575 1985 829 2058 δακρύων
862 1988 1033 2059 αὐτῆς
1064 1990 1347 2060 γεγονέναι
1400 1993 1582 2046 πᾶσαν
1633 1990 1860 2064 ἐνυγρον

218 2151 225 2156 ι
261 2074 496 2129 οὐσίανο
544 2076 655 2130 ἀπὸ
691 2078 747 2131 δὲ
778 2078 873 2133 τοῦ
906 2080 1143 2150 γέλωτος
1181 2082 1282 2154 τὴν
1313 2085 1618 2154 φωτεινήν⁶
1649 2083 1757 2138 ἀπὸ
1801 2083 1861 2138 δὲ

261 2164 371 2235 τῆς
405 2164 582 2236 λύπης
612 2168 832 2239 καὶτῆς
867 2171 1182 2242 ἐκπλήξεως
1210 2171 1281 2227 τὰ
1315 2173 1602 2244 σωματικὰ
1627 2172 1723 2227 τοῦ
1768 2174 1858 2229 κό-

264 2276 412 2331 σμου
437 2264 694 2333 στοιχεῖα.
727 2264 865 2317 Ποτέ
895 2264 995 2336 μὲν
1016 2265 1126 2336 γὰρ
1155 2265 1339 2320 ἔκλαιε
1369 2268 1464 2320 καὶ
1486 2268 1758 2332 ἐλυπεῖτο,
1784 2267 1862 2331 ὡς

259 2349 509 2419 λέγουσι,
534 2351 624 2406 διὰ
645 2352 707 2406 τὸ
730 2352 1153 2423 καταλελεῖφθαι
1178 2354 1348 2427 μόνην
1372 2356 1431 2409 ἐν
1454 2354 1533 2426 τῷ
1564 2355 1743 2423 σκότει
1767 2355 1864 2409 καὶ⁵

259 2441 344 2512 τῷ
380 2442 659 2515 κενώματι
681 2461 697 2477 ⁸
734 2444 865 2498 ποτὲ
893 2445 951 2500 δὲ
980 2446 1062 2510 είς
1094 2445 1303 2501 ἔννοιαν
1334 2448 1543 2519 ἥκουσα
1563 2447 1658 2502 τοῦ
1686 2465 1862 2503 κατα·-

258 2533 516 2598 λιπόντος
559 2535 731 2607 αὐτὴν
780 2537 980 2606 φωτὸς,
1014 2537 1243 2609 διεχεῖτο
1280 2539 1376 2592 καὶ
1414 2539 1579 2609 ἐγέλα
1601 2556 1615 2571 ·
1655 2540 1786 2594 ποτὲ
1812 2539 1860 2594 δ’

256 2621 332 2679 αὖ
374 2626 538 2683 πάλιν
561 2629 835 2698 ἐφοϐεῖτο⁸
865 2629 1055 2684 ἄλλοτε
1076 2631 1133 2684 δέ
1161 2631 1431 2703 διηπόρει,
1461 2632 1558 2686 καὶ
1586 2630 1856 2698 ἐξίστατο.

1965 2008 2108 2058 esse,
2136 1996 2215 2049 ex‘
2233 2009 2342 2064 qua
2388 1994 2628 2051 mundus
2663 1995 2770 2052 iste
2818 1995 3044 2050 coaluit.
3082 1992 3294 2049 Etenim
3329 2009 3396 2050 ex
3438 1993 3559 2065 ipsa

1966 2084 2354 2148 conversione,
2402 2084 2593 2139 mundi
2631 2091 2686 2140 et
2717 2085 3054 2150 Conditoris,
3097 2085 3344 2155 adeoque
3391 2082 3559 2139 aliam

1965 2187 2185 2230 omnem
2232 2175 2470 2229 animam
2501 2190 2625 2231 esse
2663 2176 2934 2246 genitam;
2968 2185 3167 2232 caetera
3198 2191 3264 2230 ex
3311 2181 3461 2229 metu
3491 2189 3556 2229 ac

1965 2265 2156 2321 dolore
2183 2265 2400 2321 initium
2433 2268 2731 2337 accepisse.
2757 2265 2895 2322 Nam
2923 2282 2954 2324 e
2980 2268 3237 2340 lacrymis
3268 2266 3554 2322 humidum

1960 2370 2142 2424 omne,
2162 2373 2193 2413 e
2222 2357 2339 2413 risu
2368 2358 2683 2427 iucidum,e
2708 2359 2900 2415 dolore
2934 2374 3000 2415 ac
3029 2368 3258 2431 stupore
3285 2373 3555 2430 corporea

1958 2451 2153 2506 mundi
2202 2451 2472 2507 elementa
2519 2467 2799 2509 manasse.
2836 2453 3123 2510 Accidissc
3175 2453 3557 2519 nimirum,.ut

1958 2542 2377 2612 collacrymaret
2409 2542 2684 2598 interdum
2742 2556 2805 2597 ac
2835 2542 3070 2609 doleret,
3099 2541 3249 2613 quod
3284 2556 3344 2600 se
3380 2541 3556 2599 soiam

1959 2633 2017 2689 in
2063 2634 2303 2690 tenebris
2338 2642 2392 2688 et
2445 2634 2712 2690 inanitate
2757 2635 3009 2690 relictam
3063 2634 3549 2689 animadverteret.

258 2717 669 2791 Nonnunquam
689 2736 820 2777 vero
851 2738 977 2778 mox
1011 2730 1072 2778 ut
1102 2724 1249 2781 illius
1307 2726 1551 2793 luminis,
1584 2729 1732 2797 quod
1766 2743 1890 2784 sese
1924 2730 2248 2800 reliquerat,
2285 2729 2497 2785 veniret
2537 2731 2592 2785 in
2633 2731 2980 2797 memoriam,
3032 2730 3146 2784 risu
3182 2744 3241 2785 se
3286 2743 3349 2783 ac
3399 2726 3558 2782 voiu-
3644 2799 3649 2803 ξ

260 2820 417 2884 ptate
462 2812 809 2884 perfudisse;
858 2813 1246 2888 interdumque
1289 2833 1485 2874 rursus
1533 2817 1603 2873 ad
1638 2826 1853 2878 metum
1895 2820 2148 2884 rediisse,
2205 2822 2343 2877 alias
2378 2823 2621 2888 anxiam,
2672 2820 3004 2891 consiliique
3052 2820 3273 2890 inepem
3305 2826 3360 2873 et
3409 2823 3555 2873 atto-

260 2908 438 2962 nitam
468 2906 661 2964 fuisse.

335 2997 441 3055 IZ'.
474 3001 586 3055 Καὶ
616 3000 671 3054 τί
716 3002 860 3074 γάρ;
896 3003 1190 3077 Τραγῳδία
1239 3004 1407 3076 πολλὴ
1441 3004 1627 3059 λοιπὸν
1671 3000 1740 3077 ἦν
1773 3006 1859 3059 ἐν-

256 3091 414 3154 θάδε,
451 3093 546 3146 καὶ
579 3094 851 3163 φαντασία
883 3095 1001 3161 ἐνὸς
1050 3096 1280 3150 ἑκάστου
1327 3097 1531 3164 αὐτῶν,
1560 3091 1735 3163 ἄλλως
1764 3096 1860 3152 καὶ

259 3182 443 3246 ἄλλως
485 3181 733 3255 σοϐαρῶς
782 3183 1207 3256 ἐκδιηγουμένου
1253 3185 1317 3238 ἐκ
1348 3184 1593 3239 ποταποῦ
1627 3185 1855 3247 πάθους,

258 3273 330 3327 ἐκ
366 3244 525 3327 ποίου
568 3244 832 3347 στοιχείου
874 3244 1103 3348 {Beata
1136 3276 1236 3346 τὴν
1273 3277 1489 3344 γένεσιν
1541 3273 1783 3346 εἴληφεν,
1889 3244 1936 3308 c

257 3367 361 3421 καὶ
404 3366 632 3431 εἰκότως
676 3367 893 3421 δοκοῦσί
925 3385 1015 3438 μοι
1059 3367 1133 3439 μὴ
1161 3367 1409 3430 ἅπαντας
1436 3364 1610 3419 θέλειν
1651 3366 1708 3419 ἐν
1754 3381 1860 3435 φα-

254 3457 407 3530 νερῷ
435 3457 730 3522 διδάσκειν,
762 3458 878 3513 ἀλλ’
911 3458 945 3531 ἢ
981 3459 1177 3530 μόνους
1211 3458 1455 3521 ἐκείνους
1484 3456 1613 3521 τοὺς
1644 3456 1735 3511 καὶ
1765 3473 1861 3526 με-

250 3549 466 3619 γάλους
497 3548 725 3619 μισθοὺς
766 3550 909 3623 ὑπὲρ
951 3549 1288 3621 τηλικούτων
1338 3548 1656 3621 μυστηρίων
1687 3546 1860 3602 τελεῖν

253 3641 619 3712 δυναμένους.
651 3644 848 3697 Οὐκέτι
878 3642 988 3716 γὰρ
1032 3642 1207 3697 ταῦτα
1248 3643 1410 3713 ὅμοια
1453 3641 1705 3705 ἐκείνοις,
1734 3640 1863 3711 περὶ

251 3727 332 3788 ὧν
355 3733 388 3786 δ
412 3733 620 3806 Κύριος
649 3734 806 3811 ἡμῶν
836 3734 1029 3807 εἴρηκε
1045 3752 1059 3766 ·
1083 3734 1317 3805 Δωρεὰν
1342 3732 1607 3798 ἐλάϐετε,
1636 3731 1864 3799 δωρεὰν

250 3826 431 3882 δότε·
465 3825 602 3881 ἀλλὰ
624 3826 1112 3899 ἀνακεχωρηκότα,
1134 3826 1229 3880 καὶ
1251 3823 1529 3897 τερατώδη
1567 3826 1662 3878 καὶ
1692 3822 1863 3895 βαθέα

253 3918 547 3992 μυστήρια
597 3917 738 3989 μετὰ
776 3917 972 3972 πολλοῦ
1026 3919 1274 3991 καμάτου
1316 3917 1707 3989 περιγινόμενα
1751 3917 1864 3979 τοῖς

247 4029 293 4082 φ
323 4010 635 4080 λοψευδέσι.
666 4009 764 4076 Τίς
792 4010 900 4084 γὰρ
930 4012 1032 4066 οὐκ
1064 4011 1131 4066 ἂν
1156 4011 1553 4082 ἐκδαπανήσειε
1587 4009 1768 4063 πάντα
1795 4008 1865 4062 τὰ

248 4102 578 4173 ὑπάρχοντα
624 4101 814 4167 αὐτοῦ,
849 4102 940 4157 ἴνα
987 4102 1156 4176 μάθῃ,
1193 4104 1276 4158 ὅτι
1317 4102 1428 4158 ἀπὸ
1457 4102 1567 4155 τῶν
1610 4099 1864 4172 δακρύων

247 4188 365 4265 τῆς
400 4192 783 4265 Ἑνθυμήσεως
804 4190 900 4247 τοῦ
944 4192 1279 4257 πεπονθότος
1308 4191 1536 4255 Αίῶνος,
1577 4190 1863 4255 θάλασσαι,

248 4286 360 4342 καὶ
389 4285 584 4356 πηγαὶ,
620 4284 716 4338 καὶ
746 4285 1004 4356 ποταμοὶ,
1033 4285 1128 4339 καὶ
1154 4286 1308 4339 πᾶσα
1331 4282 1553 4356 ἔνυδρος
1585 4281 1744 4335 οὐσία
1765 4281 1867 4354 τὴν

247 4377 480 4448 γένεσιν
529 4375 777 4449 εἴληφεν,
818 4378 884 4431 ἐκ
915 4376 973 4430 δὲ
1019 4376 1115 4431 τοῦ
1146 4376 1384 4447 γέλωτος
1426 4376 1599 4448 αὐτῆς
1634 4374 1696 4427 τὺ
1726 4373 1862 4443 φῶς,

252 4468 359 4523 καὶ
387 4468 456 4521 ἐκ
497 4467 601 4538 τῆς
632 4467 949 4540 ἐκπλήξεως
974 4467 1070 4521 καὶ
1097 4468 1198 4538 τῆς
1226 4464 1541 4537 ἀμηχανίας
1567 4463 1637 4517 τὰ
1679 4480 1866 4534 σωμα-

250 4558 391 4615 τικὰ
409 4559 506 4613 τοῦ
532 4558 740 4630 κόσμου
773 4560 1011 4630 στοιχεῖα
1030 4576 1044 4627 ;
1068 4558 1340 4629 Βούλομαι
1361 4557 1417 4610 δὲ
1437 4557 1531 4611 καὶ
1552 4556 1715 4620 αὐτὸς
1742 4573 1867 4608 συν-

245 4654 598 4722 εισενεγκεῖν
639 4625 698 4705 τι
729 4653 799 4723 τῇ
861 4625 1213 4723 καρποφορίᾳ
1242 4625 1445 4703 αὐτῶν.
1486 4646 1707 4719 Ἐπειδὴ
1752 4644 1862 4720 γὰρ
1893 4625 1942 4683 ο

254 4746 375 4819 ὁρῶ
398 4745 469 4799 τὰ
502 4745 603 4817 μὲν
636 4744 844 4814 γλυκέα
874 4741 1044 4799 ὕδατα
1074 4743 1223 4810 ὄντα,
1257 4737 1369 4797 οἷον
1404 4740 1608 4813 πηγὰς,
1639 4740 1736 4794 καὶ
1764 4757 1863 4793 πυ-

257 4838 491 4909 ταμοὺς,
523 4836 620 4891 καὶ
647 4836 908 4908 δμϐρους,
935 4837 1032 4891 καὶ
1053 4835 1123 4890 τὰ
1152 4834 1402 4900 τοιαῦτα,
1434 4832 1504 4888 τὰ
1536 4833 1595 4887 δὲ
1623 4833 1717 4886 ἐπί
1739 4833 1863 4896 ταῖς

257 4932 566 4996 θαλάσσαις
613 4931 864 5005 ἁλμυράο
893 4931 1096 4986 ἐπινοῶ
1148 4929 1224 5003 μὴ
1265 4930 1444 4985 πάντα
1472 4928 1581 4984 ἀπὸ
1618 4927 1729 4982 τῶν
1767 4927 1862 4981 δα-

263 5021 450 5095 κρύων
481 5023 655 5094 αὐτῆς
685 5022 1114 5096 προϐεϐλῆσθαι,
1148 5022 1283 5077 διότι
1316 5022 1379 5076 τὸ
1410 5022 1647 5093 δάκρυον
1684 5018 1863 5091 ἁλμυ-

260 5118 359 5190 ρὸν
380 5118 448 5187 τῇ
472 5116 718 5189 ποιότητι
743 5116 998 5189 ὑπάρχει.
1024 5117 1264 5187 Φανερδν
1291 5112 1406 5181 οὖν,
1429 5117 1513 5169 ὅτι
1539 5114 1609 5168 τὰ
1638 5110 1862 5185 ἁλμυρὰ

257 5209 435 5264 ὕδατα
455 5209 630 5279 ταῦτά
663 5212 783 5264 ἐστι
806 5211 874 5265 τὰ
907 5211 1017 5265 ἀπὸ
1035 5210 1147 5265 τῶν
1176 5209 1450 5283 δακρύων.
1490 5209 1653 5274 Εἰκὸς
1676 5208 1735 5262 δὲ
1759 5206 1861 5261 αύ-

254 5305 364 5374 τῆν
394 5305 454 5357 ἐν
497 5303 712 5375 ἀγωνία
751 5303 920 5377 πολλῇ
952 5305 1047 5359 καὶ
1093 5304 1381 5377 ἀμηχανίᾳ
1427 5304 1717 5374 γεγονυῖαν
1764 5299 1863 5354 καὶ

258 5394 577 5467 ίδρωκέναι.
625 5397 912 5461 Ἐντεῦθεν
949 5397 1016 5471 δὴ
1054 5396 1199 5453 κατὰ
1237 5395 1336 5468 τὴν
1382 5382 1642 5450 ὑπόθεσιν
1680 5391 1863 5446 αὐτῶν

261 5641 321 5690 ιι,
354 5624 408 5677 8.

2037 2998 2201 3055 XVII.
2240 2999 2383 3066 Quid
2418 3007 2531 3054 tum
2578 2998 2740 3053 inde?
2768 2995 3032 3051 Maximus
3060 2995 3320 3066 deinceps
3346 2996 3422 3052 illi
3455 3007 3562 3053 tra-

1966 3092 2176 3164 gazdias
2218 3092 2456 3157 facium;
2491 3105 2554 3145 ac
2595 3105 2695 3161 pro
2749 3105 2852 3144 suo
2886 3089 3122 3160 quisque
3169 3088 3347 3158 capite
3398 3089 3560 3145 aliter

1966 3196 2131 3259 atquc
2163 3186 2319 3242 aliter
2346 3199 2563 3241 summa
2598 3198 2721 3238 cum
2753 3181 3066 3252 arrogantia
3100 3181 3344 3250 disputat
3375 3200 3388 3235 :
3421 3196 3561 3251 qua-

1964 3291 2091 3331 nam
2126 3290 2190 3331 ex
2222 3271 2653 3343 perturbatione,
2686 3279 2781 3324 aut
2804 3285 2867 3325 ex
2899 3283 3136 3339 quonam
3166 3270 3436 3325 elemento
3466 3285 3560 3325 na-

1965 3376 2088 3423 tura
2124 3365 2464 3436 prolluxerit.
2499 3363 2744 3430 Quorum
2770 3362 2905 3416 mihi
2934 3361 3130 3415 merito
3155 3361 3413 3416 videntur
3442 3378 3555 3418 non

1963 3460 2142 3532 palam
2172 3457 2431 3514 omnibus
2459 3454 2808 3524 disciplinam
2860 3453 2999 3509 velle
3038 3453 3383 3509 committere
3414 3472 3428 3509 :
3461 3454 3559 3511 sed

1965 3551 2034 3607 iis
2086 3551 2287 3614 solum,
2339 3548 2434 3620 qui
2490 3546 2824 3602 luculentam
2881 3547 3188 3600 mercedem
3237 3560 3337 3616 pro
3388 3546 3559 3602 tantis

1964 3640 2246 3713 mysteriis
2305 3646 2700 3709 repraesentare
2734 3635 2968 3707 possint.
3022 3633 3212 3706 Neque
3258 3635 3408 3690 enim
3454 3636 3559 3692 ista

1965 3748 2155 3789 eorum
2193 3731 2396 3788 similia
2436 3738 2591 3798 sunt,
2640 3728 2710 3785 de
2765 3729 2968 3799 quibus
3006 3743 3036 3782 ιι
3078 3727 3310 3784 Domino
3348 3728 3558 3784 dictum

1966 3834 2096 3882 est:
2140 3822 2322 3878 Gratis
2364 3823 2670 3892 accepistis,
2719 3826 2891 3894 gratis
2936 3820 3139 3877 dale‘:
3171 3821 3266 3877 sed
3300 3821 3371 3876 ab
3409 3821 3559 3880 omni

1966 3927 2178 3972 remota
2213 3931 2402 3980 sensu,
2444 3930 2508 3970 ac
2549 3914 2888 3989 prodigiosa,
2925 3914 3313 3986 profundaque
3353 3927 3558 3969 arcana

1967 4007 2061 4061 illa
2092 4013 2242 4069 sunt,
2278 4020 2401 4076 quae
2427 4020 2455 4059 a
2489 4004 2746 4061 falsitatis
2771 4005 3114 4060 amatoribus
3145 4019 3344 4076 magno
3374 4004 3560 4059 labore

1967 4108 2381 4170 comparantur.
2414 4096 2549 4164 Quis
2582 4097 2728 4152 enim
2754 4112 2863 4151 non
2891 4098 3076 4153 omnia
3101 4097 3244 4152 bona
3268 4112 3368 4152 sua
3393 4097 3559 4153 liben-

1966 4199 2052 4248 ter
2092 4191 2146 4245 iu
2178 4192 2313 4246 illud
2342 4190 2642 4261 impendat,
2673 4197 2732 4243 ut
2770 4188 2966 4251 discat,
3002 4186 3462 4260 quemadmodum
3492 4203 3559 4243 ex

1968 4281 2367 4353 Enthymeseos
2394 4279 2674 4351 lacrymis,
2716 4276 2919 4344 ali‘ecti,
2966 4278 3212 4348 inquam,
3254 4277 3400 4332 illius
3426 4276 3555 4332 Eo-

1968 4377 2078 4441 nis,
2120 4373 2320 4441 maria,
2364 4372 2545 4429 fontes
2586 4386 2653 4427 ac
2706 4371 2955 4435 ﬂumina,
3018 4371 3327 4442 humorque
3378 4372 3559 4427 omnis

1969 4468 2279 4524 elliuxerit:
2314 4465 2679 4535 similiterque
2706 4471 2761 4520 et
2791 4478 2858 4520 ex
2887 4463 3000 4518 risu
3032 4462 3249 4529 lumen;
3278 4469 3331 4517 et
3358 4478 3424 4517 ex
3451 4469 3556 4516 stu-

1970 4574 2103 4630 pore
2141 4573 2206 4613 ac
2247 4559 2449 4614 mentis
2502 4556 2688 4628 inepia
2741 4571 3009 4628 corporea
3058 4554 3249 4610 mundi
3293 4555 3558 4611 elementa
3614 4602 3621 4613 .

1974 4649 2216 4721 profecta
2248 4649 2395 4705 sint?
2422 4647 2585 4720 184
2612 4646 2748 4704 Volo
2778 4647 3034 4719 equidem
3064 4646 3316 4703 nonnihil
3342 4645 3559 4702 illorum

1971 4740 2211 4799 inventis
2255 4757 2354 4811 pro
2384 4740 2529 4796 virili
2574 4739 2849 4796 conferre.
2901 4738 3172 4806 Quoniam
3201 4738 3346 4793 enim
3392 4751 3559 4808 aqua-

1967 4852 2091 4892 rum
2126 4837 2315 4892 dulces
2342 4836 2480 4891 alias
2526 4834 2709 4901 video,
2752 4840 2942 4904 utpote
2993 4831 3175 4887 fontes
3220 4839 3276 4885 et
3311 4827 3559 4894 ﬂumina,

1969 4929 2205 5001 pluvias,
2236 4938 2291 4984 et
2319 4928 2372 4983 id
2403 4941 2576 4999 genus
2609 4927 2882 4996 reliquas;
2915 4924 3075 4987 alias,
3118 4923 3266 4978 velut
3292 4920 3555 4985 marinas,

1967 5022 2168 5086 salsas,
2196 5020 2454 5091 suspicor
2487 5033 2596 5074 non
2637 5033 2706 5073 ex
2748 5016 2870 5087 ejus
2918 5015 3182 5088 lacrymis
3213 5028 3404 5068 omnes
3431 5026 3557 5067 eru-

1970 5112 2140 5183 pisse,
2170 5111 2315 5181 quod
2349 5118 2545 5165 natura
2577 5109 2737 5164 salsae
2765 5107 2877 5162 sint
2915 5105 3190 5177 lacrymae,
3223 5102 3558 5173 proindeque

1970 5205 2149 5260 salsas
2172 5201 2440 5257 duntaxat
2462 5215 2635 5272 aquas
2658 5215 2723 5255 ex
2749 5201 2872 5269 ejus
2900 5197 3159 5269 lacrymis
3191 5201 3383 5249 enatas
3409 5206 3554 5247 esse.

1968 5296 2108 5353 Cum
2133 5295 2354 5351 interim
2389 5301 2822 5350 consentaneum
2854 5290 2947 5356 sit,
2972 5287 3219 5345 eamdem
3251 5283 3555 5340 vehementi

1971 5389 2141 5445 animi
2177 5401 2385 5458 angore
2437 5399 2503 5441 ac
2535 5383 2753 5441 consilii
2796 5381 2981 5454 inopia
3017 5379 3302 5451 praeditam
3355 5375 3557 5433 sudore

342 5551 369 5625 ‘7
389 5552 457 5607 Ir.
487 5553 759 5625 ἀγνοοῦσα
784 5555 841 5610 δέ
876 5554 949 5610 τὰ
973 5553 1175 5623 πάντα,
1204 5552 1416 5609 οὐ’καο.
1496 5553 1517 5585 ³
1543 5551 1676 5611 Post
1707 5549 1864 5617 ξωοπι

1969 5562 2114 5605 ῖαντα
2146 5541 2613 5618 distinguendum.
2689 5539 2711 5573 ³
2742 5538 2888 5596 lren.
2920 5537 3014 5593 καὶ
3034 5536 3233 5592 πᾶσαν.
3310 5532 3332 5566 ἰ
3357 5532 3548 5589 Matth.

337 5778 451 5847 (7.9)
494 5778 670 5832 Ὅθεν
715 5775 782 5829 τὸ
837 5774 966 5831 ’1αώ
1005 5775 1211 5846 ὄνομα.
1259 5773 1431 5839 Quem
1468 5770 1724 5828 Liberum
1771 5779 1861 5844 pat

1969 5789 2007 5842 ι,
2042 5779 2096 5829 et
2163 5769 2349 5829 Solem
2406 5772 2611 5830 ethnici
2652 5769 2952 5844 scriptorcs
3014 5767 3378 5845 appellarunt.
3414 5758 3551 5837 (Ma-

258 5852 420 5912 crob.
459 5850 554 5905 lib.
587 5866 627 5917 ι,
662 5863 784 5918 cap.
822 5847 929 5917 16.)
