3982 6432
488 393 591 451 5οἹ

1901 383 1959 440 s.
2001 354 2343 441 aetrnum

3653 388 3752 447 508

492 514 772 558 manasse.
799 496 879 554 Ex
906 512 1020 568 quo
1046 511 1388 567 consequens
1412 502 1519 560 est,
1549 495 1780 552 fontium
1811 509 1877 551 ac
1904 498 2078 553 ﬂumi-

2191 497 2579 571 5τιολαμ6άνειν
2613 499 2698 554 δεῖ
2725 498 2910 570 πηγάς
2953 497 3049 557 καὶ
3081 498 3382 570 ποταμοὺς,
3426 499 3527 554 καὶ
3565 501 3757 560 εττινα

493 608 627 650 num
657 593 914 662 liquores,
953 605 1016 643 ac
1054 589 1100 646 si
1126 588 1258 660 quid
1295 589 1447 645 aliud
1486 597 1573 645 est
1603 588 1869 644 dulcioris
1895 604 2070 660 aqum,

496 683 721 740 minime
751 696 817 737 ex
842 679 964 749 ejus
1011 679 1269 751 lacrymis
1298 678 1545 735 ﬂuxisse.
1574 678 1674 734 Est
1701 680 1847 736 enim
1877 681 2074 750 perab-

495 773 746 836 surdum,
776 786 899 826 cum
927 786 1035 824 una
1070 770 1413 840 simplexque
1445 772 1520 825 sit
1543 770 1907 841 lacrymarum
1942 783 2110 841 qua-'

498 864 643 928 litas,
676 861 881 917 salsum
923 875 1032 914 non
1064 859 1249 916 minus
1287 859 1600 923 humorem,
1631 845 1797 930 quam
1835 858 2072 923 dulcem,

497 955 562 1010 ad
589 953 836 1011 eamdem
864 952 1131 1023 originem
1163 950 1401 1020 referre;
1432 967 1559 1007 cum
1581 952 1752 1007 multo
1778 951 1851 1007 sit
1878 949 2077 1021 proba-

496 1047 679 1110 bilius,
719 1044 984 1116 quasdam
1016 1059 1048 1099 e
1090 1045 1351 1116 lacrymis
1395 1058 1645 1116 aquas,e
1696 1043 1898 1100 sudore
1941 1041 2077 1097 alias

495 1138 783 1193 excitatas.
818 1135 885 1190 Et
932 1134 1192 1208 quoniam
1223 1135 1415 1191 calidae
1441 1151 1662 1208 quoque
1694 1135 1898 1192 alicubi
1924 1142 2076 1202 sunt,

494 1235 551 1286 et
581 1228 773 1293 acidae,
802 1226 1098 1283 videndum
1141 1241 1307 1297 porro
1327 1266 1343 1293 ,
1373 1228 1512 1299 quid
1540 1242 1711 1301 agens
1744 1228 1857 1292 illa,
1901 1242 2078 1298 quave

468 1335 562 1397 lex
592 1329 746 1391 parte
794 1318 1106 1375 istiusmodi
1138 1334 1310 1389 aquas
1354 1319 1682 1391 profuderit.
1716 1319 1879 1375 Tales
1927 1319 2075 1375 enim

389 1485 396 1492 Ι
495 1413 859 1485 quaestionum
889 1426 1065 1482 nugae,
1091 1411 1238 1466 velut
1261 1411 1571 1482 dignissimi
1602 1412 1834 1480 fructus,
1860 1413 2077 1467 illorum

497 1505 734 1561 inventis
766 1503 1215 1574 argumentisque
1243 1511 1574 1575 congruunt.

569 1592 678 1648 Sed
744 1600 802 1647 ut
835 1591 904 1647 ad
935 1590 1161 1645 Matrem
1193 1591 1370 1662 ipsam
1402 1592 1641 1659 redeam,
1673 1591 1877 1658 ferunt,
1907 1592 2077 1657 illam,

498 1700 625 1741 cum
660 1684 775 1755 jam
821 1684 1003 1738 omnia
1030 1683 1503 1754 perturbationum
1531 1698 1733 1746 genera
1773 1686 2080 1756 percurris-

499 1783 606 1838 set,
645 1788 788 1845 πει-ο
821 1773 1041 1828 tandem
1086 1787 1354 1827 emersam
1387 1772 1454 1827 ad
1499 1774 1633 1829 illud
1682 1775 1887 1841 lumen,
1912 1790 1944 1829 a
1973 1791 2082 1846 quo

2172 589 2308 644 ἄλλα
2337 590 2543 659 γλυκέα
2574 590 2746 646 ὕδατα
2773 591 3029 663 ὑπάρχει,
3061 588 3167 661 τὴν
3181 590 3399 659 γένεσιν
3424 591 3505 663 μὴ
3527 593 3757 665 ἐσχηκέ-

2172 698 2261 736 ναι
2305 681 2415 736 άπὸ
2457 682 2569 736 τῶν
2608 680 2861 751 δακρύων
2901 680 3094 751 αὐτῆς.
3137 680 3429 736 ’Δπίθανον
3457 683 3597 755 γάρ,
3635 688 3758 755 μιᾶς

2172 771 2459 843 ποιότητος
2487 771 2653 843 οῦσης
2682 772 2795 825 τῶν
2834 770 3213 846 δακρύωνητά
3261 772 3363 843 μὲν
3406 773 3652 845 ἁλμυρὰ,
3694 776 3759 828 τά

2171 862 2231 917 δὲ
2254 863 2463 933 γλυκέα
2495 861 2665 918 ὕδατα
2683 862 2749 929 ἐξ
2770 862 2951 918 αὐτῶν
2981 862 3285 935 προελθεῖν.
3322 864 3497 919 Τοῦτο
3517 866 3577 919 δὲ
3598 864 3757 919 πιθα·

2173 952 2429 1027 νὼτερον,
2458 955 2529 1009 τά
2572 955 2672 1027 μὲν
2699 949 2840 1008 εἶναι
2878 953 2989 1008 ἀπὸ
3014 953 3126 1008 τῶν
3159 954 3437 1026 δακρύων,
3466 956 3540 1010 τά
3572 957 3632 1011 δὲ
3655 956 3758 1010 ἀπό

2172 1045 2285 1102 τῶν
2325 1046 2585 1119 ἱδρώτων.
2624 1046 2842 1119 Ἐπειδὴ
2869 1047 2885 1078 ¹
2913 1046 3006 1100 καὶ
3049 1046 3230 1119 θερμά
3270 1049 3367 1102 καὶ
3392 1047 3598 1121 δριμέα
3641 1049 3757 1103 τινὰ

2177 1137 2346 1196 ὕδατά
2363 1140 2512 1193 ἐστιν
2531 1141 2588 1193 ἐν
2607 1139 2689 1211 τῷ
2704 1138 2917 1209 κόσμῳ,
2938 1139 3081 1192 νοεῖν
3101 1137 3360 1207 ὀφείλεις,
3382 1138 3439 1191 τί
3464 1139 3755 1210 ποιήσασα,

2176 1232 2272 1287 καὶ
2313 1233 2379 1286 ἐκ
2423 1231 2580 1286 ποίου
2626 1231 2816 1304 μορίου
2863 1230 3147 1302 προήκατο
3193 1229 3389 1286 ταῦτα.
3437 1230 3759 1304 ’Δρμόζουσι

2176 1325 2286 1396 γάρ
2304 1324 2536 1379 τοιοῦτοι
2566 1323 2771 1397 καρποὶ
2794 1325 2863 1394 τῇ
2890 1323 3146 1378 ὑποθέσει
3169 1323 3371 1379 αὐτῶν.

2249 1593 2610 1649 Διοδεύσασαν
2638 1589 2734 1649 οὖν
2779 1594 2890 1649 πᾶν
2935 1593 3108 1659 πάθος
3142 1593 3242 1665 τὴν
3284 1594 3520 1665 Μητέρα
3559 1594 3758 1662 αὺτῶνὶ

2181 1684 2277 1741 καὶ
2312 1683 2471 1755 μόγις
2514 1682 2935 1754 ὑπερκύψασαν,
2970 1684 3067 1737 ἐπὶ
3106 1682 3315 1737 ἱκεσίαν
3356 1684 3642 1755 τραπῆναι
3670 1685 3761 1738 τοῦ

2183 1773 2575 1836 καταλιπόντος
2617 1772 2791 1844 αὐτὴν
2835 1773 3032 1842 φωτὸς,
3078 1772 3324 1827 τουτέστι
3365 1774 3461 1827 τοῦ
3505 1774 3761 1846 Χριστοῦ,

498 1864 761 1921 destituta
792 1863 985 1927 fuerat,
1015 1863 1357 1918 exorandum
1388 1880 1512 1921 sese
1541 1867 1901 1931 convertisse,
1933 1866 2085 1923 vide-

2191 1866 2451 1935 λέγουσιν.
2490 1866 2608 1930 Ὃς,
2652 1862 2891 1918 ἀνελθὼν
2922 1864 3023 1936 μὲν
3060 1865 3143 1929 είς
3175 1865 3236 1918 τὺ
3278 1864 3577 1937 πλήρωμα,
3608 1868 3765 1932 αὐτὸς

501 1956 629 2013 licet
650 1956 948 2012 Christum.
977 1955 1027 2012 Is
1061 1954 1117 2010 in
1172 1955 1415 2025 pleroma
1457 1958 1857 2023 conscendens,
1884 1973 1949 2013 ac
1987 1958 2084 2013 de-

500 2046 762 2104 scendere
790 2047 906 2117 ipse
935 2045 1116 2102 denuo
1153 2055 1436 2117 gravatus,
1474 2049 1742 2104 vicarium
1788 2049 1893 2105 sibi
1921 2049 2082 2104 Para-

499 2141 701 2197 cletum
739 2139 1014 2207 submisit,
1050 2156 1213 2210 quem
1244 2150 1298 2197 et
1330 2140 1669 2197 Salvatorem
1692 2150 1923 2211 vocant;
1956 2157 2082 2199 cum

498 2232 683 2289 omnis
737 2232 792 2287 in
846 2231 1025 2302 ipsum
1070 2230 1153 2286 vis
1198 2240 1344 2287 esset
1386 2240 1670 2303 congesta,
1721 2235 2085 2302 universaque

498 2323 746 2395 ejusdem
790 2322 1050 2395 potestati
1079 2329 1190 2376 tam
1231 2338 1262 2378 a
1293 2322 1474 2388 Patre,
1509 2339 1674 2395 quam
1706 2324 1775 2379 ab
1816 2322 2087 2380 Eonibus

501 2416 815 2480 sermnissa,
839 2422 896 2478 ut
928 2430 1024 2485 per
1048 2415 1226 2485 ipsum
1256 2422 1366 2468 tam
1393 2429 1513 2485 qua:
1545 2414 1715 2468 videri
1746 2414 1923 2471 oculis
1953 2430 2086 2486 pos-

502 2515 645 2569 sent,
677 2519 842 2575 quam
876 2518 998 2575 qua:
1025 2503 1197 2556 aciem
1238 2502 1558 2573 ellugerent,
1600 2503 1856 2558 universa
1893 2503 2089 2559 conde-

502 2603 729 2662 rentur;
755 2594 1016 2649 nimirum
1049 2593 1256 2658 tbroni,
1290 2593 1631 2659 divinitatea,
1659 2593 2083 2651 dominationes.

486 2670 870 2745 .Accesserunt
892 2694 946 2740 et
980 2683 1264 2739 Paracleto
1294 2685 1526 2740 comites
1554 2686 1793 2757 aequales
1816 2686 1963 2743 illius
1991 2702 2089 2742 an-

484 2778 631 2852 ‘geli.
659 2777 740 2832 Ad
773 2776 931 2847 cujus
965 2774 1255 2830 adventum
1281 2775 1586 2831 Achamotb
1621 2777 1827 2847 pudore
1858 2776 2086 2849 perfusa

502 2870 670 2942 capiti
706 2871 883 2926 velum
912 2868 1160 2923 obduxit.
1196 2868 1335 2922 Tum
1366 2869 1457 2924 ubi
1488 2869 1639 2924 illum
1672 2887 1794 2926 cum
1819 2873 1968 2926 omni
1987 2888 2087 2928 suo

504 2974 772 3033 proventu
805 2966 1114 3035 conspexit,
1147 2978 1214 3019 ex
1242 2961 1409 3031 hujus
1438 2962 1729 3032 praesentia
1765 2968 2088 3019 conttrmata

504 3052 573 3106 ad
605 3068 730 3108 eum
762 3055 1021 3109 accurrit.
1042 3055 1087 3106 A
1114 3068 1223 3125 quo
1249 3052 1528 3107 elaborata
1561 3059 1615 3105 et
1639 3050 1813 3106 cﬂicta
1836 3068 1959 3108 cum
1984 3040 2091 3108 lor-

474 3207 486 3216 ~
505 3160 647 3199 mam
682 3145 1033 3215 cognitionis.
1062 3152 1177 3198 tum
1205 3143 1371 3197 animi
1393 3141 1705 3196 morborum
1736 3143 1981 3197 omnium
2008 3158 2089 3197 re-

2187 1957 2289 2029 μὲν
2319 1956 2490 2023 εἰκὸς,
2524 1957 2609 2011 ὅτι
2641 1954 2890 2027 ὤκνησεν
2924 1956 2999 2038 ἐκ
3034 1956 3288 2027 δευτέρου
3337 1956 3641 2025 κατελθεῖν,
3678 1960 3767 2013 τὸν

2185 2048 2550 2121 Παράκλητον
2576 2047 2634 2102 δὲ
2660 2046 2969 2119 ἐξέπεμψεν
2998 2047 3168 2120 αὐτὴν
3198 2051 3242 2113 ³,
3271 2048 3519 2102 τουτέστι
3545 2049 3640 2104 τὸν
3663 2051 3769 2104 Σω-

2184 2141 2347 2212 τῆρα,
2384 2139 2625 2204 ἐνδόντος
2657 2140 2807 2212 αὐτῷ
2834 2141 3013 2194 πᾶσαν
3039 2140 3141 2212 τὴν
3162 2138 3391 2211 δύναμιν
3413 2138 3510 2194 τοῦ
3533 2141 3765 2213 Πατρός,

2185 2232 2280 2287 καὶ
2319 2232 2428 2286 πᾶν
2475 2232 2568 2286 ὑπ’
2598 2229 2845 2297 ἐξουσίαν
2881 2230 3238 2305 παραδόντος,
3266 2232 3365 2286 καὶ
3398 2230 3510 2285 τῶν
3552 2230 3770 2286 Δὶώνων

2184 2322 2437 2393 δεόμενος
2463 2323 2504 2389 ³,
2531 2323 2680 2389 ὅπως
2702 2325 2760 2378 ἐν
2793 2323 2943 2395 αὐτῷ
2969 2323 3040 2378 τά
3074 2324 3254 2380 πάντα
3280 2323 3476 2395 κτισθῇ
3502 2323 3574 2379 τά
3601 2323 3772 2395 ὁρατὰ

2187 2414 2378 2469 καὶτὰ
2419 2414 2648 2487 ἀόρατα,
2697 2414 2899 2486 θρόνοι,
2946 2414 3220 2487 θεότητες,
3261 2415 3607 2487 κυριότητες.
3649 2417 3772 2470 Ἐκ-

2187 2503 2466 2575 πέμπεται
2503 2503 2560 2557 δέ
2590 2504 2728 2576 πρὸς
2770 2504 2940 2575 αὐτὴν
2968 2506 3109 2577 μετά
3136 2504 3245 2559 τῶν
3272 2505 3581 2576 ἡλικιωτῶν
3608 2507 3771 2561 αὑτοῦ

2185 2593 2294 2647 τῶν
2334 2594 2604 2663 ἀγγέλων.
2645 2594 2757 2667 Τὴν
2790 2593 2849 2648 δὲ
2898 2594 3157 2666 ’Δχαμὼθ
3205 2596 3575 2667 ἐντραπεῖσαν
3614 2597 3772 2651 αὐτὸν

2186 2683 2424 2753 λέγουσι,
2456 2686 2671 2755 πρῶτον
2723 2684 2823 2757 μὲν
2873 2685 3138 2757 κάλυμμα
3182 2685 3467 2741 ἐπιθέσθαι
3529 2687 3595 2742 δι’
3620 2686 3772 2752 αίδὼ,

2191 2776 2499 2849 μετέπειτα
2528 2777 2584 2831 δὲ
2631 2776 2845 2831 ίδοῦσαν
2885 2777 3048 2831 αὐτὸν
3075 2778 3171 2831 σὺν
3212 2778 3312 2851 ὅλη
3340 2781 3406 2850 τῇ
3427 2780 3775 2854 καρποφορίᾳ

2187 2869 2375 2931 αὑτοῦ,
2419 2870 2792 2942 προσδραμεῖν
2818 2869 2987 2940 αὐτῷ,
3018 2868 3248 2941 δύναμιν
3280 2869 3556 2924 λαϐοῦσαν
3578 2873 3648 2924 ἐκ
3684 2870 3775 2942 τῆς

2188 2961 2510 3029 ἐπιφανείας
2560 2960 2747 3016 αὑτοῦ.
2788 2961 3056 3016 Κάκεῖνον
3104 2962 3393 3034 μορφῶσαι
3440 2962 3615 3033 αὐτὴν
3648 2961 3774 3033 μόρ-

2188 3052 2481 3123 φωσιντὴν
2509 3051 2650 3105 κατὰ
2669 3052 2892 3121 γνῶσιν,
2925 3053 3021 3106 καὶ
3046 3052 3190 3106 ἴασιν
3216 3051 3324 3107 τῶν
3348 3052 3540 3108 παθῶν
3561 3054 3777 3125 ποιήσα-

2191 3143 2315 3198 σθαι
2356 3144 2547 3215 αὐτῆς.
2595 3143 2925 3216 Χωρίσαντα
2969 3143 3014 3198 δ’
3045 3143 3186 3198 αὑτά
3217 3143 3411 3215 αὐτῆς,
3461 3146 3539 3216 μὴ
3578 3144 3779 3216 ἀμελή-

505 3236 681 3292 media
727 3238 987 3308 percepit.
1022 3235 1172 3303 Quos
1213 3235 1433 3306 quidem
1486 3235 1710 3289 morbos
1758 3234 1835 3287 ita
1876 3234 1967 3289 ille
2004 3250 2087 3290 se-

2192 3251 2361 3289 σαντα
2387 3234 2443 3288 δὲ
2472 3233 2651 3289 αὐτῶν
2673 3248 2685 3262 ·
2729 3234 2790 3287 οὐ
2815 3234 2923 3305 γὰρ
2943 3229 3011 3305 ἦν
3057 3234 3260 3288 δυνατὰ
3285 3234 3672 3303 ἀφανισθῆναι,
3706 3234 3776 3297 ὡς

502 3330 697 3397 crevit,
729 3338 788 3384 ut
816 3346 927 3385 non
955 3331 1175 3401 penitus
1200 3329 1514 3399 negligeret.
1547 3325 1734 3398 Neque
1758 3326 1905 3383 enim
1943 3330 2091 3384 velut

505 3422 707 3492 prioris
756 3423 902 3477 illius
948 3421 1121 3476 deleri
1164 3420 1414 3488 funditus
1460 3426 1737 3490 poterant,
1786 3420 1931 3490 quod
1987 3436 2091 3476 usu

504 3514 814 3570 conﬁrmati
847 3512 1301 3582 corroboratique
1324 3512 1439 3582 jam
1482 3512 1896 3567 occalluissent.
1932 3512 2091 3584 185

507 3607 651 3677 Ergo
676 3605 798 3659 illos
815 3610 1056 3659 secretos
1076 3602 1324 3658 confudit
1340 3617 1404 3657 ac
1425 3601 1695 3663 densavit,
1719 3601 1853 3655 etab
1875 3613 2094 3670 experte

506 3697 756 3768 corporis
785 3694 1074 3768 atfectione
1103 3694 1159 3748 in
1193 3707 1514 3764 corpoream
1541 3693 1823 3747 materiam
1864 3708 2094 3749 conver-

508 3789 597 3845 tit.
633 3786 838 3841 Deinde
884 3793 1140 3839 naturam
1188 3783 1406 3847 indidit,
1456 3783 1815 3854 idoneamque
1851 3783 1998 3849 fecit,
2036 3794 2095 3839 ut

484 3876 741 3941 ,conﬂari
792 3884 957 3946 atque
1002 3875 1285 3946 corporari
1337 3880 1548 3944 posset,
1586 3883 1918 3945 naturasque
1958 3876 2096 3931 duas

482 3969 767 4036 ediceret,
802 3967 1031 4022 alteram
1073 3965 1422 4021 aﬂectionum
1466 3965 1682 4028 malam,
1720 3966 2096 4022 conversionis

508 4066 760 4128 alteram,
785 4075 1017 4129 eamque
1042 4058 1457 4130 perturbatione
1491 4054 1797 4127 praeditam.
1824 4055 1998 4123 Quam
2026 4057 2098 4113 ob

512 4166 735 4208 causam
765 4150 1057 4215 Salvatori,
1086 4151 1133 4206 si
1178 4149 1286 4203 vim
1323 4147 1623 4203 [unctionis
1658 4147 1806 4201 illius
1842 4148 2097 4204 conside-

510 4261 623 4311 res,
653 4243 970 4300 Conditoris
1005 4252 1188 4314 partes
1234 4241 1566 4298 attribuunt.
1618 4237 1737 4293 Jam
1795 4238 2096 4298 Aclnamoth

511 4337 580 4391 ab
611 4336 761 4391 omni
793 4333 1207 4405 perturbatione
1254 4332 1444 4394 libera,
1476 4345 1602 4384 cum
1658 4331 1950 4394 luminum,
1976 4346 2098 4401 quze

488 4439 636 4497 cum
668 4425 787 4494 ipso
823 4432 1003 4488 erant,
1040 4422 1142 4478 hoc
1172 4430 1257 4476 est
1279 4422 1541 4476 comitum
1586 4416 1930 4491 angelorum,
1962 4437 2097 4477 con-

514 4515 922 4586 templationem
971 4530 1097 4569 cum
1128 4514 1331 4583 ingenti
1364 4514 1565 4585 gaudio
1610 4513 1975 4583 concepisset,
2011 4521 2095 4569 at-

2191 3327 2261 3382 τὰ
2288 3327 2386 3397 τῆς
2415 3326 2710 3399 προτέρας,
2741 3325 2831 3380 διὰ
2849 3327 2910 3380 τὸ
2930 3327 3123 3381 ἑκτικὰ
3145 3325 3248 3397 ῆδη
3272 3327 3369 3380 καὶ
3395 3325 3600 3380 δυνατὰ
3620 3322 3773 3380 εἶναι·

2190 3415 2327 3470 ἀλλὰ
2362 3418 2736 3490 ἀποκρίναντα
2766 3419 3006 3489 χωρήσει
3044 3416 3140 3471 τοῦ
3171 3417 3399 3488 συγχέαι
3419 3417 3441 3447 ⁸
3464 3420 3563 3471 καὶ
3594 3417 3773 3486 πῆξαι,

2192 3508 2285 3561 καὶ
2333 3507 2393 3575 ἐξ
2428 3508 2721 3578 ἀσωμάτου
2768 3507 2974 3574 πάθους
3017 3510 3098 3571 είς
3137 3507 3432 3578 ἀσώματον
3457 3509 3478 3541 ⁵
3509 3508 3609 3579 τὴν
3649 3508 3780 3579 ὅλην

2196 3599 2520 3672 μεταϐαλεῖν
2558 3600 2717 3656 αὑτά.
2749 3596 2865 3654 Εἶθ’
2896 3600 3069 3664 οὕτως
3101 3599 3518 3672 ἐπιτηδειότητα
3550 3600 3646 3655 καὶ
3683 3598 3783 3670 cpu-

2195 3708 2280 3745 σιν
2315 3692 2750 3763 ἐμπεποιηκέναι
2774 3693 2985 3757 αὐτοῖς,
3019 3692 3162 3746 ὥστε
3191 3693 3272 3756 είς
3312 3694 3663 3765 συγκρίματα
3688 3695 3783 3747 καὶ

2195 3782 2423 3854 σῲματα
2475 3783 2651 3838 ἐλθεῖν
2698 3785 2836 3859 πρὸς
2883 3785 2945 3838 τὸ
2993 3784 3267 3854 γενέσθαι.
3291 3784 3384 3838 δύο
3430 3785 3641 3851 οὐσίας,
3682 3785 3783 3856 τὴν

2195 3874 2408 3945 φαύλην
2447 3873 2556 3930 τῶν
2583 3876 2795 3942 παθῶν,
2818 3879 2918 3950 τήν
2942 3892 3004 3930 τε
3042 3875 3145 3946 τῆς
3175 3877 3514 3948 ἐπιστροφῆς
3538 3875 3781 3947 ἐμπαθῆ.

2199 3967 2311 4020 Καὶ
2340 3966 2430 4020 διὰ
2460 3966 2618 4022 τοῦτο
2638 3968 2867 4041 δυνάμει
2895 3958 2989 4021 τὸν
3014 3967 3246 4041 Σωτῆρα
3265 3969 3782 4041 δεδεμιουργηκέναι

2199 4059 2503 4129 φάσκουσι·
2535 4062 2633 4132 τήν
2659 4077 2720 4114 τε
2765 4061 3021 4134 Ἀχαμὼθ
3051 4060 3207 4125 ἐκτὸς
3235 4061 3440 4125 πάθους
3462 4062 3781 4134 γενομένην,

2197 4151 2292 4206 καὶ
2321 4150 2694 4205 συλλαϐοῦσαν
2725 4155 2791 4225 τῇ
2822 4156 2966 4226 χαρᾷ
2990 4154 3099 4209 τῶν
3133 4157 3192 4209 ἐν
3227 4152 3378 4225 αὐτῷ
3410 4153 3430 4185 ⁸
3466 4152 3664 4224 φώτων
3693 4154 3782 4226 τὴν

2199 4239 2453 4311 θεωρίαν,
2483 4242 2733 4296 τουτέστι
2762 4242 2870 4298 τῶν
2901 4245 3148 4314 ἀγγέλων
3185 4244 3295 4298 τῶν
3326 4245 3442 4318 μετ’
3474 4243 3665 4313 αὑτοῦ,
3697 4247 3784 4299 καὶ

2198 4332 2608 4405 ἐγκισσήσασαν
2641 4334 2864 4400 αὐτοὺς,
2898 4338 3231 4409 κεκυηκέναι
3255 4339 3500 4408 καρποὺς
3524 4338 3670 4392 κατὰ
3692 4338 3784 4408 τὴν

2199 4426 2382 4480 εἰκόνα
2408 4427 2741 4495 διδάσκουσι,
2769 4429 2960 4501 κύημα
2984 4430 3351 4501 πνευματικὸν
3380 4430 3504 4485 καθ’
3530 4430 3787 4501 ὁμοίωσιν

2198 4517 2499 4583 γεγονότως
2535 4518 2554 4548 ⁷
2587 4517 2696 4571 τῶν
2726 4517 3038 4591 δορυφόρων
3070 4520 3164 4573 τοῦ
3205 4521 3458 4593 Σωτῆρος

514 4623 622 4679 que
653 4606 718 4661 ad
770 4606 988 4659 illorum
1033 4603 1487 4659 consuetudinem
1515 4603 1836 4683 exarsisset,
1861 4601 1926 4655 ad
1982 4617 2170 4657 eorum
2207 4605 2488 4675 exemplar
2532 4604 2702 4661 fetum
2741 4608 2929 4663 nescio
2967 4623 3130 4679 quem
3171 4609 3472 4679 spiritalem
3509 4609 3785 4681 parturiit,

513 4698 608 4770 qui
643 4697 711 4751 ad
765 4696 1094 4765 stipatorum
1144 4692 1441 4749 Salvatoris
1493 4700 1640 4749 esset
1685 4691 2100 4748 similitudinem
2134 4708 2455 4767 expressus.

565 4810 769 4867 .XVlll.
818 4810 1184 4879 Quamobrem
1226 4810 1421 4880 triplici
1455 4810 1569 4880 jam
1616 4810 1921 4866 substantia
1958 4826 2087 4866 con-

2269 4815 2377 4870 IH’.
2413 4814 2591 4887 Τριῶν
2619 4810 2713 4871 οὖν
2750 4814 2851 4888 ἤδη
2886 4815 3094 4871 τούτων
3121 4815 3502 4887 ὑποκειμένων
3531 4818 3660 4872 κατ’
3692 4820 3786 4872 αὒ-

512 4907 722 4972 ειὶιυιο,
759 4904 935 4975 prima
973 4919 1094 4975 quae
1141 4918 1209 4959 ex
1263 4902 1670 4975 perturbatione
1717 4902 1941 4974 prodiit.
1981 4918 2102 4974 quae

509 5006 596 5056 est
659 4998 937 5065 materia;
1018 4995 1259 5053 secunda
1338 5011 1403 5051 ex
1486 4996 1841 5052 conversione
1865 5035 1881 5061 ,
1955 4996 2104 5067 quod

486 5098 595 5148 est
642 5090 995 5155 animalium;
1042 5089 1202 5144 tertia
1254 5087 1522 5157 spiritali,
1565 5103 1728 5158 quam
1771 5093 2102 5157 postremam

511 5185 764 5255 peperit,
827 5192 943 5237 tum
1004 5196 1065 5237 se
1114 5181 1350 5251 denique
1410 5179 1480 5235 ad
1551 5179 1738 5235 eadem
1801 5178 2101 5250 ellingenda

513 5277 762 5331 contulit.
814 5275 1135 5346 Quanquam
1195 5272 1342 5345 quod
1394 5272 1638 5342 spiritale
1698 5281 1858 5339 erat,
1914 5281 2102 5342 utpote

512 5367 757 5436 ejusdem
803 5384 926 5422 cum
975 5369 1093 5438 ipsa
1145 5375 1393 5434 naturae,
1426 5366 1685 5438 ﬁgurare
1721 5366 1945 5422 minime
1998 5380 2099 5436 po-

516 5462 638 5513 tuit.
686 5457 841 5513 Unde
878 5477 938 5517 sc
971 5461 1265 5516 animatam
1313 5459 1382 5515 ad
1419 5460 1783 5516 substantiam
1806 5498 1821 5523 ,
1860 5472 1982 5527 quae
2032 5473 2099 5513 ex

513 5547 691 5622 ipsius
731 5552 1089 5608 conversione
1134 5552 1378 5624 profecta
1425 5551 1638 5621 fuerat,
1687 5548 2098 5623 perpoliendam

2206 4905 2353 4971 τοὺς,
2383 4903 2479 4959 τοῦ
2516 4905 2616 4977 μὲν
2641 4907 2707 4959 ἐκ
2747 4905 2843 4959 τοῦ
2885 4906 3111 4971 πάθους,
3161 4905 3191 4958 ὃ
3231 4901 3302 4976 ἦν
3342 4904 3475 4975 ὕλη·
3518 4904 3615 4959 τοῦ
3646 4907 3705 4960 δὲ
3729 4909 3787 4960 ἐκ

2208 4996 2309 5068 τῆς
2333 4997 2688 5067 ἐπιστροφῆς,
2710 4996 2740 5050 δ
2767 4992 2835 5069 ἦν
2863 4997 2924 5051 τὸ
2944 4996 3176 5067 ψυχικόν
3192 5012 3209 5029 ο
3232 4995 3325 5067 τοῦ
3345 4997 3401 5050 δὲ
3425 4996 3455 5049 ὃ
3484 4996 3785 5070 ἀπεκύησε,

2208 5088 2454 5145 τουτέστι
2481 5090 2541 5142 τὸ
2566 5089 2956 5161 πνευματικὸν,
2979 5087 3154 5152 οὕτως
3189 5088 3399 5160 ἐτράπη
3425 5087 3518 5141 ἐπὶ
3539 5087 3639 5159 τὴν
3665 5088 3787 5159 μόρ-

2210 5198 2383 5251 φωσιν
2414 5181 2619 5238 αὐτῶν.
2665 5181 2829 5235 Ἀλλὰ
2867 5181 2930 5235 τὸ
2976 5180 3075 5252 μὲν
3122 5180 3491 5252 πνευματικὸν
3531 5180 3608 5252 μὴ
3638 5180 3788 5234 δεδυ-

2207 5275 2399 5346 νῆσθαι
2426 5276 2564 5346 αὐτῇ
2595 5276 2618 5307 ⁸
2654 5275 2961 5346 μορφῶσαι,
2997 5272 3187 5345 ἐπειδὴ
3224 5272 3507 5344 όμοούσιον
3545 5271 3790 5343 ὑπῆρχεν

2204 5366 2369 5438 αὐτῇο
2398 5365 2699 5438 τετράφθαι
2752 5366 2811 5420 δὲ
2856 5365 3063 5437 suum
3112 5365 3395 5436 μόρφωσιν
3437 5363 3538 5435 τῆς
3568 5362 3789 5434 γενομέ-

2209 5476 2318 5529 μης
2346 5461 2411 5512 ὲκ
2440 5460 2536 5530 τῆς
2567 5450 2905 5530 ἐπιστρόφῆς
2951 5459 3122 5530 αὐτῆς
3152 5456 3390 5529 ψυχικῆς
3417 5455 3628 5518 οὐσίας,
3664 5471 3786 5526 προ-

2207 5548 2391 5603 ϐαλεῖν
2429 5565 2490 5603 τε
2534 5547 2605 5602 τά
2651 5547 2803 5621 παρὰ
2842 5547 2936 5603 τοῦ
2996 5549 3249 5621 Σωτῆρος
3300 5545 3617 5619 μαθήματα.
3682 5545 3785 5598 Καὶ

585 5727 603 5760 ⁸
641 5720 1037 5801 Ιτρηηὲπελῃδξ.
1115 5733 1146 5801 ³4
1169 5730 1233 5801 ιε’.
1262 5732 1421 5801 αὐτῇ.
1494 5731 1515 5763 ³
1549 5729 1619 5784 lr.
1655 5729 1711 5783 δὲ
1740 5726 1962 5801 ομοίως,
1992 5741 2087 5797 pro

2193 5726 2403 5799 όμενος.
2483 5727 2504 5760 δ
2544 5724 2606 5782 F.
2649 5725 2819 5800 χωρὶς
2880 5726 3124 5798 συγχέαι.
3203 5725 3224 5756 ⁵
3253 5722 3393 5780 lren.
3455 5721 3791 5794 ἐνώματενε.

510 5790 536 5826 ⁸
570 5796 733 5853 Ιτοιι..
760 5790 854 5843 σὺν
885 5796 1051 5871 αῢτῷ.
1127 5799 1148 5830 ⁷
1183 5800 1323 5857 lren.
1361 5790 1603 5868 γεγονός.
1678 5801 1697 5832 ⁸
1729 5790 1789 5854 ΡῘ
1819 5790 2008 5869 nihil":
