3982 6434
250 439 358 498 509

974 430 1345 489 ADVERSHS
1384 423 1728 484 H/ERESES
1767 419 1875 476 LIB

1980 462 1983 474 .
2024 415 2191 474 TOM.
2232 413 2298 471 ll.
2338 443 2406 453 —
2453 403 2727 466 ιιιεῐιεδ.
2761 400 2951 459 XXXI.

3446 395 3553 454 EID

254 553 473 626 πρῶτον
510 549 938 625 μεμορφωκέναι
976 548 1148 619 αύτὴν
1183 548 1241 600 ὲκ
1268 548 1368 617 τῆς
1396 541 1636 614 ψυχικῆς
1667 538 1856 601 οὐσίας

1980 530 2247 593 :onvcrtit,
2278 527 2346 583 ad
2376 525 2542 595 idque
2567 536 2690 591 quae
2722 535 2755 574 a
2793 516 3077 573 Salvatore
3101 509 3303 568 tradita
3334 508 3550 565 fuerant

252 647 480 717 λέγουσι
526 645 626 701 τὸν
680 642 896 715 Πατέρα
943 640 1039 695 καὶ
1090 637 1318 710 βασιλέα
1362 635 1604 698 πάντων,
1641 630 1752 685 τῶν
1794 645 1856 682 τε

255 737 564 811 ὁμοουσὶων
595 735 767 806 αὐτῷ,
805 733 1055 788 τουτέστι
1090 729 1200 784 τῶν
1240 727 1509 799 ψυχικῶν,
1547 723 1584 779 ἃ
1615 722 1679 795 δὴ
1707 719 1857 786 δεξιὰ

258 829 513 890 καλοῦσι.
551 827 784 883 καὶτῶν
813 827 880 879 ὲκ
911 824 1005 879 τοῦ
1039 823 1248 886 πάθους
1282 820 1379 875 καὶ
1409 819 1509 890 τῆς
1548 816 1698 885 ὕλης,
1725 812 1762 868 δι
1793 811 1857 883 δὴ

256 921 532 994 ἀριστερά
580 917 826 975 καλοῦσι.
874 915 1059 971 Πάντα
1100 914 1209 988 γάρ
1243 912 1315 968 τὰ
1340 913 1461 966 κατ’
1508 906 1712 964 αύτδνί
1751 905 1858 974 φά-
1904 930 1913 937 -

263 1032 457 1070 σιιουσι
511 1011 930 1084 μεμορφωκέναι
953 1052 969 1077 ,
1021 1007 1322 1078 λεληθότως
1384 1001 1702 1073 κινούμενον
1754 996 1860 1052 ὑπὸ

259 1107 366 1176 τῆς
399 1106 642 1178 Μητρὸς,
673 1104 795 1158 ὅθεν
823 1103 916 1158 καὶ
958 1099 1388 1172 Μητροπάτορα,
1428 1096 1523 1151 καὶ
1563 1091 1858 1163 Ἀπάτορα,

260 1201 361 1253 καὶ
401 1196 742 1269 Δημιουργὸν
793 1194 989 1256 αὐτὸν,
1035 1194 1133 1248 καὶ
1175 1190 1396 1261 Πατέρα
1443 1184 1700 1243 καλοῦσι’
1751 1180 1861 1235 τῶν

265 1291 371 1361 μὲν
417 1288 606 1354 δεξιῶν
654 1289 870 1359 πατέρα
914 1285 1168 1355 λέγοντες
1222 1282 1408 1348 αὑτὸν,
1456 1277 1703 1333 τουτέστι
1751 1272 1861 1327 τῶν

259 1381 537 1454 ψυχικῶν,
560 1379 670 1435 τῶν
691 1379 749 1434 δὲ
773 1376 1101 1451 ἀριστερῶν,
1128 1374 1373 1430 τουτέστι
1397 1371 1506 1427 τῶν
1531 1367 1753 1429 ὑλικῶν,
1768 1366 1862 1436 δη-

264 1470 550 1542 μιουργὸν,
579 1468 908 1541 συμπάντων
940 1466 998 1520 δὲ
1023 1465 1268 1537 βασιλέα.
1295 1463 1406 1535 Τὴν
1445 1460 1557 1533 γὰρ
1595 1454 1864 1525 Ἐνθύμηο

264 1581 354 1618 σιν
396 1562 624 1634 ταύτην,
657 1560 1008 1632 βουληθεῖσαν
1048 1560 1129 1622 εἰς
1164 1555 1330 1628 τιμὴν
1388 1552 1499 1607 τῶν
1533 1547 1754 1604 Δίὠνων
1793 1545 1862 1600 τὰ

263 1655 451 1726 πάντα
482 1653 727 1724 ποιῆσαι,
759 1652 972 1716 εἰκόνας
1010 1651 1226 1719 λέγουσι
1264 1643 1624 1715 πεποιηκέναι
1662 1637 1863 1701 αὐτῶν,

267 1744 479 1816 μᾶλλον
514 1743 571 1797 δὲ
609 1742 700 1796 τὸν
737 1742 973 1813 Σωτῆρα
1021 1741 1087 1795 δι’
1123 1739 1314 1808 αὐτῆς,
1346 1733 1442 1789 καὶ
1479 1730 1649 1802 αὐτὴν
1687 1728 1784 1800 μὲν
1807 1729 1864 1780 ὲν

262 1835 442 1890 εικόνι
466 1835 562 1889 τοῦ
592 1835 827 1907 ἀοράτου
861 1833 1076 1904 Πατρὸς
1106 1826 1465 1902 τετηρηκέναι
1495 1825 1570 1896 μὴ
1595 1836 1865 1892 γινωσκο-

1958 625 2284 681 documenta
2315 615 2621 674 transtulit.
2661 612 2742 667 Ac
2779 609 3016 682 primum
3054 610 3282 661 narrant
3326 617 3396 658 ex
3434 599 3552 654 ani-

1959 722 2107 772 mata
2135 709 2444 770 substantia
2474 706 2769 762 formatum
2803 700 2871 757 ab
2895 699 2985 755 illa
3007 695 3225 751 Patrem
3253 707 3318 749 ac
3345 691 3550 763 Regem

1960 806 2230 867 omnium,
2259 811 2370 858 tam
2403 813 2595 857 eorum
2628 795 2863 859 scilicet,
2885 806 3007 863 quae
3048 787 3237 845 eadem
3271 799 3395 840 cum
3430 782 3552 853 ipso

1960 907 2160 953 natura
2215 899 2493 958 constant,
2550 889 2657 944 hoc
2716 892 2803 942 est
2859 882 3246 944 animatorum,
3292 889 3416 947 quae
3474 873 3553 928 illi

1959 988 2153 1045 dextra
2196 990 2543 1057 nuncupant,
2586 994 2752 1051 quam
2794 990 2982 1033 eorum
3022 988 3145 1044 quae
3179 986 3247 1026 ex
3269 966 3555 1023 allectione

1962 1093 2027 1153 ac
2086 1076 2312 1130 materia
2379 1077 2824 1143 componuntur,
2874 1079 2996 1136 quae
3055 1061 3280 1118 sinistra
3333 1061 3552 1112 vocant.

1961 1148 2099 1224 Nam
2130 1168 2410 1231 universa,
2441 1179 2566 1236 qua:
2605 1169 2731 1234 post
2766 1160 2946 1230 ipsum
2994 1155 3347 1216 exstiterunt,
3376 1148 3447 1205 ab
3492 1161 3556 1202 eo

1965 1540 2049 1592 est
2088 1531 2271 1587 anima
2304 1528 2684 1602 praeditorum,
2722 1523 2967 1588 Parens;
2999 1518 3363 1574 Sinistrorum
3405 1526 3557 1576 vero,

1964 1627 2072 1683 hoc
2110 1632 2197 1682 est
2237 1628 2621 1679 concretorum
2667 1631 2793 1673 cum
2840 1609 3092 1689 Materia,
3137 1606 3439 1674 Conditor;
3496 1616 3561 1657 ac

1967 1712 2083 1774 Rex
2134 1717 2364 1773 .demum
2416 1713 2821 1769 universorum.
2863 1704 3163 1777 Siquidem
3203 1694 3561 1771 Entbymesin
3640 1706 3645 1711 '

1969 1811 2118 1865 illam
2141 1806 2401 1881 produnt,
2431 1819 2558 1860 cum
2588 1803 2654 1859 ad
2682 1800 2922 1857 Eonum
2955 1797 3217 1852 honorem
3246 1798 3301 1849 et
3332 1788 3561 1862 gloriam

270 1927 448 1998 μένην
491 1926 596 1981 ὑπὸ
628 1876 733 1981 τὲὖ.
760 1876 1126 1998 Animus-Tot},
1159 1876 1373 1977 τοὲἒέἷ
1608 1876 1621 1892 ι
1640 1925 1860 1984 μονογε-

1980 1902 2141 1957 noliri
2168 1899 2352 1957 omnia
2398 1901 2647 1968 cuperet,
2689 1904 2869 1950 certas
2915 1902 3105 1945 eorum
3142 1883 3408 1954 imagines
3447 1876 3565 1936 edi-

1989 1995 2023 1998 ”
2231 1992 2244 1998 '
2430 1990 2442 1998 ⁵
2724 1984 2755 1998 -'
2885 1981 2897 1994 ⁸
2921 1981 2936 1998 1
2991 1980 3153 1998 -Αλ--Α
3201 1974 3536 1998 ΩΑΙ-.-ιΑ-Α-νι

264 2015 401 2084 νοῦς
430 2019 584 2086 Υἱοῦ,
614 2019 724 2074 τῶν
750 2020 809 2074 δὲ
832 2018 1036 2073 λοιπῶν
1066 2015 1288 2070 Aldiva
1329 2012 1459 2076 τοὺς
1487 2007 1592 2064 ὑπὸ
1613 2003 1819 2060 τούτων
1843 2002 1865 2033 ⁸

264 2112 564 2181 γεγονότας
585 2110 957 2184 ἀρχαγγέλους
980 2126 1041 2163 τε
1073 2109 1169 2162 καὶ
1187 2105 1474 2176 ἀγγέλους.

1971 1995 2141 2057 disse,
2164 1992 2249 2048 vel
2295 2006 2391 2063 per
2430 1990 2606 2059 ipsam
2646 1984 2830 2056 potius
2885 1981 2938 2037 id
2981 1980 3159 2052 egisse
3201 1974 3561 2037 Salvatorem,

1972 2085 2219 2156 adeoque
2247 2082 2397 2136 illam
2430 2079 2485 2135 in
2510 2076 2687 2149 efﬁgie
2720 2073 2902 2129 Patris
2936 2070 3030 2142 qui
3061 2069 3346 2125 oculorum
3383 2064 3563 2119 visum

278 2158 620 2181 ,-,-.--_,_
695 2158 729 2165 _
806 2158 955 2175 -----,
992 2158 1041 2163 ρ
1434 2158 1451 2169 .

264 2205 481 2277 caugit,
511 2158 825 2270 retinuisse,
872 2213 932 2259 ut
966 2218 1086 2260 eam
1122 2200 1349 2257 minime
1387 2195 1658 2252 Conditor
1718 2187 2107 2258 cognosceret;
2174 2176 2323 2231 hunc
2355 2186 2488 2228 vero
2527 2168 2598 2226 ad
2650 2167 2901 2239 unigena;
2933 2161 3055 2218 Filii
3090 2180 3105 2216 :
3140 2158 3208 2215 ad
3242 2165 3564 2214 caaterorum

266 2266 515 2359 Eanum
548 2266 984 2366 similitudinem,
1020 2298 1195 2354 factos
1234 2298 1304 2353 ab
1338 2295 1406 2351 iis
1436 2291 1599 2363 186
1636 2279 1998 2352 archangelos
2030 2273 2364 2366 angelosque
2392 2266 2687 2366 prodiisse.

340 2394 567 2467 Πατέρα
587 2390 680 2448 οὖν
709 2394 804 2449 καὶ
826 2392 958 2461 Θεὸν
991 2391 1239 2462 λέγουσιν
1263 2387 1427 2444 αὐτὸν
1449 2381 1733 2455 γεγονέναι
1753 2375 1863 2431 τῶν

269 2486 435 2551 me;
456 2483 551 2540 τοῦ
579 2485 964 2558 πληρώματος,
1011 2483 1243 2555 ποιητὴν
1285 2480 1415 2535 ὄντα
1448 2470 1678 2532 ’πάντων
1706 2471 1868 2542 ψυχι-

271 2576 390 2632 κῶν
413 2594 474 2631 τε
500 2578 597 2631 καὶ
630 2576 853 2631 ὑλικῶν.
883 2575 1245 2648 Διακρίναντα
1271 2573 1384 2644 γάρ
1420 2568 1522 2634 τὰς
1561 2565 1656 2622 δύο
1683 2561 1870 2624 οὐσίας

277 2668 713 2740 συγκεχυμένοις,
753 2669 848 2723 καὶ
885 2667 946 2733 ἐξ
976 2666 1285 2738 ἀσωμάτων
1322 2659 1871 2734 σωματοποιήσαντα,

272 2760 803 2832 δεδημιουρτηκέναι
835 2760 907 2816 τά
941 2778 1003 2814 τε
1044 2759 1272 2831 οὐράνια
1304 2755 1402 2811 καὶ
1437 2754 1507 2809 τά
1550 2753 1735 2823 γήϊνα,
1773 2747 1871 2802 καὶ

273 2856 559 2923 γεγονέναι
594 2852 796 2907 ὑλικῶν
839 2853 935 2908 καὶ
972 2851 1241 2923 ψυχικῶν,
1286 2847 1481 2915 δεξιῶν
1517 2845 1615 2899 καὶ
1652 2843 1871 2914 ἀριστε-

279 2942 391 3015 ρῶν
416 2944 769 3018 δημιουργὺν,
800 2943 1020 3014 κούφων
1050 2943 1148 2998 καὶ
1179 2941 1415 3014 βαρέων,
1450 2934 1750 3018 ἀνωφερῶν
1776 2934 1872 2989 καὶ

278 3016 634 3110 κατωφερῶν.
689 3038 864 3093 Ἑπτά
916 3037 1028 3110 γὰρ
1073 3034 1339 3108 οὐρανοὺς
1386 3016 1884 3090 κατεσκευακέναι,¹

276 3118 361 3183 ὧν
407 3128 591 3183 ἐπάνω
638 3128 730 3182 τὸν
781 3127 1120 3199 Δημιουργὸν
1173 3121 1311 3180 εἶναι
1353 3122 1600 3191 λέγουσι·
1644 3119 1741 3173 καὶ
1781 3116 1872 3171 διὰ

277 3219 441 3274 τοῦτο
472 3220 773 3291 Έϐδομὰδα
804 3219 1060 3274 καλοῦσιν
1093 3217 1278 3279 αὐτὸν,
1299 3214 1398 3284 τὴν
1440 3213 1498 3267 δὲ
1540 3210 1753 3284 μητέρα
1777 3208 1877 3281 τὴν
1905 3201 1950 3264 C

292 3306 557 3385 Ἅχαμὼθ
591 3312 841 3381 Ὀγδοάδα
860 3353 873 3377 ,
926 3310 1318 3375 ἀποσώζουσαν
1363 3306 1459 3360 τὸν
1496 3303 1730 3376 ἀριθμὸν
1775 3299 1871 3355 τοῦ

280 3404 582 3477 ἀρχεγόνου
611 3404 654 3468 ³,
693 3405 788 3457 καὶ
828 3403 933 3474 πρὸ
974 3403 1074 3473 τῆς
1117 3400 1210 3455 τοῦ
1251 3398 1619 3471 πληρώματος
1653 3393 1876 3463 ὐγδοά-

279 3495 395 3560 δος.
428 3496 569 3559 Τοὺς
585 3495 642 3548 δὲ
663 3495 805 3549 ἑπτὰ
828 3496 1089 3566 οὐρανοὺς
1110 3494 1131 3526 ⁵
1159 3493 1260 3547 οὐκ
1278 3489 1419 3545 εἶναι
1437 3486 1661 3561 νοητούς
1689 3501 1874 3556 φασιν.

293 3585 593 3655 Ἀγγέλους
619 3585 676 3639 δὲ
704 3586 901 3649 αὐτοὺς
917 3584 1290 3650 ύπατίθενται,
1313 3582 1408 3637 καὶ
1426 3581 1518 3635 τὸν
1534 3581 1609 3649 Δη
1620 3575 1878 3649 μιουργδν

282 3678 344 3734 δὲ
374 3677 470 3732 καὶ
498 3678 659 3732 αὐτὸν
683 3677 913 3747 ἄγγελον
939 3675 1057 3747 Θεῷ
1086 3675 1307 3729 ἐοικότα
1325 3690 1339 3704 ο
1363 3672 1439 3735 ὼς
1463 3671 1556 3725 καλ⁸
1584 3668 1675 3725 τὸν
1703 3668 1882 3740 παρά-

284 3770 464 3835 δεισον
504 3770 644 3839 ὑπὲρ
674 3768 859 3841 τρίτον
891 3768 1117 3841 οὐρανὸν
1153 3767 1302 3829 ὄντα,
1348 3765 1615 3836 τέταρτον
1651 3760 1882 3831 ἄγγελον

288 3862 510 3931 λέγουσι
535 3861 764 3932 δυνάμει
810 3861 1097 3932 ὑπάρχειν,
1129 3859 1224 3912 καὶ
1249 3857 1358 3912 ἀπὸ
1391 3856 1583 3910 τούτου
1636 3871 1690 3907 τι
1736 3852 1882 3922 εἱλη-

286 3952 453 4022 φέναι
502 3952 595 4007 τὸν
637 3948 1228 4022 Ἀδὰμ.διατετριφάτα
1289 3948 1347 4003 έν
1395 3944 1563 4016 αὐτῷ.
1601 3943 1785 3998 Ταῦτα
1823 3941 1880 3994 δὲ

285 4044 386 4098 τὸν
422 4042 763 4116 Δημιουργδν
810 4042 1109 4112 φάσκουσιν
1151 4037 1247 4110 ἀφ’
1282 4034 1480 4093 ἑαυτοῦ
1530 4035 1628 4107 μὲν
1672 4032 1883 4104 ᾠῆσθαι

293 4132 747 4199 κατασκευάζειν,
800 4131 1159 4203 πεποιηκέναι
1209 4129 1254 4182 δ’
1303 4127 1446 4183 αὐτὰ
1488 4126 1591 4195 τῆς
1627 4121 1883 4193 ’ᾼχαμὼθ

294 4225 736 4298 προϐαλλοὺσης’
774 4224 1001 4296 οὐρανὸν
1047 4219 1409 4292 πεποιηκέναι
1453 4218 1528 4290 μὴ
1581 4217 1758 4272 εἰδότα
1792 4215 1887 4268 τὸν

289 4318 559 4389 οὐρανὸν·
608 4318 705 4371 καὶ
745 4316 1028 4388 ἄνθρωπον
1070 4312 1409 4368 πεπλακέναι
1464 4312 1540 4383 μὴ
1577 4309 1756 4363 εἰδότα
1795 4307 1886 4361 τὸν

289 4410 614 4481 ἄνθρωπον·
667 4409 774 4479 γῆν
806 4427 867 4463 τε
917 4407 1209 4479 δεδειχέναι
1263 4405 1337 4477 μὴ
1388 4403 1750 4474 ἐπιστάμενον
1790 4399 1889 4471 τὴν

289 4503 421 4573 γῆν.
457 4501 567 4555 Καὶ
594 4501 686 4555 ἐπὶ
716 4502 931 4554 πάντων
957 4498 1130 4563 οὕτως
1149 4498 1400 4566 λέγουσιν
1424 4493 1755 4566 ἠγνοηκέναι
1789 4491 1889 4546 αὑ-

2042 2344 2411 2432 Quamobrem
2434 2358 2650 2415 Patrem
2681 2355 2833 2410 illum
2863 2366 2929 2407 ac
2954 2350 3127 2406 Deum
3155 2344 3402 2404 omnium
3429 2356 3535 2398 con
3560 2370 3567 2380 -

1974 2455 2233 2520 stituunt,
2263 2465 2387 2522 quae
2433 2456 2589 2506 extra
2624 2446 2863 2517 pleroma
2896 2442 3259 2504 collocantur,
3292 2438 3568 2493 omnium-

1974 2562 2082 2619 que
2109 2546 2295 2601 itidem
2320 2541 2504 2598 anima
2524 2539 2611 2596 vel
2636 2537 2862 2593 materia
2889 2533 3261 2607 praeditorum.
3292 2527 3395 2584 Ubi
3420 2525 3567 2583 enim

1976 2639 2115 2695 duas
2134 2638 2259 2694 illas
2279 2643 2506 2691 naturas
2534 2633 2676 2688 inter
2706 2645 2829 2687 sese
2851 2628 3114 2685 confusas
3139 2640 3203 2678 ac
3226 2620 3570 2693 promiscuos

1979 2730 2309 2803 segregavit,
2330 2724 2770 2798 corporibusque
2817 2727 3069 2777 carentes
3101 2715 3310 2786 redegit
3352 2713 3405 2766 in
3446 2725 3572 2765 cor-

1971 2841 2146 2898 pora;
2176 2817 2293 2878 tum
2323 2821 2544 2878 demum
2569 2814 2816 2873 coelestia
2841 2812 3045 2885 pariter
3086 2823 3151 2864 ac
3187 2816 3406 2863 terrena
3439 2818 3573 2859 con-

1971 2917 2202 2980 didisse,
2226 2928 2293 2969 ac
2335 2909 2702 2967 materialium
2743 2914 2797 2962 et
2837 2904 3227 2966 animatorum,
3252 2899 3589 2954 dextrorumx

1973 3020 2039 3061 ac
2068 3003 2445 3065 sinistrorum,
2478 2998 2679 3054 levium
2717 3008 2783 3049 ac
2805 2991 3073 3064 gravium,
3108 3002 3299 3044 eorum
3338 2986 3573 3055 denique

1974 3111 2095 3169 quae
2120 3108 2341 3152 sursum
2389 3078 2483 3145 aut
2534 3088 2791 3145 deorsum
2840 3084 3091 3140 feruntur
3126 3079 3376 3151 opificem
3402 3078 3576 3134 exsti-

1979 3187 2134 3257 tisse.
2177 3184 2447 3255 Septenos
2476 3180 2680 3251 quippe
2725 3175 2982 3232 cmlestcs
3027 3172 3195 3229 orbes
3231 3169 3571 3225 fabricasse:

1977 3295 2142 3353 supra
2169 3294 2311 3351 quos
2348 3274 2709 3341 Conditorem»
2744 3270 3060 3342 collocant;
3114 3272 3278 3336 atque
3323 3263 3403 3320 ob
3434 3263 3577 3317 hanc

1977 3387 2201 3429 causam
2233 3365 2640 3424 Hebdomadem
2682 3377 2808 3419 eum
2857 3359 3184 3416 nominant:
3223 3355 3301 3411 uti
3338 3361 3574 3410 matrem

1976 3462 2306 3526 Achamoth,
2338 3457 2681 3532 Ogdoadem,
2705 3470 2815 3526 quo
2839 3450 3178 3525 primigenia:
3205 3463 3271 3503 ac
3297 3446 3485 3519 primae
3510 3444 3578 3499 dc

1979 3556 2281 3628 pleromate
2323 3548 2599 3624 Ogdoadis
2632 3560 2922 3604 numerum
2955 3544 3268 3599 observent.
3309 3536 3481 3593 Orbes
3511 3534 3579 3589 il-

1981 3647 2065 3703 los
2091 3659 2223 3701 vero
2266 3650 2472 3714 septem
2513 3638 2786 3709 spiritales
2823 3650 2947 3691 esse
2984 3636 3310 3696 memorant,
3334 3630 3582 3697 adeoque

1982 3737 2227 3808 angelos,
2263 3739 2324 3789 ut
2355 3739 2409 3789 et
2432 3731 2788 3787 Conditorem
2815 3728 2994 3798 ipsum
3024 3723 3277 3795 angelum
3309 3720 3401 3776 Dei
3428 3720 3583 3776 simi-

1984 3830 2090 3885 lem
2117 3827 2361 3893 faciunt;
2383 3840 2447 3880 ac
2470 3822 2788 3895 paradisum
2805 3834 3024 3892 quoque
3048 3818 3143 3888 qui
3167 3829 3332 3887 supra
3360 3812 3588 3888 tertium.

1984 3922 2184 3977 cmlum
2210 3919 2434 3981 eminet,
2457 3923 2716 3987 quartum
2744 3914 2797 3969 vi
2827 3912 3066 3983 quadam
3098 3924 3222 3967 esse
3264 3906 3464 3963 coelum
3487 3902 3583 3958 de-

1985 4011 2220 4078 ﬁniunt,
2268 4010 2338 4065 ab
2384 4024 2563 4079 eoque
2608 4006 2858 4063 nonnihil
2909 4003 3213 4066 Adamum,
3262 4014 3391 4055 cum
3437 3995 3581 4079 apud

1986 4103 2166 4171 ipsum
2194 4101 2434 4170 degeret,
2457 4077 2760 4167 accepisse.
2789 4094 3060 4150 Caeterum
3094 4090 3278 4147 omnia
3311 4090 3417 4144 ista
3441 4077 3585 4143 Con-

1985 4193 2219 4248 ditorem
2242 4198 2467 4261 putasse
2485 4190 2537 4244 vi
2566 4203 2625 4244 se
2645 4187 2866 4257 propria
2888 4200 2952 4239 ac
2980 4198 3082 4239 sua
3110 4179 3439 4252 perfecisse:
3460 4192 3584 4231 cum

1986 4286 2207 4341 interim
2237 4281 2541 4338 Aeliamoth
2573 4280 2832 4336 universa
2861 4276 3208 4348 produceret,
3233 4272 3324 4327 ille
3348 4285 3478 4326 vero
3510 4268 3587 4323 ita

1988 4378 2190 4434 coelum
2240 4375 2548 4439 moliretur,
2579 4380 2641 4427 ut
2681 4371 2880 4427 coelum
2925 4369 3149 4424 omnino
3190 4365 3467 4421 nesciret:
3511 4361 3611 4415 ita.

1988 4468 2268 4525 hominem
2306 4466 2590 4529 formaret,
2612 4472 2673 4519 ut
2694 4462 2968 4517 hominem
2996 4459 3310 4530 ignoraret:
3346 4454 3591 4525 ignarus-

290 4546 408 4646 τῶν
431 4593 453 4625 ³
483 4592 584 4658 τὰς
632 4592 796 4657 Ίδέας
839 4583 915 4647 ὧν
954 4546 1148 4655 ἐποίει,
1183 4546 1278 4644 καὶ
1312 4546 1485 4658 αύτὴν
1509 4546 1870 4657 Μητέρα

1997 4576 2104 4633 que
2174 4568 2336 4615 terrae
2402 4558 2645 4621 demum,
2675 4563 2879 4611 terram
2914 4550 3273 4607 nihilominus
3319 4546 3589 4609 ellicerct;

290 4686 471 4743 Αὐτὸν
507 4684 564 4739 δὲ
596 4684 754 4756 μόνον
777 4683 990 4755 ᾠῆσθαι
1021 4682 1198 4738 πάντα
1245 4676 1403 4734 εἶναι.
1438 4676 1628 4732 Αἰτίαν
1664 4675 1710 4729 δ’
1741 4671 1890 4745 αὐτῷ

293 4778 585 4850 γεγονέναι
619 4779 719 4849 τὴν
758 4776 988 4849 Μητέρα
1022 4776 1127 4847 τῆς¹
1153 4775 1384 4846 οἰήσεως
1416 4771 1622 4841 ταύτης
1651 4767 1891 4838 φάσκου-

298 4890 379 4939 σι,
405 4871 505 4942 τὴν
544 4868 687 4923 οὕτω
713 4868 1067 4940 βουληθεῖσαν
1113 4866 1447 4938 προαγαγεῖν
1491 4861 1675 4926 αὐτὸν,
1715 4875 1890 4929 κεφα-

296 4960 402 5031 λὴν
434 4960 533 5031 μὲν
562 4959 656 5012 καὶ
681 4959 859 5030 ἀρχὴν
893 4957 993 5028 τῆς
1044 4955 1180 5020 ἰδίας
1225 4955 1434 5018 οὐσίας,
1469 4952 1658 5025 κύριον
1695 4949 1755 5004 δὲ
1790 4950 1891 5019 τῆς

297 5053 436 5125 ὅλης
490 5049 895 5124 πραγματείας.
950 5048 1166 5120 Ταύτην
1235 5047 1292 5101 δὲ
1348 5046 1448 5118 τὴν
1509 5042 1737 5115 Μητέρα
1797 5040 1895 5095 καὶ

310 5142 582 5212 Ὀγδοάδα
612 5139 867 5206 καλοῦσι,
909 5140 1003 5194 καὶ
1031 5139 1254 5208 Σοφίαν,
1279 5138 1375 5191 καὶ
1402 5136 1535 5206 Γῆν,
1564 5135 1659 5189 καὶ
1696 5134 1897 5203 Ἰερου-

300 5233 513 5305 σαλὴμ,
564 5234 658 5287 καὶ
709 5232 863 5302 ἅγιον
917 5229 1164 5302 Πνεῦμα,
1199 5227 1294 5284 καὶ
1337 5228 1543 5303 Κύρων
1570 5224 1895 5299 ἀρσενικῶς.

1993 4662 2157 4725 atque
2187 4652 2292 4707 hoc
2320 4659 2479 4723 pacto
2510 4650 2565 4705 in
2593 4647 2742 4704 omni
2778 4660 2963 4702 rerum
3004 4658 3204 4721 genere
3240 4654 3430 4697 eorum
3467 4651 3592 4708 qua:

1992 4746 2200 4801 laceret
2222 4743 2398 4808 ldeas,
2418 4743 2705 4814 ipsamque
2726 4740 2867 4795 adeo
2888 4738 3114 4793 Matrem
3142 4735 3366 4790 minime
3386 4744 3593 4803 cogno-

1992 4840 2172 4904 visse;
2196 4852 2256 4894 se
2279 4850 2419 4892 vero
2438 4849 2608 4889 unum
2639 4831 2929 4903 complecti
2948 4828 3132 4885 omnia
3154 4838 3478 4899 persuasum
3501 4822 3596 4877 ha-

1992 4931 2201 4990 buisse.
2230 4927 2403 4998 Cujus
2433 4926 2511 4981 illi
2540 4916 2869 4996 arrogantia:
2890 4936 3116 4978 causam
3138 4935 3168 4995 η
3204 4919 3375 4973 Matre
3401 4914 3598 4987 praebi-

1996 5036 2105 5080 tam
2126 5021 2149 5074 ί
2153 5021 2320 5085 uisse,
2353 5034 2477 5090 quae
2508 5017 2614 5072 hoc
2643 5017 2795 5072 illum
2830 5015 2997 5070 modo
3018 5025 3308 5082 procreare
3334 5005 3588 5072 voluerit,

1994 5121 2055 5171 ut
2087 5112 2324 5185 propriae
2338 5118 2548 5165 natura:
2567 5114 2731 5178 caput
2742 5121 2806 5161 ac
2826 5106 3103 5177 princeps,
3120 5102 3398 5169 totiusque
3417 5095 3598 5151 domi-

1996 5222 2103 5261 nus
2136 5204 2318 5275 operis
2349 5202 2658 5261 exsisteret.
2701 5197 2964 5254 Eamdem
3007 5196 3235 5266 insuper
3270 5191 3498 5246 Matrem
3543 5196 3601 5245 et

303 5282 513 5305 ν-τ---ηπι
567 5282 657 5287 ηη-
919 5282 1164 5302 “mp.
1340 5282 1383 5283 κν
1428 5282 1440 5303 ,
1613 5282 1626 5299 .
1853 5282 1871 5288 -

303 5327 497 5397 Ἐχειν
524 5325 581 5379 δὲ
602 5325 696 5380 τὸν
722 5325 825 5395 τῆς
862 5324 1159 5407 μεσότητος
1187 5323 1352 5377 τόπον
1393 5319 1583 5391 αὐτὴν,
1627 5319 1722 5373 καὶ
1761 5313 1875 5371 εἷνα

1999 5298 2310 5371 Ogdoadem
2366 5300 2584 5360 vocant,
2640 5298 2699 5348 et
2751 5289 3109 5361 Sapientiam,
3154 5294 3210 5343 et
3262 5282 3512 5346 Terram,
3547 5292 3602 5338 et

2005 5390 2067 5407 η-
2216 5389 2341 5407 ξιη--
2404 5394 2449 5407 -ι
2483 5384 2744 5407 σ-ε..ει-.-...
2780 5391 3027 5407 -..ηηιηημι
3082 5385 3133 5407 ,ιι
3170 5376 3482 5407 manum-ltum
3513 5390 3600 5407 an-

300 5418 566 5490 ὑπεράνω
619 5418 719 5489 μὲν
762 5417 857 5472 τοῦ
898 5415 1266 5489 Δημιουργοῧ,
1301 5413 1561 5469 ὑποκάτω
1595 5410 1738 5481 δὲ,ἢ
1792 5410 1898 5477 ἔξω

299 5507 403 5564 τοῦ
435 5507 802 5581 πληρώματος
835 5507 997 5581 μέχρι
1028 5505 1356 5570 συντελείας.

406 5839 583 5915 ’lren.
643 5841 758 5915 μετ’
830 5840 1011 5896 αὐτόν.
1115 5838 1217 5895 ’F.
1256 5837 1463 5895 τούτου.

308 5912 498 5969 αὑτὸν.

2003 5389 2369 5452 llierusalem,
2397 5394 2454 5443 et
2483 5384 2749 5456 Spiritum
2779 5391 3050 5446 sanctum,
3080 5385 3143 5435 et
3170 5376 3482 5435 masculino
3511 5390 3600 5446 ge-

2003 5500 2135 5540 nere
2161 5482 2471 5538 Dominum.
2505 5477 2608 5535 Cui
2637 5477 2692 5532 in
2728 5474 2911 5531 media
2941 5473 3167 5544 regione
3194 5470 3489 5527 stationem
3514 5473 3600 5521 at-

2008 5576 2280 5638 tribuunt,
2327 5581 2386 5628 ut
2426 5570 2727 5627 Conditore
2769 5566 3134 5638 superiorem,
3184 5563 3267 5621 sic
3307 5559 3603 5627 infra,~vel

2006 5676 2161 5737 extra
2188 5667 2431 5738 pleroma
2466 5663 2537 5718 ad
2577 5659 2769 5717 mundi
2806 5661 2965 5717 linem
3000 5673 3177 5730 usque
3223 5655 3602 5713 constitutam.

1563 5834 1583 5868 ³
1614 5852 1701 5907 π).
1767 5832 1893 5897 τοὺς
1931 5824 2284 5905 ἁρχεγόνους.
2370 5822 2404 5899 ⁸⁵
2443 5820 2586 5881 Iron.
2642 5819 2906 5893 οὐρανοὺς
2966 5815 3103 5875 εἶναι
3158 5813 3402 5890 νοητούς.
3493 5809 3604 5867 ³1⁷.
