3982 6436
472 424 568 480 5H

1863 411 1917 468 S.
1965 410 2304 468 EPIPHANH

3660 405 3758 462 5l2

547 543 686 601 XlX.
738 543 903 614 lgitur
948 534 1386 610 quandoquidem
1448 540 1696 586 naturam
1753 533 1898 587 illam
1943 549 2063 602 qua:

2239 530 2342 584 16'.
2382 527 2535 581 Ἐπεὶ
2590 520 2684 581 οὖν
2733 526 2829 598 τὴν
2885 524 3076 597 ύλιπὴν
3121 524 3309 579 οὐσίαν
3347 525 3414 579 ἐκ
3451 523 3624 598 τριῶν
3663 543 3758 578 παι

473 639 702 692 111.ιί.υι“ί³
762 644 996 697 constat,
1055 630 1254 700 triplici
1323 626 1736 698 perturbatione
1792 627 2063 678 ennlineri

475 735 752 793 asserunt,
781 733 949 788 metu,
985 723 1173 778 dolore
1206 736 1272 775 ac
1319 720 1520 774 mentis
1559 719 1772 789 inopia;
1823 734 1886 773 ex
1917 726 2063 772 metu

475 839 538 876 ac
570 820 932 877 conversione
975 816 1231 870 animalia
1275 829 1505 884 quaeque
1544 822 1901 882 componunt.
1928 811 2064 865 Nam

473 930 540 970 ex
572 913 929 968 conversione
962 909 1311 964 Conditorem
1345 907 1588 976 genitum
1632 922 1696 960 ex
1758 913 1907 960 metu
1939 905 2067 958 reli-

475 1019 636 1074 quam
672 1002 830 1072 187
862 1015 1077 1055 omnem
1123 998 1413 1053 animalem
1460 997 1828 1052 substantiam
1877 995 2068 1050 existi-

475 1104 662 1149 mant:
695 1091 1003 1162 cujusmodi
1027 1098 1158 1146 sunt
1182 1091 1394 1144 ratione
1421 1089 1725 1143 carentium
1745 1087 2065 1150 bestiarum,

473 1194 528 1240 et
555 1186 792 1241 l'erarum
824 1193 988 1255 atque
1030 1183 1314 1237 hominum
1361 1181 1576 1235 animat.
1620 1179 1911 1250 Propterea
1942 1195 2065 1234 cum

469 1277 541 1332 ad
575 1277 846 1348 spiritalia
894 1275 1143 1347 quaedam
1193 1273 1570 1344 pernoscenda
1609 1271 1936 1326 imbecillior
1989 1269 2068 1323 fo-

473 1376 576 1432 ret,
607 1368 784 1423 solum
828 1381 888 1421 se
921 1380 1045 1420 esse
1077 1362 1248 1418 Deum
1292 1363 1638 1427 arbitratum,
1691 1377 1754 1415 ac
1795 1377 1890 1430 per
1942 1376 2069 1431 pro-

473 1462 668 1529 phetas
696 1460 936 1515 edixisse
972 1476 985 1512 :
1021 1456 1134 1527 Ego
1173 1455 1338 1523 Deus,
1366 1465 1560 1524 prazter
1588 1473 1668 1509 me
1710 1454 1889 1508 nullus
1928 1454 2067 1508 alius

472 1562 550 1606 est
590 1553 626 1606 ί.
657 1551 734 1605 Ex
766 1552 976 1620 reliquo
1007 1564 1172 1621 porro
1199 1549 1672 1619 perturbationum
1703 1563 1921 1619 genere,
1957 1546 2068 1616 spio

477 1646 694 1701 ritualia
747 1645 1004 1716 nequitiae
1051 1655 1334 1714 procreata
1372 1664 1386 1699 :
1429 1643 1663 1714 indeque
1701 1649 1755 1697 et
1791 1642 2066 1696 diabolum

473 1745 749 1799 exortum,
791 1752 952 1807 quem
1009 1735 1408 1804 moderatorem
1456 1737 1645 1790 mundi
1700 1734 1926 1798 faciunt,
1961 1749 2068 1788 una

474 1843 601 1882 cum
634 1828 918 1883 dremoniis
949 1836 1000 1882 et
1045 1829 1274 1896 angelis,
1318 1837 1621 1897 cmteraque
1653 1827 1801 1880 omni
1833 1827 2066 1897 spiritali

471 1921 735 1991 nequitiae
765 1920 1094 1975 substantia.
1124 1917 1323 1974 Verum
1358 1919 1707 1974 Conditorem
1743 1920 1918 1988 ipsum
1950 1920 2068 1972 ani-

474 2016 671 2072 malem
704 2015 892 2072 Matris
920 2015 1083 2071 lilium
1107 2031 1228 2071 esse
1262 2016 1474 2080 dicunt,
1505 2016 1905 2071 moderatorem
1937 2030 2066 2069 vero

473 2104 663 2157 mundi
698 2105 974 2174 quoddam
1009 2122 1147 2176 opus
1191 2105 1528 2162 Conditoris.
1575 2106 1653 2162 Ac
1705 2106 1891 2160 mundi
1935 2121 2067 2161 sane

474 2202 740 2251 rectorem
773 2213 892 2267 quae
925 2215 1090 2269 supra
1124 2216 1183 2256 se
1235 2201 1365 2266 sint,
1404 2207 1590 2270 utpote
1620 2201 1876 2270 nequitia:
1911 2200 2068 2269 spiri-

474 2296 611 2352 tum,
659 2288 993 2358 intelligere;
1049 2291 1424 2360 Conditorem,
1475 2292 1620 2362 quod
1669 2293 1922 2345 animalis
1973 2291 2066 2354 sit,

477 2380 731 2448 ignorare
773 2379 1092 2438 detendunt.
1136 2382 1380 2450 Quorum
1426 2385 1588 2439 etiam
1633 2382 1857 2456 Matrem
1902 2399 2068 2453 supra

473 2474 674 2527 cmlum
712 2473 961 2530 habitare
1005 2477 1186 2531 medio
1231 2475 1468 2547 quodam
1519 2475 1679 2540 loco;
1715 2474 2066 2531 Conditorem

473 2580 604 2619 vero
636 2567 690 2620 in
721 2566 839 2636 ipso
867 2568 1026 2633 coelo,
1068 2569 1327 2622 nimirum
1376 2569 1430 2621 in
1467 2567 1828 2624 hebdomade.
1881 2568 2067 2622 Mundi

474 2663 744 2710 rectorem
777 2656 1014 2726 denique
1054 2659 1108 2711 in
1163 2658 1267 2713 hoc
1307 2657 1568 2714 inferiore
1603 2658 1807 2712 mundo
1851 2667 2070 2712 nostro-

475 2760 584 2814 que
614 2746 840 2800 versari.
873 2745 994 2798 Jam
1028 2761 1158 2801 vero
1188 2763 1218 2801 e
1249 2756 1473 2816 stupore
1507 2761 1572 2801 ac
1617 2747 1828 2802 consilii
1865 2747 2067 2818 inopia,

476 2842 737 2906 tanquam
767 2852 830 2892 ex
863 2836 1201 2907 ignobiliore,
1234 2855 1524 2909 corporea,
1560 2847 1618 2894 ut
1649 2848 1775 2895 ante
1805 2839 2066 2906 diximus,

475 2927 667 2982 mundi
705 2928 972 2984 elementa
1013 2931 1302 2999 prodiisse.
1351 2931 1425 2984 Ita
1478 2947 1543 2986 ex
1580 2933 1823 2986 attonitae
1869 2933 2068 2988 mentis

475 3025 621 3073 statu
663 3026 906 3076 terram:
943 3037 1138 3092 aquam
1183 3039 1214 3078 e
1269 3023 1526 3094 lacrymis
1568 3040 1706 3094 quas
1757 3032 1933 3080 metus
1974 3040 2070 3079 ex-

474 3120 749 3175 cusserat,
781 3127 958 3167 aerem
994 3128 1058 3167 ex
1095 3113 1303 3170 doloris
1345 3114 1718 3181 concretione,
1749 3115 1926 3187 ignem
1967 3115 2067 3170 de-

475 3201 642 3272 nique
687 3205 944 3260 omnibus
991 3205 1389 3276 ingeneratum,
1425 3207 1575 3261 velut
1629 3218 1856 3262 mortem
1904 3215 2070 3278 atque
2098 3235 2139 3293 ο

473 3296 726 3364 exitium,
755 3299 982 3368 perinde
1013 3309 1176 3370 atque
1219 3301 1396 3356 tribus
1437 3301 1944 3370 perturbationibus
1983 3303 2070 3357 in-

476 3396 678 3444 sertam
713 3390 1077 3460 ignorantiam
1109 3393 1326 3447 docent.

547 3479 627 3534 Ad
652 3481 787 3544 haec,
812 3482 1061 3537 absoluta
1085 3485 1274 3537 mundi
1301 3485 1529 3548 fabrica,
1559 3485 1764 3538 luteum
1791 3485 2069 3541 hominem

474 3581 506 3621 a
541 3567 840 3623 Conditore
871 3570 1080 3634 fictum,
1115 3587 1221 3625 non
1253 3587 1318 3625 ex
1359 3576 1504 3628 sicca
1536 3575 1626 3628 illa
1661 3583 1845 3628 tamen
1883 3577 2069 3635 humo,

476 3657 670 3711 sedex
707 3659 884 3714 visum
921 3659 1161 3729 fugiente
1203 3661 1536 3728 substantia,
1591 3679 1717 3719 cum
1771 3680 1837 3720 ex
1873 3663 2072 3720 diffusa

476 3748 794 3819 liquidaque
847 3753 1091 3806 materiae
1134 3762 1287 3823 parte
1339 3755 1687 3824 sumpsisset,
1735 3764 1790 3811 et
1842 3757 1896 3811 in
1948 3773 2072 3811 eum

478 3838 756 3895 hominem
805 3840 1094 3895 animalem
1138 3842 1369 3897 alterum
1416 3843 1760 3914 inspirasset.
1809 3842 2074 3914 [tuncque

479 3931 618 3986 adeo
652 3931 830 4001 ipsum
859 3931 1010 3986 illum
1043 3948 1186 3997 esse,
1223 3934 1314 4003 qui
1345 3935 1414 3989 ad
1445 3934 1738 4006 imaginem
1786 3951 1850 3991 ac
1885 3937 2076 3991 simili-

481 4022 730 4078 tudinem
759 4024 830 4102 sit
853 4039 1166 4094 expressus.
1195 4024 1330 4080 Nam
1372 4026 1441 4082 ad
1479 4028 1768 4100 imaginem
1796 4045 1920 4084 eum
1953 4044 2077 4084 esse

481 4113 707 4181 factum,
735 4115 828 4186 qui
864 4117 1092 4171 materia
1123 4125 1358 4182 constat,
1385 4119 1590 4190 quique
1623 4119 1698 4174 ita
1745 4118 1842 4172 Dei
1878 4119 2075 4175 similis

479 4203 573 4269 sit,
601 4213 660 4258 ut
685 4205 931 4261 eamdem
956 4221 1076 4261 cum
1103 4208 1220 4278 ipso
1243 4216 1494 4262 naturam
1527 4209 1749 4265 minime
1772 4211 2074 4277 sortiatur;

481 4292 775 4348 animalem
823 4311 954 4350 vero
1008 4296 1076 4351 ad
1133 4296 1548 4352 similitudinem
1605 4297 1876 4366 elﬁctum;
1933 4299 2079 4354 unde

449 4413 452 4416 -
480 4385 644 4438 etiam
667 4385 792 4441 vitae
818 4389 1072 4456 spiritum
1097 4389 1218 4458 ejus
1248 4389 1508 4461 appellari
1534 4390 1925 4458 substantiam,
1957 4405 2079 4462 qua}

481 4491 548 4528 ex
581 4476 810 4546 spiritali
849 4479 1083 4548 quadam
1115 4481 1351 4538 ﬂuxione
1383 4484 1627 4554 profecta
1662 4487 1753 4542 sit.
1789 4485 2078 4544 Postremo

2167 620 2276 672 οὼν
2307 621 2566 689 συστῆναι
2593 619 2831 687 λέγουσι,
2864 617 3032 688 φόϐου
3069 633 3130 670 τε
3173 617 3270 670 καὶ
3291 616 3471 688 λύπης
3503 617 3600 670 καὶ
3636 616 3760 669 ἀπο·

2171 713 2310 784 ρίας,
2338 713 2402 765 ἐκ
2434 711 2532 782 μὲν
2560 710 2653 763 τού
2701 710 2869 780 φόϐου
2915 711 3012 763 καὶ
3049 709 3149 781 τῆς
3188 709 3529 780 ἐπιστροφῆς
3567 709 3639 762 τὰ
3666 709 3760 779 ψυ-

2166 803 2297 874 χικά
2329 802 2429 874 τὴν
2459 802 2721 856 σύστασιν
2770 801 3073 873 εἰληφέναι,
3118 803 3182 855 ἐκ
3221 802 3320 873 μὲν
3365 802 3468 872 τῆς
3513 803 3762 872 ἐπιστρο-

2168 894 2274 964 φῆς
2309 892 2400 945 τὸν
2440 892 2780 964 Δημιουργδν
2811 885 3092 962 βούλονται
3138 891 3236 962 τὴν
3277 891 3496 960 γένεσιν
3536 890 3761 962 ἐσχηκέ-

2108 991 2125 1000 ⁸
2167 1001 2276 1048 ναι,
2313 985 2377 1036 ἐκ
2406 983 2463 1037 δὲ
2495 982 2590 1036 τοῦ
2621 982 2788 1051 φόδου
2816 984 2915 1054 τὴν
2939 981 3132 1053 λοιπὴν
3165 985 3346 1037 πᾶσαν
3373 983 3614 1054 ψυχικὴν
3643 983 3761 1038 ὑπό-

2171 1095 2382 1143 στασιν,
2433 1078 2512 1142 ὡς
2542 1077 2720 1149 ψυχὰς
2763 1077 2974 1147 ἀλόγων
3029 1075 3206 1142 ζώων,
3249 1077 3344 1131 καὶ
3389 1076 3620 1148 Θηρίων,
3674 1077 3758 1129 καὶ

2168 1168 2499 1241 ἀνθρώπων.
2529 1170 2629 1224 Διά
2671 1169 2830 1224 τοῦτο
2875 1167 3212 1240 ἀτονώτερον
3255 1169 3418 1222 αὑτὸν
3449 1169 3760 1240 ὑπάρχοντα

2170 1261 2306 1332 πρὸς
2335 1261 2396 1315 τὺ
2421 1260 2712 1330 γινώσκειν
2735 1262 2856 1315 τινὰ
2886 1261 3258 1332 πνευματικά,
3287 1260 3450 1314 αὑτὸν
3483 1262 3762 1331 νενομικέ-

2169 1371 2258 1408 ναι
2297 1353 2458 1424 μόνον
2490 1348 2632 1407 εἰναι
2658 1353 2814 1418 Θεὸν,
2843 1353 2936 1407 καὶ
2967 1355 3056 1408 διὰ
3090 1353 3200 1409 τῶν
3231 1354 3527 1425 προφητῶν
3552 1353 3763 1426 εἰρηκέ-

2169 1459 2288 1498 ναι·
2353 1442 2497 1512 Ἐνὼ
2548 1442 2714 1510 Θεὸς,
2766 1441 2935 1510 πλὴν
2975 1441 3124 1512 ἐμοῦ
3167 1441 3389 1508 οὐδείς.
3431 1439 3528 1494 Ἐκ
3571 1441 3630 1494 δέ
3670 1441 3763 1512 τῆς

2170 1532 2363 1603 λοιπῆς
2398 1532 2468 1585 τὰ
2511 1531 2857 1603 πνευματικά
2887 1531 2988 1601 τῆς
3023 1531 3289 1603 πονηρίας
3327 1531 3640 1585 διδάσκουσι
3676 1547 3762 1599 γε-

2170 1623 2415 1691 γονέναιο
2455 1621 2578 1676 ὅθεν
2621 1622 2713 1675 τὸν
2758 1621 3004 1676 διάϐολον
3045 1620 3145 1692 τὴν
3193 1623 3411 1690 γένεσιν
3451 1619 3762 1693 ἐσχηκέναι,

2169 1713 2230 1767 ὃν
2258 1716 2353 1767 καὶ
2392 1714 2810 1786 κοσμοκράτορα
2839 1712 3094 1784 καλοῦσιε,
3139 1714 3236 1768 καὶ
3276 1703 3356 1768 ⁸τά
3387 1713 3644 1784 δαιμόνια
3674 1714 3766 1767 καί.

2171 1805 2300 1868 τοὺς
2332 1805 2620 1875 ἀγγέλους,
2644 1808 2740 1860 καὶ
2769 1808 2952 1860 πᾶσαν
2989 1806 3090 1878 τὴν
3119 1804 3497 1876 πνευματικὴν
3530 1805 3632 1875 τῆς
3670 1822 3764 1857 πο-

2169 1897 2365 1968 νηρίας
2395 1897 2716 1950 ὑπόστασιν.
2764 1897 2928 1951 Ἀλλά
2963 1896 3056 1951 τὸν
3093 1895 3191 1968 μὲν
3224 1895 3569 1966 Δημιουργδν
3610 1896 3722 1948 υἱὸν
3746 1897 3765 1925 ²

2170 1991 2267 2059 τῆς
2311 1988 2532 2060 Μητρὸς
2582 1989 2765 2042 αὐτῶν
2817 1987 3072 2057 λέγουσι’
3121 1988 3214 2041 τὸν
3251 1987 3310 2042 δέ
3348 1987 3768 2058 κοσμοκράτορα

2170 2079 2376 2148 κτίσμα
2400 2077 2494 2132 τοῦ
2520 2078 2886 2150 Δημιουργοῦ,
2925 2080 3034 2133 Καὶ
3073 2079 3164 2132 τὸν
3215 2080 3312 2150 μὲν
3344 2080 3767 2150 κοσμοκράτορα

2170 2171 2461 2241 γινώσκειν
2495 2173 2563 2224 τὰ
2613 2173 2754 2244 ὑπὲρ
2774 2173 2955 2238 αὑτὸν,
2985 2174 3069 2226 ὅτι
3099 2172 3320 2243 πνεῦμά
3364 2175 3482 2226 ἐστι
3515 2173 3614 2242 τῆς
3673 2190 3770 2226 πο-

2169 2266 2362 2338 νηρίας
2381 2283 2394 2296 ·
2423 2265 2515 2320 τὸν
2548 2266 2605 2320 δὲ
2643 2267 2984 2339 Δημιουργὸν
3007 2269 3222 2336 ἀγνοεῖν
3250 2267 3345 2321 ἆτε
3375 2267 3584 2338 ψυχικὰ
3602 2270 3645 2299 ³⁶
3675 2267 3769 2320 ὑπ-

2170 2360 2427 2431 άρχοντα.
2461 2361 2648 2411 υἰκεῖν
2669 2359 2726 2412 δὲ
2757 2359 2858 2431 τὴν
2891 2359 3106 2431 μητέρα
3148 2360 3328 2414 αὐτῶν
3369 2362 3451 2424 εἰς
3487 2359 3581 2414 τὸν
3609 2361 3771 2431 ὑπερ-

2171 2451 2423 2520 ουράνιον
2496 2450 2684 2515 τόπον,
2739 2450 3020 2503 τουτέστιν
3069 2450 3128 2503 ἐν
3174 2453 3240 2522 τῇ
3306 2451 3586 2522 μεσότητι.
3667 2451 3769 2504 Τὸν

2171 2541 2511 2613 Δημιουργδν
2541 2541 2597 2594 δὲ
2614 2543 2693 2606 εἰς
2724 2541 2816 2596 τὸν
2839 2544 3236 2615 ύπερουράνιον
3269 2543 3289 2574 ³
3321 2543 3457 2612 (8υ),
3489 2543 3770 2597 τουτέστιν

2169 2633 2227 2686 ἐν
2265 2635 2331 2703 τῇ
2369 2631 2624 2703 ἐϐδομάδι
2645 2647 2658 2659 ·
2701 2632 2793 2686 τὸν
2834 2632 2891 2686 δέ
2942 2633 3364 2704 παντοκράτορα
3395 2631 3417 2662 ⁸
3448 2634 3507 2685 ἐν
3541 2631 3622 2702 τῷ
3649 2631 3768 2684 καθ’

2169 2728 2319 2798 ἡμᾶς
2351 2726 2562 2798 κόσμῳ.
2606 2725 2700 2778 Ἐκ
2731 2725 2787 2778 δέ
2835 2725 2936 2797 τῆς
2978 2726 3297 2794 ἐκπλήξεως
3345 2726 3440 2780 καί
3482 2727 3586 2797 τῆς
3627 2726 3771 2796 ἀμη-

2170 2819 2382 2889 Χανίαςν
2418 2819 2493 2883 ὡς
2522 2820 2586 2872 ἐκ
2615 2817 2711 2872 τοῦ
2744 2819 3088 2890 ἀσημοτέρου
3135 2819 3206 2873 τά
3240 2819 3553 2888 σωματικὰ,
3589 2815 3770 2881 καθὼς

2173 2913 2538 2985 προείπαμεν,
2567 2911 2660 2965 τοῦ
2684 2911 2888 2983 κόσμου
2914 2915 3154 2983 στοιχεῖα
3182 2911 3486 2981 γεγονέναι,
3508 2910 3610 2982 τὴν
3635 2910 3769 2983 μένδ

2170 3007 2314 3059 κατά
2337 2995 2437 3076 τῆς
2472 3003 2791 3076 ἐκπλήξεως
2830 3004 3041 3068 στάσιν,
3084 3003 3229 3075 ὕδωρ
3264 3004 3322 3057 δέ
3359 3002 3505 3058 κατά
3531 3003 3633 3074 τὴν
3677 3000 3770 3055 τοῦ

2172 3097 2341 3166 φόϐου
2377 3096 2507 3168 (τῶν
2557 3095 2833 3168 δακρύων)
2885 3095 3102 3167 κίνησιν
3127 3135 3143 3160 ,
3186 3095 3326 3166 ἀέρα
3369 3112 3430 3148 τε
3475 3093 3621 3149 κατὰ

2171 3186 2352 3258 λύπης
2378 3187 2562 3257 πῆξιν.
2597 3187 2672 3239 Τὸ
2699 3185 2756 3239 δὲ
2801 3184 2913 3257 πῦρ
2944 3185 3149 3239 ἅπασιν
3177 3184 3362 3246 αὐτοῖς
3395 3183 3772 3253 ἐκπεφυκέναι

2174 3278 2405 3334 θάνατον
2444 3279 2540 3333 καὶ⁵
2579 3277 2810 3350 φθοράν,
2840 3277 2916 3342 ὡς
2958 3279 3054 3332 καὶ
3086 3277 3186 3349 τὴν
3217 3277 3443 3346 ἄγνοιαν
3481 3280 3598 3340 τοῖς
3624 3277 3772 3348 τρισί

2171 3372 2400 3426 πάθεσιν
2433 3370 2812 3444 ἐγκεκρύφθαι
2845 3370 3182 3424 διδάσκουσι.

2245 3465 2740 3536 Δημιουργήσαντα
2781 3462 2845 3534 δὴ
2884 3463 2977 3514 τὸν
3015 3461 3219 3532 κόσμον
3269 3460 3632 3532 πεποιηκέναι
3673 3459 3769 3514 καὶ

2171 3553 2264 3608 τὸν
2311 3555 2598 3626 ἄνθρωπον
2645 3554 2738 3608 τὸν
2785 3553 3002 3625 χοῖκόν·
3033 3552 3135 3605 ούκ
3182 3552 3292 3606 ἀπὸ
3336 3553 3546 3622 ταύτης
3589 3551 3646 3603 δέ
3673 3553 3770 3620 τῆς

2175 3647 2348 3720 ξηρᾶς
2395 3648 2520 3718 γῆς,
2563 3647 2678 3701 ἀλλ’
2712 3647 2821 3700 ἀπὸ
2866 3647 2966 3718 τῆς
3007 3645 3242 3718 ἀοράτου
3275 3645 3486 3710 οὐσίας,
3533 3644 3642 3698 ἀπὸ
3675 3643 3770 3696 τοί

2175 3737 2481 3808 κεχυμένου
2521 3737 2616 3792 καὶ
2651 3737 2882 3809 ρευστού
2920 3737 3020 3808 τῆς
3072 3736 3204 3807 ὕλης
3249 3736 3504 3798 λαόόντα,
3555 3736 3650 3788 καὶ
3694 3738 3771 3800 εἰς

2173 3829 2361 3884 τοῦτον
2396 3830 2712 3901 ἐμφυσῆσαι
2737 3829 2828 3882 τὸν
2859 3827 3090 3899 ψυχικὸν
3124 3828 3475 3900 διορίζονται.
3515 3829 3626 3882 Καὶ
3653 3827 3774 3881 τοῦ·

2175 3939 2267 3975 τον
2314 3919 2454 3977 εἶναι
2495 3923 2588 3976 τὸν
2637 3924 2756 3976 κατ’
2798 3923 2984 3976 εἰκόνα
3032 3923 3136 3975 καὶ·
3169 3922 3428 3992 ὁμοίωσιν
3479 3923 3770 3990 γεγονότα’

2177 4015 2296 4067 κατ’
2323 4014 2511 4068 εἰκόνα
2561 4015 2660 4084 μὲν
2698 4013 2790 4068 τὸν
2834 4013 3018 4066 ὑλικὸν
3053 4013 3345 4085 ὑπάρχειν,
3387 4012 3774 4086 παραπλήσιον

2180 4109 2300 4180 μέν,
2337 4108 2456 4162 ἀλλ’
2492 4109 2592 4179 οὐχ
2632 4107 2919 4179 όμοούσιον
2957 4107 3034 4178 τῷ
3079 4107 3230 4179 Θεῷ·
3272 4107 3396 4162 καθ’
3431 4107 3696 4178 ὁμοίωσιν
3722 4106 3774 4159 δέ

2175 4203 2268 4256 τὸν
2296 4201 2528 4273 ψυχικόν
2551 4219 2565 4234 ο
2595 4201 2720 4256 ὅθεν
2758 4201 2854 4255 καὶ
2899 4199 3121 4271 πνεῦμα
3158 4199 3305 4271 ζωῆς
3339 4200 3435 4272 τὴν
3462 4201 3654 4254 οὐσίαν
3683 4200 3774 4253 αῦ-

2175 4293 2270 4347 τοῦ
2324 4293 2619 4365 εἰρῆσθαι,
2679 4295 2744 4347 ἐκ
2804 4292 3185 4364 πνευματικῆς
3235 4291 3537 4364 ἀπορροίας
3585 4287 3772 4346 οὖσαν.

2179 4387 2449 4458 ’Ὕστερον
2480 4388 2537 4440 δὲ
2568 4386 2975 4458 περιτεθεῖσθαι
3005 4387 3256 4456 λέγουσιν
3283 4384 3432 4457 αὐτῷ
3459 4386 3552 4439 τὸν
3574 4385 3776 4456 δερμὰε

2176 4494 2322 4530 τινον
2375 4476 2602 4547 χιτῶνα.
2647 4476 2819 4530 Τοῦτο
2857 4477 2912 4530 δὲ
2951 4477 3014 4530 τὸ
3062 4477 3320 4550 αἰσθητὸν
3363 4475 3587 4549 σαρκίον
3639 4472 3775 4530 εἶναι

485 4563 769 4632 palliceam
806 4566 884 4620 illi
917 4569 1182 4635 tunicam,
1215 4569 1318 4625 hoc
1363 4581 1447 4628 est
1474 4589 1697 4628 carnem
1731 4576 1880 4630 illam
1907 4591 2070 4646 quam

2179 4569 2419 4638 λέγουσι.
2456 4561 2533 4622 To
2551 4569 2608 4622 δέ
2635 4567 2829 4640 κύημα
2862 4570 2966 4640 τῆς
2999 4569 3224 4638 Μητρὸς
3266 4569 3439 4639 αὐτῆς
3475 4571 3576 4640 τῆς
3615 4569 3775 4638 Ἀχαι

482 4653 780 4719 cernimus,
819 4670 943 4710 esse
971 4656 1387 4712 circumdatam.
1417 4660 1573 4726 Quod
1617 4679 1745 4718 vero
1785 4667 1850 4718 ad
1885 4665 2075 4722 Matris

483 4741 784 4797 Achainoth
836 4743 1004 4798 fetum
1048 4746 1212 4800 alium
1248 4751 1504 4818 pertinet,
1542 4767 1705 4820 quem
1743 4769 1806 4807 ex
1856 4756 2077 4825 angelo-

483 4849 604 4888 rum
653 4833 955 4892 Salvatoris
1009 4839 1268 4894 comitum
1331 4845 1792 4914 contemplatione
1845 4849 2075 4917 peperit,

481 4938 674 4997 estque
705 4929 992 4998 spiritalis,
1018 4938 1180 5002 atque
1208 4931 1454 5003 ejusdem
1490 4950 1614 4990 cum
1646 4935 1816 4994 Matre
1844 4947 2075 5007 naturze,

487 5021 650 5092 188
676 5023 839 5077 etiam
871 5022 1018 5079 hune
1067 5025 1309 5096 ignotum
1350 5027 1522 5084 fuisse
1551 5029 1832 5086 Conditori
1860 5041 2074 5103 putant,

482 5112 716 5165 tie-clam
748 5112 866 5182 ipso
913 5113 1192 5170 nesciente
1244 5114 1300 5169 in
1339 5117 1592 5173 eumdem
1634 5121 1969 5186 demissum,
2017 5131 2078 5178 ut

483 5215 579 5269 per
614 5202 759 5258 hunc
808 5205 864 5260 in
913 5207 1213 5276 profectam
1265 5209 1332 5265 ab
1359 5226 1425 5266 eo
1464 5213 1702 5268 animam
1743 5229 2078 5286 corpusque,

483 5291 628 5357 quod
652 5309 774 5349 cum
805 5300 1035 5354 materia
1066 5311 1381 5356 concretum
1407 5314 1514 5369 est,
1539 5313 1742 5374 satum,
1771 5309 1840 5362 ab
1866 5309 2082 5364 iisdem-

485 5398 592 5450 que
613 5384 758 5438 velut
785 5397 941 5444 utero
963 5399 1237 5461 gestatum
1269 5400 1434 5464 atque
1467 5405 1713 5462 auctum,
1749 5399 1814 5454 ad
1845 5400 1897 5454 id
1932 5401 2078 5470 quod

487 5475 789 5542 perlectum
831 5490 916 5536 est
972 5484 1346 5554 recipiendum
1420 5487 1673 5543 idoneum
1731 5491 2073 5546 redderetur.

487 5567 658 5639 Igitur
680 5571 985 5630 admirabili
1005 5579 1263 5648 quadam,
1297 5579 1471 5649 aiunt,
1498 5581 1836 5652 providentia
1871 5583 2075 5639 factum

2187 4660 2328 4733 μὼθ,
2358 4661 2387 4714 ὂ
2414 4661 2554 4715 κατά
2592 4660 2694 4732 τὴν
2733 4661 2968 4730 Θεωρίαν
3000 4661 3112 4714 τῶν
3147 4662 3275 4732 περὶ
3303 4660 3394 4714 τὸν
3419 4661 3648 4730 Σωτῆρα
3680 4660 3776 4728 ἀγ-

2183 4753 2358 4822 γέλων
2411 4752 2765 4825 ἀπεκύησεν,
2821 4752 3109 4824 όμοούσιον
3160 4753 3405 4824 ὑπάρχον
3457 4755 3525 4823 τῇ
3592 4752 3776 4822 Μητρὶ

2185 4845 2577 4918 πνευματικὸν,
2614 4846 2705 4900 καὶ
2741 4846 2905 4900 αὑτὸν
2935 4845 3262 4918 ἠγνοηκέναι
3301 4845 3394 4899 τὸν
3434 4843 3775 4916 Δημιουργόν

2184 4939 2424 5009 λέγουσι,
2457 4939 2553 4993 καὶ
2585 4939 2889 5011 λεληθότως
2916 4938 3340 4994 κατατεθεῖσθαι
3375 4941 3456 5002 εἰς
3487 4937 3670 5001 αὑτὸν,
3704 4937 3774 5008 μὴ

2185 5032 2387 5092 εἰδότος
2408 5029 2596 5096 αὐτοῦ,
2633 5031 2720 5085 ἵνα
2771 5031 2838 5084 δι’
2870 5031 3038 5084 αὑτοῦ
3085 5032 3169 5096 εἰς
3207 5032 3306 5101 τὴν
3342 5031 3438 5084 ἀπ’
3473 5029 3641 5084 αὑτοῦ
3674 5029 3773 5099 ψυο

2178 5125 2280 5196 χὴν
2315 5124 2544 5196 σπαρέν,
2567 5125 2662 5179 καί
2691 5125 2773 5188 εἰς
2804 5124 2865 5178 τὸ
2891 5123 3081 5178 ὑλικὸν
3122 5124 3282 5177 τοῦτο
3317 5122 3476 5195 σῶμα
3505 5139 3777 5193 κυοφορη-

2181 5215 2272 5270 θέν
2331 5219 2388 5270 ἐν
2433 5217 2649 5281 τούτοις
2701 5217 2797 5271 καὶ
2855 5215 3113 5288 αὐξηθέν,
3163 5207 3383 5287 ἕτοιμον
3424 5215 3653 5286 γένηται
3703 5215 3778 5276 εἰς

2183 5307 2454 5380 ὑποδοχὴν
2497 5308 2593 5362 τοῦ
2641 5309 2896 5364 τελείουθ.
2934 5309 3164 5363 Ἔλαϐεν
3204 5305 3297 5362 οὖν
3339 5349 3353 5374 ,
3385 5307 3460 5372 ὣς
3495 5325 3649 5378 φασι,
3690 5306 3778 5359 τὸν

2182 5402 2531 5473 Δημιουργδν
2568 5404 2597 5456 ό
2641 5401 3126 5474 συγκατασπαρείς
3172 5401 3250 5471 τῷ
3279 5401 3655 5472 ἐμφυσήματι-
3679 5400 3776 5451 αὐ-

2181 5493 2276 5547 τοῦ
2322 5494 2427 5546 ὑπὸ
2484 5495 2585 5564 τῆς
2639 5495 2842 5566 Σοφίας
2893 5495 3262 5565 πνευματικὸς
3294 5493 3598 5566 ἀνθρώπων
3631 5493 3650 5523 ⁷
3681 5493 3779 5563 ἐιρε

2188 5587 2335 5658 ρητῳ
2382 5587 2610 5660 προνοίᾳ
2638 5589 2680 5643 ⁸.
2723 5589 2813 5652 Ὠς
2859 5587 2969 5660 γάρ
3019 5589 3116 5660 τὴν
3167 5588 3379 5660 μητέρα
3429 5584 3773 5656 ἠγνοηκέναι,

564 5730 732 5817 Usa;
750 5747 897 5817 xui.
920 5732 978 5817 9Σ
1013 5805 1027 5817 _
1052 5737 1072 5767 ³
1099 5735 1427 5817 Index}:th
1457 5739 1592 5817 ui6v_.
1623 5740 1845 5817 ..νίῗιτεΔ
1868 5742 2067 5814 ψυχικό

2177 5741 2281 5817 ξιτ.
2307 5745 2652 5817 ἐπουράνιον.
2729 5746 2749 5777 ⁸
2775 5743 2846 5801 Ir.
2883 5744 3322 5817 κοσμοκράτορα.
3391 5743 3412 5774 ⁸
3447 5738 3506 5796 F.
3531 5740 3631 5812 γῆν
3655 5737 3766 5810 μέν,

496 5808 544 5852 ct
572 5803 674 5856 del.
703 5802 980 5875 δακρύων⁶
1011 5805 1079 5860 Ir.
1114 5802 1483 5877 addit'léyou.
1563 5812 1582 5842 ⁷
1620 5809 1680 5867 F.
1722 5802 2060 5883 Ἀνθρωπος.

2138 5815 2160 5845 ⁸
2190 5814 2331 5870 lren.
2362 5814 2589 5887 δυνάμει
2631 5819 2724 5872 καὶ
2760 5817 3006 5890 προνοίᾳ.

569 5919 678 5990 (80)
733 5922 842 5978 Τὸν
876 5923 1244 5994 Δημιουργὸν
1271 5923 1344 5996 ,δὲ
1373 5927 1456 5996 εἰς
1485 5928 2077 6002 τὸνιὺπέρουριὶνιον.
2117 5932 2272 5988 Corr.
2318 5932 2658 6007 ἐπουράνιον-
