3982 6442
214 332 329 391 M3

869 327 1241 386 ADVERSUS
1280 325 1624 385 ΗΕΒΕὸεὸ
1663 326 1794 383 LIB.
1836 326 1877 382 Ι.
1920 324 2088 383 ΤΟΜ.
2132 326 2195 383 ll.
2238 357 2307 367 —
2343 325 2620 385 llAZRES.
2659 326 2859 384 XXXI.

3410 333 3516 393 5M

210 414 367 506 οὕτω
395 466 492 504 και
522 446 584 503 τδ
613 444 838 521 σπέρμα
881 448 1076 520 αὐτῆς,
1105 448 1136 502 ὃ
1164 448 1230 521 δὴ
1279 448 1373 503 καὶ
1416 448 1551 503 αὐτὸ
1590 447 1819 518 Ἐκκλη-

1922 455 2026 513 est,
2057 447 2323 518 spiritalis
2346 456 2406 503 ut
2434 447 2603 527 homo
2626 448 2978 505 Conditorem
3005 446 3222 516 lateret,
3255 464 3380 506 cum
3407 469 3515 508 una

214 540 343 595 σίαν
368 536 507 595 εἶναι
536 539 806 611 λέγουσιν,
837 536 1132 593 ἀντίτυπον
1170 538 1271 609 τῆς
1311 537 1428 592 ἄνω
1468 535 1812 608 Ἐκκλησίας.

212 631 330 684 Καὶ
354 629 478 684 τότε
514 625 656 684 εἶναι
692 627 784 682 τὸν
820 628 880 681 ὲν
919 628 1106 692 αὐτοῖς
1145 624 1392 692 ἀξιοῦσιν
1425 626 1466 692 ί,
1495 625 1637 680 ὥστε
1672 625 1818 696 ἔχειν

210 722 417 785 αὐτοὺς
457 719 558 790 τὴν
596 720 697 791 μὲν
729 718 909 791 ψυχὴν
960 718 1070 773 ἀπὸ
1115 716 1212 772 τοῦ
1259 714 1627 790 Δημιουργοῦ,
1659 717 1722 771 τὸ
1759 715 1816 769 δὲ

214 814 383 887 σῶμα
408 813 517 869 ἀπὸ
545 811 640 866 τοῦ
669 812 816 883 χοὸς,
852 812 950 866 καὶ
977 810 1038 864 τὸ
1086 810 1350 882 σαρκικὸν
1385 809 1495 864 ἀπὸ
1530 808 1632 880 τῆς
1662 808 1817 881 ὕλης,

210 908 308 961 τὸν
338 906 399 960 δὲ
432 903 805 977 πνευματικὸν
850 902 1139 975 ἄνθρωπον
1177 901 1288 958 ἀπὸ
1326 902 1428 974 τῆς
1471 903 1680 976 μητρὸς
1714 901 1817 974 τῆς

225 996 515 1071 ’Δχαμώθ.

283 1269 376 1323 K'.
420 1265 602 1339 Τριῶν
634 1259 728 1320 οὖν
761 1265 955 1329 ὄντων,
1009 1263 1071 1318 τὸ
1117 1264 1216 1338 μὲν
1265 1261 1473 1327 ὑλικὸν,
1499 1260 1529 1315 ὃ
1566 1260 1662 1315 καὶ
1690 1260 1815 1333 ἀρι-

214 1357 417 1430 στερὸν
452 1357 700 1422 καλοῦσι,
727 1356 869 1411 κατά
896 1356 1146 1427 ἀνάγκην
1172 1353 1508 1410 ἀπόλλυσθαι
1536 1352 1812 1422 λέγουσιν,

218 1452 324 1508 ἅτε
380 1451 650 1525 μηδεμίαν
696 1448 1072 1515 ἐπιδείξασθαι
1113 1450 1133 1480 ’
1162 1448 1332 1520 πνοὴν
1372 1447 1682 1520 ἀφθαρσίας
1724 1448 1816 1502 δυ-

212 1545 486 1616 νάμενονο
529 1546 593 1599 τὸ
638 1542 699 1597 δὲ
733 1541 986 1614 ψυχικὸν,
1020 1541 1048 1595 ὃ
1088 1542 1186 1596 καὶ
1223 1539 1395 1606 δεξιὸν
1438 1538 1817 1613 προσαγορεύ-

209 1651 393 1699 ουσιν,
436 1631 531 1687 ἅτε
566 1633 729 1704 μέσον
759 1631 819 1685 ὃν
851 1629 947 1685 τοῦ
980 1648 1042 1685 τε
1072 1628 1448 1701 πνευματικοῦ
1479 1630 1574 1684 καὶ
1606 1628 1815 1700 ὑλικοῦ,

209 1729 399 1782 ἐκεῖσε
425 1728 647 1799 χωρεῖν,
679 1726 816 1779 ὅπου
854 1723 921 1779 ἂν
954 1724 1052 1779 καὶ
1090 1724 1190 1796 τὴν
1223 1722 1546 1797 πρόσκλισιν
1582 1723 1817 1795 ποιήση-

1920 556 2018 612 per
2045 541 2166 610 ejus
2195 541 2434 595 alllatum
2470 557 2499 596 ιι
2531 540 2810 612 Sapientia
2835 553 3236 600 consereretur.
3264 541 3337 599 Ut
3367 547 3515 602 enim

1917 630 2101 700 ignota
2145 629 2223 684 illi
2255 629 2426 685 Mater
2459 629 2582 695 fuit,
2617 633 2699 686 sic
2748 630 2913 687 etiam
2963 630 3104 688 fetus
3143 632 3312 700 illius,
3351 651 3516 705 quam

1918 719 2222 778 Ecclesiam
2267 730 2487 789 vocant,
2542 721 2804 778 Ecclesiae
2864 723 3096 780 alterius
3146 739 3213 780 ae
3274 728 3518 785 caelestis

1916 812 2214 884 imaginem
2244 828 2584 884 expressam.
2616 814 2796 885 Atque
2838 815 2985 870 hunc
3030 817 3208 887 ipsum
3240 817 3517 874 hominem

1918 903 2073 959 illum
2118 919 2243 960 esse
2288 912 2515 960 censent
2558 905 2655 975 qui
2691 906 2746 960 in
2792 905 2928 975 ipsis
2971 908 3202 964 exsistat
3234 928 3249 964 :
3278 910 3417 965 adeo
3460 921 3517 965 ut

1916 997 2155 1050 animam
2185 995 2492 1063 Conditori,
2522 1012 2726 1068 corpus
2770 997 2963 1065 humo,
2999 1014 3225 1056 carnem
3253 1003 3516 1065 materiae,

1916 1087 2222 1158 spiritalem
2262 1088 2538 1146 hominem
2579 1087 2741 1145 Matri
2786 1089 3069 1146 Aehamoh
3103 1099 3391 1163 acceptum
3430 1110 3517 1150 re-

1916 1178 2115 1235 lerant.

1986 1268 2107 1323 XX.
2138 1270 2215 1325 Ex
2266 1268 2337 1326 iis
2379 1270 2581 1339 tribus,
2630 1271 2779 1343 quod
2821 1273 3054 1329 materia
3093 1280 3331 1341 constat,
3381 1273 3516 1330 sini-

1916 1370 2203 1434 strumque
2230 1374 2457 1420 vocatur
2500 1371 2682 1435 perire
2706 1368 3041 1423 'neeessario
3070 1368 3393 1438 praedicant,
3426 1374 3517 1422 ut-

1916 1463 2041 1525 pote
2068 1455 2214 1526 quod
2264 1472 2334 1511 ne
2378 1456 2665 1512 minimum
2696 1457 2920 1528 quidem
2966 1457 3401 1513 immortalitatis
3433 1458 3518 1512 af-

1915 1542 2104 1601 ﬂatum
2133 1547 2308 1618 possit
2335 1546 2615 1618 recipere;
2644 1547 2883 1603 animale
2912 1562 3065 1613 vero,
3094 1548 3210 1603 sive
3236 1548 3515 1613 dextrum,

1916 1637 2062 1708 quod
2092 1638 2329 1694 medium
2364 1639 2506 1695 inter
2544 1639 2794 1710 spiritale
2838 1654 2905 1695 ac
2952 1639 3183 1695 materia
3221 1638 3516 1711 prmditum

1918 1728 2227 1805 interjacet,
2253 1730 2387 1785 illuc
2421 1745 2532 1802 quo
2575 1737 2774 1801 suopte
2816 1740 2951 1785 nutu
3000 1731 3356 1801 propenderit
3391 1746 3519 1803 pro-

207 1835 338 1874 ται·
370 1818 431 1873 τὸ
468 1818 525 1872 δὲ
562 1815 933 1888 πνευματικὸν
982 1815 1395 1887 ὲκπεπέμφθαι,
1434 1815 1584 1879 ὅπως
1626 1814 1813 1869 ἐνθάδε

1922 1817 2109 1885 licisci,
2157 1818 2316 1886 Quod
2361 1828 2546 1877 autem
2588 1822 2839 1892 spiritale
2881 1822 2954 1877 sit
3008 1822 3221 1877 idcirco
3256 1823 3421 1888 mitti,
3458 1830 3519 1879 ut

206 1909 293 1983 τῷ
328 1908 550 1981 ψυχικῷ
602 1908 834 1979 συζυγὲν
882 1910 1170 1982 μορφωθῇ,
1216 1909 1620 1982 συμπαιδευθὲν
1666 1908 1815 1981 αὐτῷ

208 2002 272 2055 ὲν
295 2004 365 2073 τῇ
408 2003 745 2073 ἀναστροφῇ.
793 2001 903 2055 Καὶ
946 2000 1092 2055 τοῦτ’
1123 1995 1263 2056 εἶναι
1301 2001 1520 2071 λέγουσι
1555 2002 1617 2056 τὸ
1655 2001 1812 2070 ἃλας,

209 2096 312 2150 καὶ
342 2094 405 2148 τὸ
441 2094 557 2165 φῶς
594 2093 688 2149 τοῦ
734 2094 967 2167 κόσμου.
1002 2094 1154 2149 Ἔδει
1195 2094 1303 2167 γὰρ
1340 2094 1450 2150 τῶν
1491 2093 1740 2166 ψυχικῶν
1767 2094 1811 2161 ³,

210 2188 311 2241 καὶ
350 2186 628 2259 αἰσθητῶν
655 2188 1065 2260 παιδευμάτων.
1097 2189 1178 2242 Δι’
1210 2181 1286 2243 ὧν
1322 2189 1417 2243 καί
1457 2189 1662 2258 κόσμον
1685 2204 1816 2242 κατ-

207 2278 549 2334 εσκευάσθαι
582 2278 824 2349 λέγουσι,
864 2280 961 2335 καὶ
1005 2280 1097 2334 τὸν
1130 2280 1363 2353 Σωτῆρα
1409 2279 1466 2333 δὲ
1510 2279 1606 2333 ἐπὶ
1655 2278 1816 2332 τοῦτο

209 2371 654 2442 παραγεγονέναι
703 2370 764 2425 τὸ
803 2370 1035 2443 ψυχικὸν
1060 2412 1076 2438 ,
1137 2372 1260 2425 ἐπεὶ
1315 2371 1412 2425 καὶ
1466 2370 1815 2437 αὑτεξούσιόν

209 2465 390 2532 ἐστιν,
418 2465 569 2529 ὅπως
600 2464 735 2518 αὐτὸ
766 2461 940 2537 σώσῃ.
969 2455 1070 2518 Ὧν
1094 2462 1204 2535 γὰρ
1241 2463 1447 2536 ἤμελλε
1474 2461 1692 2529 σώζειν,
1714 2463 1816 2530 τὰς

206 2555 475 2629 ἀπαρχὰς
508 2554 690 2612 αὐτῶν
734 2554 1014 2628 εἰληφέναι
1065 2554 1388 2625 φάσκουσιν,
1416 2553 1525 2608 ἀπὸ
1567 2554 1668 2627 μὲν
1715 2553 1816 2626 τῆς

222 2646 487 2720 Ἀχαμὼθ
528 2645 592 2701 τὸ
622 2644 1016 2718 πνευματικὸν,
1070 2645 1179 2700 ἀπὸ
1230 2645 1289 2699 δὲ
1327 2645 1421 2700 τοῦ
1454 2645 1814 2719 ,Δημιουργοῦ

209 2738 528 2796 ἐνδεδύσθαι
559 2738 652 2793 τὸν
678 2736 910 2809 ψυχικὸν
943 2738 1202 2810 Χριστὸν,
1241 2737 1349 2792 ἀπὸ
1392 2738 1450 2792 δὲ
1477 2738 1580 2809 τῆς
1609 2740 1815 2793 οἰκονο-

212 2834 350 2907 μίας
375 2831 781 2906 πριτεθεῖσθαι
816 2831 979 2905 σῶμα
1014 2829 1253 2902 ψυχικὴν
1283 2829 1405 2902 έχον
1436 2830 1646 2895 οὐσίαν,
1684 2849 1817 2886 κατ-

211 2925 621 2996 εσκευασμένον
664 2922 721 2977 δὲ
760 2924 988 2997 ἀρρήτῳ
1017 2922 1205 2995 τέχνῃ,
1250 2921 1387 2994 πρὸς
1416 2922 1478 2976 τὸ
1509 2924 1605 2977 καὶ
1651 2923 1818 2996 ἀόρα-

211 3035 329 3086 τον,
375 3018 470 3071 καὶ
515 3014 876 3088 ὰψηλάφητον
931 3014 978 3082 ’⁸,
1033 3016 1128 3069 καὶ
1178 3013 1422 3086 παθητὸν
1464 3015 1812 3087 γεγενῆσθαι.

211 3112 329 3166 Καὶ
363 3109 546 3164 ὑλικὸν
578 3108 635 3162 δὲ
661 3108 767 3162 οὐδ’
801 3108 979 3162 ὁτιοῦν
1008 3106 1288 3179 εἰληφέναι
1322 3105 1574 3177 λέγουσιν
1617 3107 1779 3161 αὐτόν
1800 3124 1815 3138 ο

215 3201 296 3276 μὴ
321 3200 434 3274 γὰρ
467 3196 605 3255 εἶναι
651 3201 753 3273 τὴν
799 3200 933 3272 ὕλην
976 3198 1229 3271 δεκτικὴν
1276 3202 1569 3271 σωτηρίας.
1618 3199 1729 3272 Τὴν
1760 3200 1817 3254 δὲ

212 3293 532 3349 συντέλειαν
589 3291 807 3346 ἔσεσθαι
829 3331 845 3357 ,
899 3292 1028 3347 ὅταν
1089 3289 1353 3363 μορφωθῇ
1406 3290 1502 3343 καὶ
1552 3289 1814 3363 τελειωθῇ

213 3385 423 3456 γνώσει
452 3386 562 3439 πᾶν
588 3384 649 3438 τὸ
677 3383 1073 3456 πνευματικὸν,
1105 3382 1389 3438 τουτέστιν
1421 3384 1472 3437 οἱ
1519 3401 1820 3456 πνευματι-

214 3480 306 3536 κοὶ
350 3478 650 3550 ἄνθρωποι,
690 3478 741 3530 οἱ
783 3476 884 3548 τὴν
930 3476 1144 3531 τελείαν
1188 3473 1393 3546 γνῶσιν
1435 3474 1652 3547 ἔχοντες
1689 3476 1820 3549 περὶ

212 3569 357 3626 Θεοῦ
396 3571 493 3624 καὶ
523 3570 624 3641 τῆς
662 3567 940 3641 Ἀχαμὼθ.
987 3566 1407 3640 Μεμυημένους,
1438 3566 1498 3621 δὲ
1541 3569 1820 3641 μυστήρια

217 3658 359 3718 εἶναι
396 3660 621 3725 τούτους
657 3659 677 3692 ⁵
710 3659 1079 3716 ὑποτίθενται.
1116 3659 1549 3732 Ἐπαιδεύθησαν
1590 3660 1699 3733 γὰρ
1750 3661 1821 3714 τὰ

216 3753 429 3826 eum
479 3752 530 3805 οἰ
579 3751 802 3824 ψυχικοὶ
849 3750 1148 3823 ἄνθρωποι,
1181 3751 1230 3805 οἰ
1279 3751 1347 3805 δι’
1377 3751 1557 3823 ἔργων
1590 3753 1687 3806 καὶ
1729 3754 1822 3807 πί-

218 3862 395 3909 στεως
423 3843 587 3916 ψιλῆς
614 3841 1016 3916 βεϐαιούμενοι,
1056 3841 1152 3894 καλ⁸
1201 3838 1278 3912 μὴ
1316 3839 1415 3912 τὴν
1446 3839 1661 3893 τελείαν
1681 3839 1823 3909 γνῶ·-

217 3955 312 3992 σιν
344 3935 581 4008 ἔχοντες.
626 3930 782 3988 Εἶναι
827 3933 885 3987 δὲ
928 3931 1154 3996 τούτους
1193 3931 1303 3985 ἀπὸ
1350 3931 1451 4007 τῆς
1498 3932 1824 4005 Ἐκκλησίας

214 4030 375 4102 ἡμᾶς
400 4027 621 4096 λέγουσι
639 4043 651 4055 ·
680 4024 759 4080 διὸ
792 4024 887 4079 καὶ
914 4025 1048 4096 ἡμῖν
1082 4023 1183 4096 μὲν
1220 4023 1515 4094 ἀναγκαῖον
1546 4019 1686 4078 εἶναι
1724 4023 1822 4095 τὴν

221 4119 438 4191 ἀγαθὴν
479 4119 678 4191 πρᾶξιν
721 4116 1147 4187 ἀποφαίνονταιο
1188 4116 1365 4182 ἄλλως
1403 4116 1513 4189 γὰρ
1562 4116 1822 4171 ἀδύνατον

225 4211 502 4283 σωθῆναιο
552 4211 748 4276 αὐτοὺς
792 4210 850 4264 δὲ
882 4209 960 4283 μὴ
1005 4208 1094 4263 διὰ
1132 4207 1408 4280 πράξεως.
1460 4206 1597 4261 ἀλλὰ
1641 4206 1729 4261 διὰ
1761 4207 1822 4260 τὸ

220 4304 391 4376 φύσει
413 4303 816 4377 πνευματικοὺς
845 4296 1006 4368 εῖναι,
1039 4300 1218 4373 πάντη
1244 4317 1303 4353 τε
1336 4299 1434 4353 καὶ
1460 4299 1682 4364 πάντως
1719 4317 1824 4353 σω-

220 4396 493 4471 θήσεσθαι
524 4394 959 4468 δογματίζουσιν.
999 4394 1086 4457 Ὧς
1110 4392 1220 4465 γὰρ
1255 4392 1316 4446 τὸ
1350 4391 1532 4464 χοῖκδν
1560 4391 1821 4447 ἀδύνατον

1919 1912 2009 1967 hic
2044 1927 2167 1968 cum
2204 1913 2424 1968 animali
2456 1915 2798 1986 copulatum,
2826 1930 2951 1969 eum
2984 1929 3160 1985 eoque
3202 1917 3259 1970 in
3298 1915 3518 1973 vivendi

1916 2003 2131 2060 ratione
2180 2004 2388 2076 pariter
2424 2006 2702 2060 eruditum
2748 2006 2877 2077 ﬁngi
2934 2004 3270 2075 formarique
3319 2007 3514 2077 possit.

1917 2096 2098 2168 Atque
2132 2096 2279 2151 hunc
2314 2096 2537 2153 demum
2586 2098 2760 2153 salem
2807 2098 2982 2163 illum,
3013 2112 3078 2151 ac
3120 2086 3308 2151 mundi
3342 2096 3516 2152 lucem

1918 2202 2043 2243 esse
2089 2186 2392 2242 dictitant:
2434 2187 2503 2243 de
2550 2186 2753 2257 quibus
2791 2186 3086 2257 Evangelia
3133 2186 3435 2256 loquuntur
3472 2189 3515 2253 ⁷,

1918 2278 2120 2336 etenim
2175 2278 2412 2337 animale
2460 2287 2687 2336 externa
2734 2295 2998 2336 sensuum
3040 2280 3331 2350 disciplina
3376 2294 3517 2350 opus

1917 2371 2128 2427 habuit.
2179 2372 2354 2439 Quam
2399 2374 2470 2429 ob
2515 2381 2738 2428 cauSam
2785 2380 2840 2428 et
2869 2372 3134 2427 mundum
3189 2372 3515 2427 fabricatum

1917 2481 2042 2522 esse
2081 2465 2420 2522 contendunt
2460 2485 2474 2522 :
2512 2473 2678 2537 atque
2707 2467 2777 2522 ad
2806 2467 3041 2521 animale
3071 2466 3238 2527 istud.
3265 2465 3514 2536 quando-

1919 2556 2142 2628 quidem
2172 2559 2424 2615 libertate
2461 2558 2752 2629 przeditum
2784 2565 2892 2626 est,
2931 2573 3040 2630 quo
3086 2558 3137 2614 ei
3171 2558 3401 2614 salutem
3434 2557 3519 2611 ali-

1918 2649 2107 2716 ferret,
2141 2650 2478 2708 Salvatorem
2509 2668 2633 2709 esse
2670 2652 2976 2724 delapsum.
3008 2651 3143 2705 Nam
3178 2667 3366 2707 eorum
3397 2665 3521 2721 qua:

1920 2757 2142 2799 servare
2186 2743 2529 2812 decreverat,
2578 2745 2825 2800 emnium
2867 2746 2924 2800 in
2973 2760 3094 2801 sese
3143 2745 3326 2801 ferunt
3364 2744 3519 2799 illum

1919 2832 2179 2891 habuisse
2225 2835 2545 2907 primitias:
2578 2843 2709 2906 puta
2757 2837 2825 2890 ab
2874 2835 3181 2891 Achatnoth
3220 2836 3519 2907 spiritum;

1920 2926 2215 2997 animalem
2241 2942 2270 2981 a
2302 2926 2598 2983 Conditore
2626 2918 2906 2983 Cliri'Stum
2942 2946 2956 2984 :
2989 2944 3056 2983 ac
3086 2928 3388 2984 lunctionis
3408 2943 3522 2984 suae

1919 3016 2370 3074 administrandae
2402 3020 2577 3090 gratia
2625 3036 2826 3091 corpus
2886 3020 3110 3074 animali
3153 3029 3349 3074 natura
3389 3034 3523 3076 con~

1921 3117 2076 3165 stans
2115 3109 2381 3178 induisse,
2427 3119 2480 3165 et
2517 3111 2735 3182 quidem
2782 3112 3091 3166 incredibili
3133 3112 3366 3181 quadam
3406 3119 3523 3166 arte

1919 3200 1998 3255 sic
2026 3200 2390 3266 elaboratum,
2427 3207 2487 3255 ut
2526 3200 2719 3267 videri,
2759 3202 3089 3257 contrectari
3132 3202 3355 3273 patique
3394 3216 3523 3271 pos-

1919 3298 2022 3347 set.
2076 3290 2259 3357 Quare
2295 3292 2431 3347 nihil
2475 3293 2651 3349 eidem
2699 3307 2822 3348 cum
2873 3293 3102 3347 materia
3154 3292 3325 3348 fuisse
3368 3306 3522 3347 com-

1917 3397 2130 3439 mune:
2168 3383 2369 3453 quippe
2425 3398 2553 3437 eum
2610 3383 2841 3437 materia
2896 3382 3300 3453 consequenda:
3347 3383 3515 3438 saluti

1917 3491 2265 3547 nequaquam
2295 3476 2489 3531 idonea
2514 3476 2606 3532 sit.
2628 3474 2902 3531 Praeterea
2922 3482 3041 3531 tum
3073 3492 3257 3532 rerum
3278 3477 3521 3532 omnium

1920 3571 2081 3626 linem
2129 3578 2293 3640 atque
2344 3569 2551 3625 exitum
2603 3566 2741 3633 fore,
2794 3583 2919 3624 cum
2963 3568 3231 3639 quidquid
3278 3568 3524 3639 spiritale

1920 3672 2025 3724 est.
2058 3661 2112 3716 id
2138 3669 2223 3717 est
2251 3661 2528 3732 spiritales
2559 3660 2833 3725 homines,
2856 3661 2950 3731 qui
2986 3661 3287 3732 perfectam
3318 3661 3385 3716 de
3411 3659 3522 3715 Deo

1921 3750 2208 3806 scientiam
2236 3748 2460 3816 habent,
2493 3756 2548 3805 et
2580 3749 2649 3804 ab
2673 3749 2981 3804 Achamoth
3013 3749 3290 3820 mysteriis
3323 3749 3523 3804 initiati

1922 3848 2071 3897 sunt.
2105 3838 2429 3911 Cujusmodi
2468 3854 2529 3894 se
2567 3854 2692 3895 esse
2736 3841 2887 3911 ipsos
2919 3847 3195 3896 asserunt.
3230 3840 3394 3910 189
3426 3838 3522 3892 Et-

1922 3932 2067 3989 enim
2101 3931 2367 3988 animales
2403 3931 2655 3987 homines
2693 3931 2917 3985 animali
2949 3932 3189 4002 quadam
3229 3930 3520 4002 disciplina

1923 4024 2203 4080 institutos
2227 4039 2374 4089 esse,
2404 4025 2497 4095 qui
2525 4023 2743 4097 quidem
2769 4024 3030 4094 operibus
3060 4038 3126 4077 ac
3151 4022 3389 4093 simplici
3418 4021 3523 4078 (ide

1924 4116 2309 4184 stabiliuntur,
2380 4131 2561 4186 neque
2621 4114 2921 4187 perfectam
2982 4114 3271 4171 scientiam
3339 4113 3519 4184 adepti

1924 4216 2074 4265 sunt.
2114 4207 2400 4278 Ejusmodi
2429 4223 2531 4264 nos
2560 4223 2702 4272 esse,
2732 4208 2825 4279 qui
2861 4208 2917 4262 in
2945 4207 3203 4263 Ecclesia:
3231 4221 3393 4277 grege
3416 4220 3523 4260 nu-

1926 4317 2233 4368 meramur;
2291 4300 2523 4371 ideoque
2580 4307 2729 4355 recte
2792 4299 2951 4355 factis
2998 4313 3138 4369 opus
3193 4314 3317 4354 esse
3358 4298 3523 4355 nobis

1925 4395 2248 4467 praedicant,
2275 4408 2450 4463 neque
2472 4393 2631 4448 aliter
2655 4408 2816 4464 posse
2845 4408 2947 4448 nos
2978 4392 3209 4448 salutem
3237 4391 3522 4457 obtinere;

222 4488 507 4561 σωτηρίας
546 4488 843 4558 μετασχεῖν
865 4502 879 4515 ·
930 4485 990 4538 οὐ
1030 4484 1139 4557 γὰρ
1176 4479 1316 4538 εἶναι
1370 4483 1621 4553 λέγουσιν
1669 4476 1819 4538 αύτοῖ

1929 4502 1988 4544 se
2018 4500 2149 4542 vero
2176 4499 2285 4539 non
2312 4484 2477 4539 ullius
2510 4483 2744 4538 actionis
2791 4482 3076 4546 beneﬁcio,
3127 4480 3222 4536 sed
3254 4480 3403 4552 quod
3433 4497 3525 4536 na-

220 4579 475 4635 δεκτικὸν
500 4578 699 4650 αὐτῆς·
731 4576 904 4640 οὕτως
940 4575 1103 4631 πάλιν
1139 4575 1200 4629 τὸ
1231 4575 1606 4647 πνευματικὸν
1639 4575 1826 4630 θέλου-

224 4688 315 4726 σιν
356 4672 407 4724 οἰ
453 4670 608 4725 αὐτοὶ
640 4670 661 4701 ⁸
688 4665 829 4723 εἶναι
872 4667 1134 4723 ἀδύνατον
1169 4667 1375 4740 φθορὰν
1408 4667 1826 4734 καταδέξασθαι,

223 4763 335 4819 κᾶν
388 4761 606 4825 ὁποίαις
663 4760 1174 4831 συγκαταγένωνται
1228 4761 1514 4831 πράξεσιν.
1569 4762 1666 4815 Ὃν
1716 4758 1827 4833 γὰρ

224 4855 434 4927 τρόπον
462 4854 662 4927 χρυσὸς
695 4853 754 4908 ὲν
785 4852 1031 4926 βορϐόρῳ
1059 4851 1378 4917 κατατεθεὶς
1403 4853 1506 4907 οὑκ
1529 4851 1828 4908 ἀποϐάλλει

236 4946 332 5020 τὴν
370 4945 634 5018 καλλὸνὴν
662 4942 852 5013 αὐτοῦ,
878 4944 1016 4999 ἀλλὰ
1041 4945 1139 5018 τὴν
1168 4944 1304 4999 ἰδίαν
1335 4944 1497 5016 φύσιν
1533 4947 1828 5017 διαφυλάτο

226 5054 353 5102 τει,
405 5034 500 5092 τοῦ
555 5035 817 5108 βορϐόρου
869 5034 1038 5107 μηδὲν
1080 5035 1339 5107 ἀδικῆσαι
1391 5036 1691 5108 δυναμένου
1735 5038 1828 5094 τὸν

227 5128 466 5204 χρυσόνο
497 5127 641 5183 οὕτω
678 5127 734 5182 δὲ
771 5128 864 5182 καὶ
901 5127 1098 5192 αὐτοὺς
1141 5127 1380 5198 λέγουσι,
1422 5127 1525 5183 κᾶν
1558 5129 1618 5185 ὲν
1648 5130 1831 5195 ποίαις

230 5223 451 5287 ὑλικαῖς
480 5220 714 5295 πράξεσι
741 5220 1170 5289 καταγένωνται,
1200 5220 1371 5293 μηδὲν
1414 5221 1614 5285 αὐτοὺς
1650 5238 1832 5294 παρα-

231 5313 599 5381 ϐλάπτεσθαι,
630 5313 766 5386 μηδὲ
790 5311 1116 5368 ἀποϐάλλειν
1151 5313 1250 5385 τὴν
1290 5311 1666 5384 πνευματικὴν
1691 5312 1830 5368 ὑπό-

238 5422 457 5463 στασιν.

1929 4584 2052 4632 tura
2089 4575 2364 4646 spiritales
2398 4575 2532 4640 sint,
2577 4574 2802 4629 omnino
2848 4572 3048 4628 salutis
3093 4583 3374 4640 compotes
3409 4570 3526 4628 fore

1929 4666 2232 4747 conﬁdunt.
2286 4663 2422 4719 Nam
2471 4663 2587 4729 uti,
2647 4663 2795 4735 quod
2837 4670 3116 4718 terrenum
3158 4669 3266 4725 est,
3316 4661 3524 4717 servari

1929 4758 2082 4814 nullo
2129 4754 2293 4812 modo
2336 4761 2536 4828 potest,
2572 4770 2751 4825 neque
2804 4762 3001 4810 natura
3042 4755 3109 4812 ad
3158 4754 3214 4809 id
3267 4754 3524 4811 idoneum

1929 4859 2047 4919 est;
2079 4851 2162 4908 sic
2189 4857 2381 4905 contra
2407 4848 2556 4920 quod
2585 4855 2669 4904 est
2688 4848 2955 4918 spiritale,
2979 4846 3290 4917 cujusmodi
3320 4862 3380 4903 se
3403 4860 3528 4903 esse

1928 4943 2139 5008 volunt,
2165 4948 2441 5012 utcunque
2471 4954 2594 4996 sese
2608 4939 2855 5010 gesserit,
2880 4939 3161 5009 corrumpi
3180 4952 3524 5008 nequaquam

1929 5049 2115 5107 posse.
2165 5033 2238 5086 At
2283 5031 2743 5103 quemadmodum
2785 5046 2979 5086 aurum
3019 5030 3074 5084 in
3126 5045 3344 5085 caenum
3376 5028 3528 5097 abje-

1932 5134 2080 5183 ctum
2126 5127 2585 5198 pulchritudinem
2624 5143 2736 5184 non
2784 5129 3009 5191 amittit,
3047 5127 3143 5182 sed
3183 5127 3321 5181 citra
3360 5126 3525 5180 ullam

1934 5219 2150 5276 decoris
2201 5220 2460 5291 injuriam
2510 5229 2764 5276 naturam
2815 5221 3054 5287 retinet;
3084 5220 3159 5273 ita
3203 5218 3528 5288 semetipsos

1939 5320 2217 5378 asserunt,
2247 5311 2461 5368 tametsi
2494 5312 2782 5383 quibusvis
2821 5311 2876 5364 in
2920 5309 3251 5374 actionibus,
3283 5307 3528 5378 adeoque

1938 5405 2212 5462 concretis
2237 5421 2363 5462 cum
2392 5405 2641 5470 materia,
2667 5413 2976 5471 versentur,
3002 5403 3211 5458 nullum
3241 5416 3310 5459 ex
3345 5415 3411 5457 eo
3438 5401 3534 5455 de-

236 5504 561 5559 trimentum
612 5514 840 5572 capere,
895 5513 1076 5569 neque
1116 5496 1420 5569 spiritalem
1472 5498 1838 5557 substantiam
1881 5514 2045 5572 posse
2073 5502 2321 5575 perdere.

304 5662 324 5694 ³
365 5659 508 5732 lren.
532 5657 635 5732 και
654 5656 856 5732 τοῦτονΔ
886 5653 1048 5732 εἶναι,
1076 5656 1268 5732 τὸν-ὲν
1293 5658 1477 5732 αὐτοῖς
1501 5658 1811 5732 ᾄνθρωπον,
1887 5660 1909 5690 ²
1931 5657 2075 5716 lren.
2103 5659 2477 5727 ἐπιδέξασθαι.
2556 5661 2576 5693 ³
2592 5657 2734 5715 lren.
2761 5659 2842 5732 τῷ
2862 5656 3159 5732 ψυχικῷβι,
3195 5671 3363 5732 _m0x.
3386 5724 3407 5732 _
3426 5653 3528 5732 ξιᾷ.

240 5720 265 5753 ’⁸
291 5732 437 5787 lren.
488 5729 704 5801 ὁρατὸν,

242 5803 418 5862 ὶοισιν
458 5797 633 5857 αὐτοί.
728 5798 748 5831 ⁷
780 5797 1058 5859 Matth.“
1094 5797 1185 5855 15.

764 5726 1201 5853 50⁸
1231 5728 1373 5786 lren.
1439 5730 1546 5784 ὑπὸ
1587 5724 1688 5801 τῆς
1765 5731 1964 5804 Ἀχαμ.
2015 5748 2221 5804 μεμυη.
2260 5724 2329 5787 τὰ
2371 5749 2501 5805 μυσ.
2559 5732 2793 5795 ἑαυτοὺς
2813 5724 2889 5787 ’δὲ
2912 5724 3061 5785 τούτζ
3140 5731 3160 5762 ⁶
3193 5728 3337 5784 lren.
3382 5724 3412 5781 ὃ
3440 5724 3530 5781 θέ-
