3982 6430
507 317 613 373 515

1879 316 1936 374 S.
1979 316 2322 374 EPiI‘llANII

3687 314 3788 393 sis

578 429 716 484 XXI.
758 426 1027 498 Quocirca
1066 430 1158 502 qui
1197 428 1340 486 inter
1377 429 1499 486 illos
1540 430 1924 501 perfectissimi
1963 450 2092 488 cen-

2267 435 2398 488 KA'.
2435 431 2526 484 Διδ
2570 430 2635 502 δὴ
2669 431 2764 484 κπιί⁵
2809 429 2877 482 τὰ
2927 429 3279 502 ἀπειρημένα
3318 429 3500 484 πάντα
3546 429 3718 495 ἀδεῶς
3745 433 3794 486 υἱ

505 530 736 586 sentur,
785 522 976 576 illicita
1027 523 1244 586 omnia,
1295 523 1615 592 legibusque
1657 525 1822 578 vetita
1871 527 2098 581 licenter

506 621 853 684 perpetrant,
887 614 956 669 de
993 614 1191 683 quibus
1219 613 1434 669 Littera:
1467 629 1638 669 saera:
1666 625 1968 679 testantur;
1999 634 2095 686 qui

507 704 776 774 ejusmodi
808 705 1173 771 committant,
1206 705 1276 758 ab
1306 705 1624 761 haereditate
1664 709 1816 778 regni
1852 711 2095 765 caelestis

505 799 756 852 excidere
780 799 818 852 ¹.
854 796 1021 867 Igitur
1047 807 1098 852 et
1135 813 1255 868 quae
1295 799 1455 856 idolis
1481 801 1756 856 immolata
1791 812 1916 857 sunt
1950 805 2096 858 nullo

507 891 826 945 discrimine
843 891 1157 954 comedunt,
1178 891 1422 960 nihilque
1435 908 1499 946 ex
1513 908 1576 945 ea
1594 909 1652 947 re
1669 895 2011 963 contagionis
2030 894 2096 948 ad

507 996 628 1036 sese
656 979 888 1034 derivari
926 988 1148 1048 putant;
1189 988 1242 1033 et
1273 980 1338 1034 ad
1371 983 1554 1035 omnia
1592 983 1872 1051 gentilium
1919 984 2057 1051 festa
2079 1023 2093 1047 ,

505 1089 626 1142 qua:
659 1073 724 1126 ad
757 1072 1026 1128 idolorum
1060 1072 1268 1126 cultum
1300 1075 1551 1128 instituta
1585 1083 1747 1140 sunt,
1792 1075 1951 1145 primi
1979 1091 2097 1128 om-

507 1167 655 1221 nium
683 1175 981 1220 accurrunt
1020 1182 1033 1216 :
1070 1176 1316 1236 utnequc
1347 1166 1417 1220 ab
1447 1183 1658 1231 eorum,
1695 1168 1788 1237 qui
1830 1184 1953 1222 cum
2003 1168 2098 1221 be-

507 1259 626 1315 stiis
644 1259 976 1329 depugnant,
1011 1266 1104 1313 aut
1135 1258 1495 1328 gladiatorum
1525 1260 1686 1314 fmdis
1719 1261 1848 1324 illis,
1891 1275 1954 1314 ac
1989 1259 2096 1314 Deo

507 1349 714 1421 pariter
766 1359 931 1419 atque
963 1349 1275 1405 hominibus
1304 1350 1660 1406 exsecrandis
1696 1351 2089 1420 parricidiique

503 1445 681 1515 plenis
712 1444 1042 1515 spectaculis
1093 1443 1316 1514 quidam
1359 1443 1574 1496 illorum
1606 1443 1938 1497 abstineant.
1989 1442 2096 1496 Alii

506 1537 637 1592 dum
668 1539 723 1591 in
756 1536 1132 1604 voluptatibus
1163 1535 1412 1605 corporis
1441 1550 1504 1588 ac
1534 1535 1852 1589 libidinibus
1877 1535 2097 1590 assidue

505 1632 858 1694 volutantur,
895 1629 1138 1682 carnalia
1170 1643 1230 1683 se
1260 1628 1602 1694 carnalibus,
1645 1643 1709 1681 ac
1753 1629 2096 1698 spiritalibus

504 1721 777 1791 spiritalia
829 1718 1092 1783 reddere,
1132 1718 1478 1786 profitentur.
1535 1717 1905 1782 Quamobrem
1959 1734 2094 1773 non-

2199 526 2530 580 τελειότατοι
2579 524 2916 595 πράττουσιν
2967 523 3170 588 αὐτῶν,
3219 524 3350 596 περὶ
3384 519 3461 580 ὧν
3488 525 3546 578 αἰ
3581 524 3796 596 Γραφαὶ

2198 613 2660 677 διαϐεϐαιοῦνται,
2689 612 2818 676 τοὺς
2852 613 3143 677 ποιοῦντας
3177 614 3314 668 αὐτὰ
3349 614 3632 685 βασιλείαν
3661 615 3794 669 Θεοῦ

2201 702 2277 772 μή
2307 702 2764 773 κληρονομήσειν.
2809 703 2920 756 Καὶ
2950 690 3061 773 γὰρ
3088 703 3434 770 ⁸εἰδωλόθυτα
3469 706 3751 776 διαφόρως
3778 709 3796 738 ¹

2199 796 2461 857 ἐσθίουσι,
2499 796 2632 867 μηδὲ
2659 795 2983 866 μολύνεσθαι
3016 797 3113 850 ὑπ’
3147 798 3329 852 αὐτῶν
3358 799 3680 870 ἡγούμενοι·
3705 801 3799 853 καὶ

2199 890 2291 942 ἐπὶ
2325 892 2504 942 πᾶσαν
2541 890 2869 961 ἑορτάσιμον
2909 890 3021 945 τῶν
3049 890 3232 944 ιὲθνῶν
3275 892 3468 962 τέρψιν
3509 895 3592 956 εἰς
3628 893 3794 964 τιμήν

2199 982 2307 1035 τῶν
2331 981 2565 1034 εἰδώλων
2589 982 2882 1052 γινομένην
2903 982 3111 1053 πρῶτοι
3135 984 3400 1048 συνίασιν,
3430 984 3510 1047 ὡς
3540 984 3679 1055 μηδὲ
3705 985 3799 1054 τῆς

2200 1074 2350 1144 παρά
2381 1073 2500 1143 Θεῷ
2535 1073 2628 1126 καὶ
2663 1073 2974 1142 ἀνθρώποις
3020 1075 3406 1145 μεμισημένης
3437 1075 3537 1145 τῆς
3566 1076 3676 1128 τῶν
3710 1075 3798 1146 οη-

2202 1166 2481 1236 ριομάχων
2507 1166 2600 1218 καὶ
2625 1166 2964 1236 μονομαχίας
2985 1166 3314 1237 ἀνδροφόνου
3341 1167 3468 1230 θέας
3496 1167 3796 1238 ἀπέχεσθαι

2199 1258 2375 1320 ἐνίους
2406 1257 2608 1310 αὐτῶν.
2645 1258 2708 1309 Oi
2738 1257 2793 1310 δὲ
2826 1259 2919 1312 καί
2947 1260 3070 1321 ταῖς
3100 1259 3199 1329 τῆς
3228 1259 3431 1329 σαρκὸς
3453 1258 3674 1327 ήδοναῖς
3697 1275 3793 1310 κα-

2198 1350 2443 1421 τακόρως
2472 1349 2818 1414 δουλεύοντες
2846 1350 2913 1403 τὰ
2952 1351 3194 1422 σαρκικὰ
3221 1354 3334 1414 τοῖς
3365 1352 3678 1422 σαρκικοῖς,
3706 1353 3793 1404 καί

2197 1442 2267 1495 τὰ
2314 1443 2664 1513 πνευματικά
2720 1443 2832 1505 τοῖς
2875 1447 3268 1513 πνευματικοῖς
3311 1442 3667 1497 ἀποδίδοσθαι
3713 1443 3792 1496 λέ-

2197 1550 2375 1602 γουσι.
2407 1534 2516 1586 Καὶ
2551 1535 2598 1586 οἰ
2638 1533 2735 1603 μὲν
2768 1532 2948 1585 αὐτῶν
2973 1532 3149 1604 λάθρα
3176 1533 3274 1598 τάς
3291 1535 3685 1606 διδασκομένας
3707 1537 3790 1592 ὑπ’

2199 1625 2378 1681 αὐτῶν
2421 1627 2519 1697 τὴν
2558 1626 2781 1696 διδαχὴν
2825 1627 3029 1698 ταύτην
3061 1632 3326 1697 γυναῖκας
3363 1630 3789 1702 διαφθείρουσιν,

2198 1718 2274 1776 ὼς
2303 1717 2566 1780 πολλάκις
2594 1719 2685 1770 ὑπ’
2720 1717 2875 1770 ἐνίων
2914 1720 3094 1773 αὐτῶν
3123 1720 3572 1792 ἐξαπατηθεῖσαι.
3610 1724 3792 1777 ἔπειτα

507 1815 642 1870 nulli
677 1815 816 1869 clam
846 1821 1034 1883 stupra
1079 1827 1205 1866 cum
1237 1812 1578 1867 mulierculis
1607 1811 1912 1881 disciplina:
1937 1811 2099 1881 hujus

2206 1803 2606 1874 ὲπιστρέψασαι
2643 1808 2903 1872 γυναῖκες
2927 1808 3008 1870 εἰς
3030 1807 3129 1877 τὴν
3175 1809 3506 1880 Ἐκκλησίαν
3536 1812 3632 1865 τοῦ
3664 1812 3790 1866 Θεοῦ

507 1920 622 1962 διιεῖ
659 1905 895 1960 alumnis
933 1913 1227 1969 exercent,
1277 1904 1331 1958 id
1366 1904 1509 1974 quod
1553 1905 1827 1973 pleneque
1869 1904 1997 1959 olim
2031 1906 2098 1958 ab

507 1999 616 2054 illis
641 1998 904 2068 deceptae,
937 2013 999 2051 ac
1021 2006 1301 2068 postremo
1321 1997 1386 2051 ad
1416 1997 1720 2052 Eeelesiam
1750 1997 1840 2051 Dei
1867 2011 2099 2052 reversa:

506 2091 650 2144 inter
686 2090 821 2144 alios
855 2104 1073 2145 errores
1109 2105 1354 2160 persaepe
1383 2090 1650 2144 confessa:
1689 2096 1837 2145 sunt.
1872 2088 2013 2143 Sunt
2046 2099 2101 2143 et

504 2183 598 2252 qui
635 2183 845 2252 pudore
882 2181 1032 2235 omni
1072 2182 1273 2253 posito,
1309 2197 1667 2252 quascunque
1707 2181 1971 2234 mulieres
2003 2179 2096 2234 ad-

503 2275 758 2337 auiarint,
793 2275 965 2344 palam
1001 2289 1030 2326 a
1051 2275 1202 2328 .viris
1232 2275 1500 2328 abductas
1530 2288 1631 2345 pro
1663 2272 1922 2343 legitimis
1963 2286 2098 2325 uxo-

507 2367 664 2420 ribus
701 2367 924 2420 habent.
985 2365 1091 2420 Sed
1141 2366 1268 2430 alii,
1311 2356 1402 2436 qui
1442 2382 1501 2421 se
1534 2365 1806 2436 principio
1847 2377 2099 2418 sororum

507 2457 630 2512 illas
651 2458 814 2528 190
844 2459 965 2512 loco
997 2457 1283 2512 honestius
1307 2457 1510 2512 habere
1545 2457 1938 2511 simulaverant
1968 2470 2099 2526 pau-

507 2550 657 2605 latim
692 2551 890 2604 detecti
930 2559 1078 2613 sunt,
1112 2565 1175 2604 ac
1207 2565 1501 2620 praegnans
1551 2549 1787 2617 denique
1829 2562 1989 2602 soror
2030 2563 2099 2602 ex

506 2642 874 2698 contubernio
905 2641 1092 2695 fratris
1125 2642 1366 2696 inventa.
1404 2641 1516 2694 Dici
1552 2656 1661 2694 non
1707 2646 1888 2709 potest
1934 2654 2100 2709 quam

507 2731 675 2801 impia
717 2745 781 2785 ac
808 2729 1130 2786 detestanda
1160 2730 1264 2783 alia
1315 2730 1515 2800 ﬂagitia
1565 2731 1947 2794 committant;
1981 2743 2103 2798 qute

505 2824 637 2879 dum
675 2823 904 2886 faciunt,
948 2838 1050 2878 nos
1090 2823 1338 2887 scilicet,
1388 2823 1480 2892 qui
1520 2837 1631 2892 pra:
1669 2821 1762 2876 Dei
1798 2822 1995 2876 timore
2037 2837 2104 2876 ne

505 2919 836 2989 eOgilatione
870 2917 954 2971 vel
1007 2931 1260 2971 sermone
1302 2916 1522 2985 quidem
1575 2917 1758 2972 scelus
1798 2916 1966 2969 ullum
2003 2915 2102 2969 ad-

507 3011 724 3064 mittere
750 3008 1034 3064 studemus
1055 3050 1068 3074 ,
1101 3015 1362 3078 tanquam
1396 3007 1596 3063 idiotas
1627 3017 1791 3078 atque
1824 3008 2105 3077 imperitos

508 3102 776 3167 derident,
821 3115 880 3156 se
920 3115 1049 3155 vero
1086 3099 1318 3154 mirifice
1349 3099 1686 3170 praedicant,
1731 3115 1794 3155 ac
1825 3100 2105 3169 perfectos

506 3191 788 3256 homines,
823 3190 1162 3259 electamque
1191 3189 1419 3260 stirpem
1465 3189 1775 3246 nominant.
1809 3188 1921 3243 Nos
1947 3190 2096 3243 enim

505 3286 654 3341 velut
707 3291 899 3339 mutuo
951 3283 1184 3353 gratiam
1246 3281 1314 3336 ad
1372 3297 1532 3338 usum
1585 3282 1867 3353 accipere,
1924 3295 2101 3351 eaque

505 3384 792 3447 propterea
831 3373 1150 3445 spoliandas
1185 3372 1494 3440 allirmant;
1538 3374 1641 3429 sibi
1676 3374 1826 3428 velut
1857 3374 2100 3443 peculia-

2203 1893 2300 1945 σὺν
2332 1895 2400 1962 τῇ
2440 1893 2602 1964 λοιπῇ
2635 1895 2838 1966 πλάνῃ,
2877 1896 2974 1948 καὶ
3007 1896 3167 1950 τοῦτο
3196 1897 3700 1972 ἐξωμολογήσαντο.
3735 1905 3791 1957 Ol

2200 1985 2258 2038 δὲ
2291 1985 2386 2038 καὶ
2424 1985 2565 2038 κατά
2595 1986 2655 2039 τδ
2678 1987 2914 2059 φανερὸν
2945 1989 3452 2060 ἀπερυθριάσαντες
3480 1987 3558 2046 ὦν
3588 1996 3656 2048 ἀν
3681 1997 3794 2066 ἐρα·

2203 2075 2373 2128 σθῶσι
2407 2078 2705 2146 γυναικῶν,
2742 2079 2948 2144 ταύτας
2980 2082 3076 2134 ἀπ’
3111 2082 3322 2154 ἀνδρῶν
3353 2085 3791 2152 ἀποσπάσαντες,

2206 2168 2344 2232 ἰδίας
2368 2169 2616 2240 γαμετὰς
2643 2173 2940 2242 ἡγήσαντο.
2974 2173 3158 2226 Ἀλλοι
3187 2173 3244 2227 δὲ
3279 2171 3344 2228 αὖ
3377 2176 3562 2244 πάλιν,
3590 2178 3795 2249 σεμνῶς

2203 2263 2325 2316 κατ’
2357 2263 2532 2334 ἀρχὰς
2566 2263 2642 2326 ὡς
2673 2265 2811 2334 μετὰ
2841 2266 3087 2335 ἀδελφῶν
3122 2269 3587 2340 προσποιούμενοι
3620 2289 3793 2325 συνοι-

2204 2357 2343 2418 κεῖν,
2391 2356 2672 2426 προῐόντος
2703 2357 2798 2409 τοῦ
2842 2357 3036 2429 χρόνου
3084 2358 3449 2432 ἠλέγχθησάν,
3497 2362 3793 2433 ἐγκύμονος

2204 2451 2304 2520 τῆς
2335 2449 2574 2521 ἀδελφῆς
2607 2451 2711 2504 ὑπὸ
2737 2450 2832 2503 τοῦ
2871 2451 3102 2521 ἀδελφοῦ
3134 2453 3480 2526 γενηθείσης.
3519 2457 3630 2509 Καὶ
3665 2457 3794 2511 ἀλλα

2203 2540 2258 2593 δὲ
2297 2541 2468 2595 πολλά
2503 2542 2722 2614 μυσαρὰ
2765 2544 2860 2596 καὶ
2901 2543 3037 2597 ἄθεα
3087 2547 3446 2616 πράσσοντες,
3499 2550 3659 2620 ήμῶν
3703 2551 3795 2620 μὲν

2203 2632 2290 2685 διὰ
2336 2633 2430 2686 τὸν
2477 2635 2640 2703 φόϐον
2676 2635 2771 2688 τοῦ
2818 2637 2953 2688 Θεοῦ
3000 2636 3429 2709 φυλασσομένων
3464 2639 3561 2694 καὶ
3607 2643 3794 2714 μέχρις

2206 2725 2419 2788 ἐννοίας
2450 2726 2544 2778 καὶ
2568 2727 2726 2793 λόγου
2759 2727 3026 2798 ἁμαρτεῖν
3056 2731 3512 2802 κατατρέχουσιν,
3547 2733 3625 2797 ὡς
3659 2736 3794 2789 ἰδιω-

2206 2817 2348 2882 τῶν,
2401 2819 2494 2870 καὶ
2547 2819 2716 2888 μηδὲν
2770 2820 3189 2891 ἐπισταμένων,
3245 2823 3474 2888 ἑαυτοὺς
3527 2826 3582 2879 δὲ
3637 2829 3796 2899 ὑπερ-

2209 2911 2428 2980 υψοῦσι,
2461 2911 2699 2975 τελείους
2725 2911 3154 2979 ἀποκαλοῦντες,
3198 2916 3294 2968 καί⁵
3327 2916 3626 2988 σπέρματα
3655 2919 3794 2972 ἐκλο-

2207 3005 2331 3075 γῆς.
2380 3004 2560 3074 Ἣμᾶς
2596 3004 2694 3073 μὲν
2724 3003 2836 3076 γὰρ
2871 3007 2928 3057 ἐν
2961 3008 3155 3077 χρήσει
3184 3007 3284 3078 τὴν
3308 3009 3471 3078 χάριν
3509 3009 3795 3081 λαμϐάνειν

2209 3093 2446 3161 λέγουσι·
2498 3093 2580 3147 διὸ
2623 3095 2718 3146 καὶ
2758 3095 3230 3167 ἀφαιρεθήσεσθαι
3283 3096 3478 3166 αὐτῆς·
3518 3099 3714 3164 αὐτοὺς
3744 3101 3795 3153 δὲ

2213 3185 2513 3256 ίδιόκτητον
2540 3185 2747 3240 ἀνωθεν
2780 3187 2890 3240 ἀπὸ
2919 3188 3018 3258 τῆς
3041 3189 3284 3260 ἀρρήτου
3317 3190 3410 3242 καὶ
3432 3190 3796 3262 ἀνονομάστου

2209 3278 2472 3347 συζυγίας
2505 3278 3047 3349 συγκατεληλυθυῖαν
3077 3279 3222 3350 ἔχειν
3255 3280 3354 3353 τήν
3381 3282 3566 3354 χάριν·
3599 3283 3693 3336 καί
3717 3283 3797 3337 διὰ

2206 3371 2368 3425 τοῦτο
2399 3370 2877 3443 προστεθήσεσθαι
2900 3373 3106 3436 αὐτοῖς.

505 3487 623 3527 rem
658 3471 925 3525 accidisse
968 3469 1405 3540 possessionem,
1438 3485 1560 3539 quae
1625 3469 1694 3525 de
1751 3469 1961 3526 ctelesti
1999 3469 2278 3539 conjugio,
2314 3466 2461 3548 quod
2496 3483 2673 3537 neque
2736 3468 2921 3522 verbis
2977 3467 3244 3537 exprimi,
3309 3484 3490 3537 neque
3534 3469 3796 3525 nominari

506 3574 708 3638 potest,
740 3580 848 3618 una
879 3565 933 3618 in
963 3581 1022 3620 se
1036 3563 1413 3631 descenderit;
1447 3565 1569 3621 ideo
1603 3581 1799 3620 novam
1832 3565 1998 3620 etiam
2031 3566 2099 3620 ad
2137 3581 2255 3622 eam
2301 3580 2468 3635 quam
2495 3564 2703 3619 habent
2731 3564 3108 3618 accessionem
3146 3562 3409 3617 futuram.

579 3659 852 3714 Interesse
884 3660 1048 3730 igitur
1079 3673 1178 3714 sua
1206 3659 1526 3728 plurimum,
1561 3669 1622 3714 ut
1650 3674 1978 3729 quacunque
2020 3675 2103 3715 ra-

507 3749 659 3805 tione
693 3750 927 3819 possun't
961 3749 1203 3819 conjugii
1233 3751 1556 3820 mysterium
1601 3751 1734 3806 illud
1773 3758 2097 3815 exerceant,

507 3843 673 3912 idque
703 3841 882 3912 ipsum
909 3841 1124 3898 stolidis
1147 3841 1468 3897 hominibus
1501 3841 1587 3897 bis
1623 3841 1735 3898 fere
1765 3842 1949 3897 verbis
1978 3858 2102 3912 per-

508 3934 760 3990 suadent.
791 3933 1117 4003 Quicunque
1150 3948 1276 3987 cum
1310 3933 1364 3987 in
1408 3932 1616 3988 mundo
1638 3943 1785 3990 esset
1814 3934 2098 3989 mulierem

509 4044 620 4085 non
653 4027 938 4092 amaverit,
972 4033 1034 4081 ut
1071 4041 1190 4082 eam
1221 4027 1289 4081 ad
1321 4041 1564 4084 amorem
1597 4042 1756 4082 suum
1789 4027 2098 4097 pelliceret,

508 4134 542 4176 a
572 4121 804 4175 veritate
841 4119 1055 4174 alienus
1093 4128 1198 4184 est,
1233 4135 1336 4175 nec
1376 4120 1443 4174 ad
1492 4135 1614 4175 eam
1657 4122 1962 4193 perveniet.
1995 4119 2104 4176 Sed

506 4212 760 4284 quisquis
793 4219 951 4266 ortus
991 4225 1021 4266 e
1075 4211 1282 4266 mundo
1327 4212 1583 4267 muliebri
1629 4228 1736 4268 non
1788 4221 1872 4268 est
1916 4227 2105 4268 amore

509 4311 827 4374 correptus,
865 4319 933 4358 ne
974 4303 1090 4373 ipse
1121 4303 1342 4373 quidem
1387 4303 1454 4358 ad
1489 4305 1772 4359 veritatem
1802 4305 2102 4374 perveniet,

508 4396 655 4467 quod
685 4413 796 4450 non
823 4396 1070 4451 mulieris
1094 4397 1398 4466 cupiditate
1431 4395 1764 4466 ﬂagraverit.
1790 4396 1900 4453 Nos
1920 4399 2105 4468 itaque

2279 3660 2372 3712 Διὸ
2408 3659 2502 3712 καὶ
2533 3659 2597 3710 ὲκ
2628 3657 2830 3720 παντὸς
2871 3659 3075 3730 τρόπου
3123 3657 3233 3710 δεῖν
3273 3657 3474 3720 αὐτοὺς
3501 3657 3585 3710 ἀεὶ
3617 3657 3678 3708 τὸ
3704 3657 3799 3726 τῆς

2211 3751 2474 3820 συζυγίας
2499 3750 2731 3821 μελετᾷν
2759 3751 3074 3821 μυστήριον·
3107 3751 3202 3802 καὶ
3227 3748 3386 3802 τοῦτο
3413 3749 3660 3802 πείθουσι
3681 3749 3798 3810 τοὺς

2207 3844 2470 3914 ἀνοήτους
2504 3843 2697 3906 αὐταῖς
2739 3840 2919 3906 λέξεσι
2969 3840 3221 3908 λέγοντες
3266 3839 3462 3904 οὕτως·
3511 3843 3611 3904 Ὃς
3652 3840 3719 3893 ἂν
3750 3841 3800 3891 ἐν

2210 3935 2401 4006 κόσμῳ
2433 3933 2726 4005 γενόμενος
2759 3935 2994 4004 γυναῖκα
3023 3933 3122 3986 οὐκ
3155 3933 3434 4003 ἐφίλησεν,
3461 3933 3606 3986 ὥστε
3637 3933 3799 4002 αὐτὴν

2211 4026 2571 4099 κρατηθῆναι,
2607 4026 2707 4080 οὐκ
2747 4025 2893 4079 ἔστιν
2935 4026 2991 4092 ἐξ
3023 4025 3306 4095 ἀληθείας,
3344 4025 3439 4079 καὶ
3472 4027 3534 4080 οὐ
3566 4028 3799 4097 χωρήσει

2206 4120 2286 4182 εἰς
2312 4116 2593 4187 ἀλήθειαν.
2638 4117 2697 4169 'O
2729 4116 2786 4170 δὲ
2814 4117 2924 4170 ἀπὸ
2953 4117 3160 4187 κόσμου
3179 4118 3474 4188 γενόμενος
3497 4117 3541 4180 ³,
3573 4117 3651 4189 μὴ
3685 4135 3799 4189 κρα-

2205 4212 2392 4284 τηθεὶς
2423 4211 2666 4280 γυναικὶ,
2699 4210 2760 4263 ού
2791 4212 3033 4281 χωρήσει
3075 4211 3155 4273 εἰς
3186 4209 3468 4281 ἀλήθειαν,
3512 4210 3605 4264 διὰ
3639 4213 3704 4265 τὸ
3734 4214 3798 4280 μὴ

2208 4303 2266 4358 ὲν
2313 4302 2581 4373 ἐπιθυμία
2628 4303 2969 4373 κρατηθῆναι
3023 4305 3302 4372 γυναικός.
3354 4305 3452 4357 Διά
3502 4305 3664 4360 τοῦτο
3717 4305 3799 4361 οὖν

2205 4396 2361 4466 ἡμᾶς
2401 4397 2602 4458 καλοὺς
2645 4395 2913 4465 ψυχικοῦς
2937 4396 2957 4427 ⁸
2989 4397 3338 4466 ὀνομάζουσι,
3379 4398 3472 4449 καὶ
3501 4399 3567 4450 ἐκ
3600 4400 3797 4472 κόσμου

511 4503 649 4560 quos
679 4485 946 4540 animales
990 4485 1319 4552 nominant,
1361 4500 1597 4555 esseque
1639 4490 1706 4540 de
1743 4487 1951 4542 mundo
1993 4500 2099 4542 sta-

2209 4485 2350 4543 εἷναι
2395 4488 2632 4558 λέγουσι,
2669 4489 2764 4542 καὶ
2815 4489 3122 4557 ἀναγκαίαν
3167 4493 3302 4561 ἡμῖν
3346 4491 3443 4562 τήν
3475 4471 3798 4564 ἐγκράτειαν

510 4583 707 4639 tuunt,
745 4573 1146 4642 temperantia,
1201 4580 1256 4626 et
1308 4572 1554 4628 honestis
1607 4575 1916 4632 actionibus
1963 4577 2107 4630 indi-

511 4681 638 4738 gere
663 4707 677 4731 ,
724 4665 928 4735 quibus
975 4663 1304 4719 mediocrem
1340 4664 1408 4718 ad
1453 4665 1734 4734 regionem
1773 4666 2101 4737 efferamur,

511 4773 637 4813 cum
669 4757 910 4828 ipsimet,
945 4764 1134 4826 utpote
1162 4756 1437 4824 spiritales
1474 4771 1536 4810 ac
1563 4756 1810 4826 perfecti,
1847 4759 1980 4812 nihil
2013 4760 2104 4815 ho-

509 4868 631 4906 rum
687 4849 994 4919 requirant.
1057 4847 1174 4903 Non
1227 4848 1373 4902 enim
1427 4849 1696 4905 actionem
1745 4849 1812 4904 ad
1859 4853 2099 4920 pleroma

510 4943 838 5018 provehere,
875 4942 970 4997 sed
998 4957 1184 4998 semen
1219 4942 1394 5012 ipsum
1424 4981 1439 5003 ,
1475 4944 1620 5014 quod
1657 4944 1809 4999 illinc
1848 4956 2098 5001 tenerum

509 5055 572 5094 ac
600 5039 746 5094 velut
788 5037 972 5092 infans
1005 5037 1330 5105 demissum,
1360 5038 1446 5093 hic
1469 5039 1614 5110 apud
1648 5055 1748 5095 nos
1784 5041 2099 5096 absolutum

510 5131 782 5186 redditur.
827 5130 1006 5202 Atque
1033 5130 1127 5184 tibi
1159 5147 1345 5186 semen
1389 5146 1549 5186 omne
1582 5132 1884 5201 perfectum
1912 5133 2097 5201 fuerit,

509 5227 626 5274 tum
659 5221 904 5292 ipsorum
943 5219 1170 5275 Matrem
1201 5221 1508 5277 Achamoth
1543 5239 1606 5277 ex
1639 5224 1816 5278 media
1849 5225 1939 5278 illa
1971 5225 2100 5279 sede

511 5313 833 5376 transferri,
882 5323 936 5368 et
975 5313 1118 5366 intra
1158 5313 1400 5383 pleroma
1448 5315 1615 5383 recipi
1667 5323 1922 5384 oportere
1954 5333 1966 5370 :
1999 5327 2101 5370 nec.

514 5417 622 5457 non
640 5413 694 5458 et
711 5421 976 5475 sponsum
994 5422 1155 5462 suum
1175 5421 1532 5478 recuperare,
1558 5407 1897 5465 Salvatorem
1925 5411 2099 5474 illum,

512 5498 642 5566 quia
669 5497 738 5550 ab
765 5497 1036 5554 universis
1063 5501 1117 5554 in
1146 5501 1321 5555 lucem
1347 5509 1431 5557 est
1454 5503 1668 5557 editus:
1689 5509 1748 5555 ut
1779 5499 2098 5570 Salvatoris,

512 5600 561 5644 et
603 5587 898 5657 Sapientia:
933 5590 1238 5646 Achamoth
1279 5593 1597 5665 eonjugium
1632 5594 1974 5650 instituatur.
2009 5595 2100 5650 ld-

2208 4583 2304 4635 καὶ
2331 4580 2539 4652 ἀγαθὴν
2564 4581 2784 4652 πρᾶξιν,
2821 4582 2908 4634 ἵνα
2935 4583 3003 4635 δι’
3025 4582 3198 4652 αὐτῆς
3226 4581 3467 4654 ἔλθωμεν
3488 4587 3569 4648 εἰς
3594 4585 3685 4639 τὸν
3701 4587 3794 4656 τῆς

2211 4675 2510 4748 μεσότητος
2554 4675 2739 4742 τόπον,
2782 4677 2966 4740 αὐτοῖς
2995 4677 3050 4730 δὲ
3084 4679 3478 4747 πνευματικοῖς
3503 4695 3564 4731 τε
3597 4680 3693 4732 καὶ
3716 4697 3796 4732 τε·

2206 4769 2371 4830 λείοις
2403 4767 2760 4838 καλουμένοις
2782 4769 3066 4841 μηδαμῶς.
3091 4770 3164 4822 Ού
3197 4769 3306 4841 γὰρ
3334 4768 3532 4842 πρᾶξις
3561 4773 3642 4834 είς
3672 4771 3797 4842 πλή-

2210 4877 2366 4932 ρωμα
2421 4860 2653 4928 εἰσάγει,
2705 4861 2843 4914 ἀλλὰ
2891 4861 2952 4914 τὸ
3001 4861 3224 4932 σπέρμα
3269 4862 3329 4914 τὸ
3371 4862 3579 4923 ἐκεῖθεν
3610 4865 3794 4934 νήπιον

2204 4949 2655 5022 ἐκπεμπόμενον,
2703 4952 2890 5006 ἐνθάδε
2933 4953 3333 5025 τελειούμενον.
3383 4956 3553 5008 Ὅταν
3597 4955 3656 5009 δὲ
3697 4959 3792 5008 xiv

2203 5042 2264 5094 τὸ
2301 5044 2521 5114 σπέρμα
2549 5045 2836 5117 τελειωθῇ,
2881 5046 2978 5117 τὴν
3024 5046 3123 5117 μὲν
3169 5045 3422 5116 Ἀχαμὼθ
3448 5047 3544 5119 τὴν
3572 5049 3790 5118 Μητέρα

2203 5132 2384 5186 αὐτῶν
2417 5134 2720 5204 μεταϐῆναι
2753 5126 2848 5187 τοῦ
2891 5136 2990 5206 τῆς
3028 5139 3327 5209 μεσότητος
3365 5141 3528 5192 τόπου
3561 5139 3787 5208 λέγουσι,

2209 5228 2304 5280 καὶ
2334 5226 2486 5290 ἐντὸς
2523 5228 2890 5300 πληρώματος
2921 5229 3206 5305 εἰσελθεῖν,
3245 5233 3338 5284 καὶ
3375 5232 3673 5286 ἀπολαϐεῖν
3712 5235 3789 5285 τὸν

2201 5319 2435 5390 νυμφίον
2461 5319 2635 5390 αὐτῆς
2658 5320 2750 5372 τὸν
2775 5321 3027 5393 Σωτῆρα,
3057 5322 3149 5374 τὸν
3169 5323 3233 5376 ὲκ
3259 5324 3480 5377 πάντων
3513 5324 3783 5392 γεγονότα⁸

2203 5410 2291 5463 ἵνα
2321 5410 2552 5478 συζυγία
2580 5413 2912 5483 γένηταιτοῦ
2937 5415 3192 5486 Σωτῆρος
3219 5417 3313 5469 καὶ
3345 5415 3444 5484 τῆς
3468 5415 3670 5486 Σοφίας
3702 5416 3787 5485 τῆς

2216 5503 2490 5577 Ἀχαμὼθ.
2518 5507 2631 5562 Καὶ
2650 5508 2810 5561 τοῦτο
2840 5505 2979 5564 εἶναι
3011 5510 3246 5581 νυμφίον
3267 5511 3365 5566 καὶ
3391 5510 3633 5583 νύμφην,
3664 5528 3786 5581 νυμ-

2206 5595 2360 5665 φῶνα
2391 5599 2538 5653 δὲτὸ
2587 5602 2697 5654 πᾶν
2746 5601 3042 5673 πλήρωμα.
3079 5605 3218 5667 Τοὺς
3263 5604 3320 5658 δὲ
3367 5602 3780 5676 πνευματικοῦς,

586 5747 602 5778 ¹
627 5745 790 5800 ηοω.
819 5757 858 5808 ι,
880 5743 969 5798 52.
1046 5749 1065 5777 ²
1098 5746 1237 5801 lren.
1275 5749 1604 5824 ἀδιαφόρως.
1661 5753 1704 5784 ’³
1743 5765 1848 5822 ne;
1870 5754 1979 5808 ἀπὸ
2007 5752 2099 5807 κόσ

2205 5752 2346 5808 id».
2420 5756 2602 5811 ‘lren.
2643 5759 2774 5827 ἡμῖν
2809 5757 2902 5823 οὓς
