3982 6428
267 321 380 380 517

1009 315 1382 373 ADVERSUS
1421 313 1760 374 HAERESES
1798 318 1845 374 L‘

1963 319 2004 377 ι.
2048 317 2213 376 ΤΟΜ.
2255 317 2318 374 ll.
2358 348 2428 358 --
2468 316 2740 373 HIERES.
2777 316 2966 375 XXXI.

3455 322 3559 381 5l8

266 434 720 507 ἀποδυσαμένους
762 433 864 500 τὰς
905 433 1087 506 ψυχὰς
1127 434 1223 489 καὶ
1263 437 1552 506 πνεύματα
1585 437 1748 508 νοερὰ
1777 454 1840 506 γε

1973 454 2079 508 que
2127 435 2287 492 adeo
2313 437 2488 493 sacris
2523 437 2579 490 in
2625 435 2849 491 Litteris
2895 450 3161 506 sponsum
3197 450 3260 491 ac
3300 451 3557 506 sponsam

264 528 553 598 νομένους,
593 525 919 597 ἀκρατὴτως
953 525 1048 579 καὶ
1085 525 1334 597 ἀοράτως
1381 525 1530 589 ἐντὸς
1560 525 1861 598 πληρώμα-

261 635 358 682 τος
385 617 750 682 εἰσελθόντας,
777 617 998 688 νύμφας
1017 615 1455 688 ἀποδοθήσεσθαι
1476 620 1590 682 τοῖς
1620 620 1749 690 περὶ
1769 619 1862 672 τὸν

263 711 503 782 Σωτῆρα
530 709 803 779 ἀγγέλοις.
840 710 943 764 Τὸν
971 711 1028 764 δὲ
1063 711 1136 782 Δη
1148 710 1407 781 μιουργὸν
1438 711 1737 782 μεταϐῆναι
1767 714 1864 766 καὶ

261 803 431 856 αὐτὸν
474 803 556 865 είς
587 801 680 855 τὸν
716 805 816 872 τῆς
856 803 1082 874 Μητρὸς
1123 801 1324 871 Σοφίας
1363 801 1548 868 τόπον,
1585 804 1863 857 τουτέστιν

259 894 322 946 ἐν
349 897 419 964 τῇ
454 893 734 965 μεσότητι.
781 893 893 958 Τάς
927 913 985 948 τε
1012 895 1119 948 τῶν
1147 895 1372 948 δικαίων
1401 896 1581 966 ψυχὰς
1610 895 1862 948 ἀναπαύ-

261 985 460 1039 σεσθαι
495 987 589 1039 καὶ
619 985 792 1050 αὐτὰς
831 988 890 1039 ἐν
924 985 1001 1056 τῷ
1031 986 1132 1056 τῆς
1163 987 1461 1060 μεσότητος
1492 989 1662 1058 τόπῳ·
1699 987 1866 1059 μηδὲν

257 1078 371 1147 γὰρ
396 1077 628 1148 ψυχικὸν
649 1078 800 1142 ἐντὸς
829 1078 1197 1150 πληρώματος
1225 1083 1442 1151 χωρεῖν.

1964 528 2276 598 signiﬁcare
2301 572 2315 594 ,
2347 528 2760 596 thalamumque
2808 527 3048 596 pleroma
3096 529 3273 597 ipsum
3313 543 3459 582 esse.
3491 529 3560 582 At

1965 621 2246 690 spiritales
2281 620 2531 674 homines
2557 657 2572 682 ,
2624 629 2912 690 postquam
2945 621 3160 675 animas
3188 620 3474 686 exuerint,
3503 629 3558 674 et

1966 712 2034 766 ad
2079 712 2416 780 spirituum,
2453 725 2828 781 purarumque
2871 713 3136 767 mentium
3183 711 3555 766 conditionem

1967 803 2272 868 evaserint,
2309 817 2372 856 ac
2408 803 2558 857 nullo
2608 804 2922 868 detinente,
2958 821 3061 860 nec
3101 805 3463 875 aspectabiles
3501 804 3558 857 in

1967 895 2206 964 pleroma
2240 897 2649 963 penetraverint
2695 895 2998 952 Salvatoris
3030 899 3323 954 comitibus
3347 897 3558 969 angelis

1968 986 2248 1041 collocari.
2285 987 2441 1050 Quod
2489 987 2555 1041 ad
2595 987 2948 1042 Conditorem
2991 998 3231 1058 spectat,
3267 1005 3392 1044 eum
3427 1005 3559 1058 quo-

1968 1093 2075 1148 que
2109 1075 2402 1145 Sapientia:
2445 1074 2636 1130 Matris
2675 1076 2730 1130 in
2767 1077 2946 1132 locum
2983 1093 3372 1133 successurum
3398 1116 3410 1140 ,
3447 1092 3558 1130 tne-

257 1173 521 1245 diamque
587 1176 863 1245 regionem
931 1171 1328 1245 occupaturum
1383 1176 1538 1246 191
1589 1177 1930 1232 existimant.
1970 1173 2287 1243 Eodemque
2330 1171 2452 1227 loco
2502 1172 2784 1242 justorum
2831 1172 3044 1227 animas
3099 1173 3214 1227 otio
3270 1188 3335 1226 ac
3373 1171 3558 1242 quiete

253 1270 537 1335 potituras
574 1286 718 1336 esse,
751 1270 897 1340 quod
930 1270 997 1324 ad
1024 1271 1267 1340 pleroma
1292 1270 1429 1324 nihil
1478 1270 1713 1325 animale
1746 1268 2046 1339 perveniat.

328 1365 460 1419 KB'.
493 1364 708 1418 Τούτων
731 1364 786 1418 δέ
807 1364 1113 1435 γενομένων
1136 1363 1332 1430 οὕτως,
1364 1365 1426 1417 τὸ
1449 1365 1764 1434 ἐμφωλεῦον
1787 1365 1845 1436 τᾷ

2037 1361 2200 1417 XXII.
2253 1361 2350 1418 llis
2375 1360 2637 1432 peractis,
2690 1359 2872 1430 ignem
2915 1360 3093 1424 illum,
3124 1361 3217 1430 qui
3264 1360 3318 1414 in
3363 1355 3553 1414 mundi

258 1455 460 1527 κόσμῳ
490 1456 624 1526 πῦρ,
654 1455 940 1527 ἐκλάμψαν
964 1456 1058 1510 καὶ
1097 1455 1350 1526 ἐξαφθὲν,
1393 1458 1486 1510 καὶ
1519 1458 1845 1530 κατεργασά-

1965 1455 2194 1510 latebris
2243 1454 2550 1517 delitescit,
2591 1461 2918 1522 erupturum
2973 1466 3038 1505 ac
3086 1450 3554 1520 conﬁagraturum

257 1563 426 1616 μενον
461 1549 644 1600 πᾶσαν
677 1545 830 1616 ὓλην,
882 1546 1420 1618 συναναλωθήσεσθαι
1454 1549 1614 1619 αὐτῇ,
1651 1549 1746 1601 καὶ
1781 1551 1845 1622 εἰς

1958 1560 2100 1609 esse,
2133 1545 2309 1601 donec
2349 1545 2501 1600 omni
2535 1552 2862 1613 consumpta
2896 1543 3125 1597 materia
3149 1582 3164 1608 ,
3207 1558 3330 1597 cum
3363 1543 3552 1597 eadem

245 1638 314 1692 τὸ
339 1639 534 1710 μηκέτ’
560 1634 698 1692 εἰναι
721 1639 994 1710 χωρήσειν
1023 1639 1362 1696 διδάσκουσι.
1392 1640 1494 1694 Τὸν
1512 1641 1568 1694 δὲ
1591 1643 1845 1712 Δημιουρ-

1957 1649 2010 1694 et
2041 1639 2159 1710 ipse
2190 1646 2578 1708 consumptus,
2612 1647 2776 1707 atque
2807 1637 2864 1690 in
2894 1637 3127 1691 nihilum
3163 1635 3418 1692 redactus
3444 1634 3556 1690 fue-

246 1732 352 1801 γὺν
402 1731 567 1802 μηδὲν
609 1730 814 1784 τούτων
853 1731 1153 1800 ἐγνωκέναι
1186 1732 1577 1802 ἀποφαίνονται
1619 1733 1724 1804 πρὸ
1755 1734 1845 1803 τῆς

1959 1725 2051 1779 rit.
2095 1725 2342 1792 Quorum
2395 1726 2640 1782 omnium
2679 1727 2816 1782 nihil
2851 1735 2976 1782 ante
3023 1726 3324 1782 Salvatoris
3353 1727 3550 1782 adven-

245 1822 346 1876 τοῦ
386 1822 640 1893 Σωτῆρος
669 1822 996 1894 παρουσίας.
1031 1824 1151 1877 Εἰσὶ
1186 1824 1242 1877 δὲ
1281 1826 1328 1877 οί
1360 1824 1610 1893 λέγοντες
1646 1824 1856 1896 προϐα-

246 1913 445 1968 λέσθαι
473 1915 636 1968 αὑτὸν
668 1915 762 1966 καὶ
798 1913 1034 1985 Χριστὸν
1068 1915 1185 1968 υίὺν
1219 1915 1370 1979 ἴδιον,
1408 1914 1544 1970 ἀλλὰ
1576 1914 1711 1984 (καὶ)
1745 1914 1852 1984 ψυ-

247 2007 431 2078 χικόν.
477 2007 610 2076 Περὶ
645 2005 840 2060 τούτου
887 2007 975 2062 διὰ
1017 2008 1126 2061 τῶν
1163 2008 1178 2039 ¹
1219 2008 1515 2080 προφητῶν
1562 2006 1854 2078 λελαληκέ-

248 2116 366 2153 ναν
394 2094 532 2152 εἶναι
565 2099 622 2152 δὲ
655 2099 844 2154 τοῦτον
877 2099 970 2154 τὸν
995 2100 1083 2154 διὰ
1113 2099 1336 2173 Μαρίας
1364 2100 1730 2166 διοδεύσαντα,
1761 2118 1857 2154 καο

250 2190 434 2262 θάπερ
479 2190 623 2265 ὕδωρ
663 2191 752 2245 διὰ
793 2191 1032 2263 σωλῆνος
1063 2193 1255 2260 ὁδεύει,
1289 2194 1384 2247 καὶ
1413 2196 1493 2256 εἰς
1524 2193 1713 2246 τοῦτον
1758 2192 1854 2246 ἐπὶ

244 2283 346 2338 τοῦ
381 2285 757 2356 βαπτίσματος
785 2277 1066 2339 κατελθεῖν
1100 2289 1304 2340 ἐκεῖνον
1329 2287 1420 2339 τὸν
1450 2287 1558 2342 ἀπὸ
1596 2288 1688 2342 τοῦ
1716 2289 1853 2358 πλη-

248 2377 510 2450 ρώματος
557 2379 620 2430 ἐκ
669 2380 884 2432 πάντων
936 2379 1168 2448 Σωτῆρα
1211 2381 1267 2431 ἐν
1315 2379 1447 2433 εῖδει
1497 2383 1846 2452 περιστερᾶς.

247 2467 540 2537 Γεγονέναι
566 2469 621 2521 δὲ
647 2469 706 2520 ἐν
731 2467 880 2539 αύτῷ
902 2469 996 2521 καὶ
1017 2468 1076 2521 τὸ
1101 2469 1233 2523 αὐτὸ
1261 2470 1360 2540 τῆς
1394 2471 1648 2541 Ἀχαμὼθ
1683 2472 1850 2541 σπέρ-

251 2576 335 2630 μα
368 2560 762 2631 πνευματικόν.
798 2559 900 2614 Τὸν
926 2556 1019 2614 οῦν
1057 2559 1260 2632 Κύριον
1291 2561 1444 2632 ἡμῶν
1473 2564 1536 2615 ἐκ
1565 2562 1849 2632 τεσσάρων

248 2649 460 2705 τούτων
501 2650 753 2705 σύνθετον
796 2651 1082 2721 γεγονέναι
1120 2652 1442 2721 φάσκουσιν,
1489 2652 1849 2718 ἀποσώζοντα

246 2745 344 2800 τὸν
371 2746 437 2799 τύ
449 2743 663 2817 πον’τῆς
696 2747 994 2820 ἀρχεγόνου
1032 2747 1126 2800 καὶ
1157 2747 1381 2820 πρώτης
1409 2751 1758 2821 τετρακτύος,
1784 2749 1848 2804 ἔκ

246 2855 310 2890 τε
341 2837 438 2890 τοῦ
471 2839 864 2908 πνευματικοῦ,
896 2839 924 2891 ὂ
964 2834 1029 2910 ῆν
1073 2840 1182 2892 ἀπὸ
1209 2840 1306 2910 τῆς
1345 2839 1621 2911 Ἀχαμὼθ,
1664 2843 1760 2895 καὶ
1782 2843 1847 2896 ἐκ

245 2929 345 2983 τοῦ
380 2929 636 3000 ψυχικοῦ,
669 2929 696 2982 ὃ
732 2925 800 3000 ἦν
839 2929 948 2982 ἀπὸ
977 2929 1072 2982 τοῦ
1103 2933 1473 3001 Δημιουργοῦ,
1526 2934 1619 2986 καὶ
1655 2936 1718 2988 ἐκ
1747 2934 1846 3004 τῆς

244 3021 585 3091 οἰκονομίας,
612 3022 639 3074 ὃ
659 3017 727 3092 ἦν
752 3023 1258 3093 κατεσκευασμένον
1282 3024 1508 3095 ἀρρήτῳ
1537 3025 1721 3096 τέχνῃ,
1750 3026 1845 3079 καὶ

1961 1822 2075 1868 tum
2105 1816 2390 1871 Conditori
2423 1816 2594 1872 fuisse
2621 1818 2921 1888 cognitum.
2955 1816 3064 1872 Nec
3095 1817 3319 1882 desunt,
3349 1818 3553 1886 quibus

1965 1909 2202 1979 placeat,
2240 1910 2404 1963 etiam
2435 1909 2632 1964 abillo
2662 1910 2995 1979 peculiarem
3029 1908 3200 1962 ﬁlium
3243 1908 3550 1969 Christum.

1958 2000 2053 2056 sed
2091 2001 2381 2055 animalem
2407 2043 2422 2067 ,
2474 2001 2800 2072 productum
2821 2040 2836 2065 ,
2865 2000 2934 2054 de
2967 2015 3078 2069 quo
3122 2014 3220 2069 per
3250 1999 3551 2069 prophetas

1957 2091 2176 2148 locutus
2204 2093 2295 2148 sit.
2326 2091 2484 2147 Hunc
2517 2093 2670 2147 illum
2698 2108 2820 2148 esse
2858 2091 2952 2162 qui
2994 2093 3073 2146 sic
3115 2098 3377 2161 tanquam
3406 2106 3550 2161 aqua

1955 2200 2052 2254 per
2078 2185 2314 2251 ﬁstulas,
2347 2185 2421 2239 ita
2467 2201 2565 2255 per
2603 2184 2828 2240 Mariam
2875 2185 3186 2251 transierit;
3225 2185 3284 2238 in
3313 2198 3550 2253 eumque

1954 2286 2165 2348 postea,
2190 2293 2316 2332 cum
2352 2279 2743 2348 baptizaretur,
2776 2278 2880 2333 sub
2901 2279 3169 2332 columba:
3192 2277 3550 2332 descendisse

1955 2372 2141 2441 specie
2171 2373 2404 2425 alterum
2446 2372 2599 2425 illum
2639 2372 2706 2425 de
2749 2371 3049 2440 pleromate
3102 2369 3440 2424 Salvatorem
3480 2385 3546 2425 ex

1953 2461 2211 2517 omnibus
2234 2459 2531 2516 conﬂatum
2554 2481 2568 2516 :
2593 2462 2704 2515 imo
2720 2461 2883 2516 etiam
2910 2468 2965 2514 et
2984 2461 3158 2515 eidem
3190 2460 3548 2514 Achamothis

1953 2552 2203 2622 spiritale
2241 2569 2431 2608 semen
2475 2553 2703 2610 insitum
2753 2552 2945 2607 fuisse.
2993 2550 3148 2606 Unde
3193 2559 3435 2621 quatuor
3476 2567 3546 2606 ex

1952 2644 2062 2698 illis
2089 2645 2458 2714 compositum
2489 2660 2613 2701 esse
2641 2643 2930 2698 Dominum
2967 2651 3307 2708 asseverant,
3339 2652 3397 2696 ut
3430 2644 3546 2714 pri-

1950 2735 2142 2789 maria:
2177 2725 2328 2790 illius
2368 2750 2433 2790 ac
2463 2735 2799 2806 primigenia:
2839 2735 3093 2790 Tetradis
3126 2735 3544 2790 similitudinem

1949 2823 2284 2893 exprimeret
2323 2842 2336 2878 :
2379 2825 2639 2879 nimirqu
2671 2841 2704 2878 e
2748 2825 3016 2895 spiritali,
3068 2825 3213 2894 quod
3259 2826 3328 2879 ab
3368 2825 3550 2879 Acha-

1949 2915 2134 2970 mothe
2173 2915 2479 2972 derivatum
2513 2924 2631 2984 est,
2673 2933 2739 2971 ex
2775 2917 3020 2980 animali,
3059 2919 3204 2987 quod
3269 2933 3300 2971 a
3345 2919 3548 2974 Condi-

1949 3015 2103 3074 tore,
2140 3023 2208 3063 ex
2255 3009 2637 3063 incarnatione
2661 3049 2674 3072 ,
2709 3009 2857 3078 quod
2889 3009 3261 3078 inexplicabili
3298 3009 3542 3079 quodam

245 3115 314 3168 ἐκ
335 3113 432 3166 τοῦ
455 3115 724 3186 Σωτῆρος,
748 3114 775 3166 ὃ
795 3110 862 3186 ἦν
880 3115 1220 3169 κατελθοῦσα
1239 3117 1317 3179 εἰς
1339 3115 1501 3168 αὑτὸν
1520 3133 1586 3168 πε
1597 3118 1838 3188 ριστερόι.

1950 3106 2032 3154 est
2055 3099 2289 3156 artiﬁcio
2323 3107 2643 3155 contextum
2669 3115 2683 3151 :
2712 3115 2776 3154 ae
2801 3099 3020 3154 demum
3050 3099 3402 3165 eSalvatore,
3425 3102 3541 3157 hoc

247 3207 362 3260 Καὶ
395 3205 554 3260 τοῦτο
577 3207 596 3236 ³
649 3206 747 3276 μὲν
786 3206 968 3278 ἀπαθῆ
1017 3207 1493 3278 διαμεμενηκέναι·
1530 3209 1590 3260 οὐ
1625 3207 1732 3279 γὰρ
1761 3210 1846 3261 ἐν·

253 3299 472 3369 εὸέχετο
502 3297 696 3352 παθεῖν
737 3300 902 3353 αὐτὸν
944 3301 1256 3372 ἁκράτητον
1286 3303 1380 3354 καὶ
1406 3301 1638 3372 ἀόρατον
1670 3303 1846 3376 ὕπαρ-

243 3409 435 3462 χοντα.
461 3392 571 3444 Καὶ
599 3391 690 3444 διὰ
717 3391 875 3446 τοῦτο
907 3387 1076 3463 ἦρθαι
1118 3394 1532 3464 προσαγομὲνου
1568 3395 1733 3448 αὑτοῦ
1767 3394 1845 3466 τῷ

244 3482 491 3552 Πιλάτῳ,
523 3481 585 3535 τὸ
628 3484 713 3545 εἰς
759 3483 922 3535 αὑτὸν
971 3482 1267 3535 κατατεθὲν
1308 3482 1532 3554 Πνεῦμα
1577 3481 1838 3555 Χριστοῦ.

175 3610 188 3619 .
258 3571 403 3624 Ἀλλ’
431 3572 552 3624 οὐδὲ
583 3571 644 3624 τὸ
676 3571 784 3624 ἀπὸ
822 3573 923 3640 τῆς
971 3571 1195 3642 Μητρὸς
1245 3571 1468 3644 σπέρμα
1518 3574 1845 3628 πεπονθέναι

245 3664 518 3734 λέγουσιν·
555 3663 766 3728 ἀπαθὲς
799 3664 908 3735 γὰρ
942 3665 1037 3717 καὶ
1070 3664 1202 3716 αὐτὸ
1231 3664 1292 3718 τὸ
1319 3665 1712 3735 πνευματικὸν,
1747 3667 1844 3720 καὶ

246 3755 400 3827 αὐτῷ
433 3755 508 3826 τῷ
552 3755 902 3827 Δημιουργῷ.
938 3755 1148 3809 Ἔπαθε
1185 3755 1241 3807 δὲ
1280 3755 1464 3810 λοιπὸν
1496 3759 1616 3812 κατ’
1647 3759 1844 3822 αὐτοὺς

241 3852 275 3904 ὁ
316 3849 545 3921 ψυχικὸς
585 3847 836 3920 Χριστὸς,
866 3847 962 3902 καὶ
1008 3848 1036 3899 ό
1081 3848 1146 3899 ἐκ
1184 3847 1283 3918 τῆς
1349 3849 1665 3920 οἰκονομίας
1707 3867 1841 3902 κατ-

242 3940 651 4012 εσκευασμένος
704 3939 1116 4011 μυστηριωδῶς,
1173 3941 1238 3992 ἵν’
1274 3941 1515 4012 ἐπιδείξῃ
1565 3941 1728 3995 αὐτοῦ
1756 3942 1777 3972 ³
1803 3945 1836 4013 ἡ

242 4033 449 4103 Μήτηρ
472 4031 562 4084 τὸν
598 4031 763 4084 τύπον
785 4031 880 4083 τοῦ
915 4030 1026 4084 ἄνω
1072 4031 1333 4102 Χριστοῦ,
1375 4033 1585 4084 ἐκείνου
1613 4031 1706 4085 τοῦ
1737 4034 1839 4084 ἐπ-

248 4121 578 4185 εκταθέντος
602 4121 679 4192 τῷ
713 4121 959 4193 Σταυρῷ,
995 4121 1090 4174 καὶ
1124 4121 1513 4193 μορφώσαντος
1539 4123 1638 4194 τὴν
1673 4124 1839 4194 Ἀχα-

249 4211 376 4284 μὼθ
412 4213 692 4284 μόρφωσιν
732 4211 832 4282 τὴν
876 4213 996 4266 κατ’
1043 4212 1255 4265 οὐσίαν·
1301 4213 1481 4267 πάντα
1524 4215 1631 4285 γὰρ
1666 4214 1840 4268 ταῦτα

242 4302 452 4366 τύπους
489 4302 712 4356 ἐκείνων
752 4298 890 4355 εἶναι
925 4301 1163 4370 λέγουσι.
1208 4303 1319 4367 Τὰς
1358 4303 1416 4357 δὲ
1454 4305 1752 4376 ἐσχηκυίας
1779 4305 1840 4360 τὸ

244 4397 472 4469 σπέρμα
506 4399 605 4468 τῆς
647 4396 900 4468 Ἀχαμὼθ
926 4397 1106 4468 ψυχὰς
1137 4398 1396 4468 ἀμείνους
1429 4401 1646 4469 λέγουσι
1679 4419 1839 4472 γεγο-

1945 3199 2030 3246 est
2060 3191 2315 3246 columba
2343 3191 2436 3245 illa
2469 3190 2537 3246 de
2564 3191 2703 3246 caelo
2742 3191 2990 3261 delapsa.
3024 3192 3203 3263 Atque
3235 3195 3382 3249 hunc
3419 3196 3540 3265 qui-

1945 3279 2067 3335 dem
2101 3281 2381 3350 patibilem
2409 3294 2690 3350 nunquam
2724 3281 2916 3348 fuisse,
2949 3284 3210 3352 quoniam
3239 3285 3347 3353 pati
3371 3287 3544 3341 omni-

1944 3386 2016 3426 no
2048 3381 2314 3441 nequeat,
2366 3371 2511 3442 quod
2573 3387 2750 3442 neque
2801 3373 3112 3438 contineri,
3157 3390 3336 3444 neque
3367 3377 3544 3433 oculis

1947 3465 2206 3534 usurpari
2245 3465 2442 3534 possit.
2488 3464 2838 3536 Proindeque
2879 3481 3004 3520 cum
3046 3466 3113 3520 ad
3149 3466 3382 3522 Pilatum
3416 3485 3541 3539 pera

1945 3557 2145 3612 ductus
2167 3564 2275 3624 est,
2299 3558 2602 3612 demissum
2635 3558 2691 3612 in
2723 3575 2846 3613 eum
2883 3558 3088 3613 Christi
3129 3557 3398 3630 Spiritum
3422 3577 3544 3617 evo-

1946 3650 2110 3706 lasse.
2155 3649 2262 3705 Sed
2299 3666 2477 3718 neque
2503 3660 2815 3706 maternum
2846 3653 2980 3707 illud
3021 3668 3208 3708 semen
3235 3653 3538 3725 quidquam

1944 3756 2068 3798 esse
2110 3757 2433 3812 perpessum
2479 3743 2674 3812 :quod
2726 3744 2902 3799 nihilo
2938 3745 3116 3816 magis
3162 3747 3387 3816 patibile
3436 3749 3539 3814 sit,

1943 3841 2134 3903 utpote
2160 3835 2427 3903 spiritale,
2452 3850 2554 3890 nec
2577 3835 2660 3889 vel
2692 3836 2794 3906 ipsi
2827 3835 3110 3893 Conditori
3135 3839 3355 3908 quidem
3389 3857 3539 3911 aspe-

1943 3924 2168 3978 ctabile.
2206 3924 2397 3980 Restat
2427 3927 2594 3997 igitur
2630 3935 2689 3980 ut
2723 3928 2941 3982 illorum
2974 3931 3236 3999 opinione
3286 3934 3539 3991 animalis

1944 4013 2034 4068 ille
2057 4013 2313 4071 Christus
2344 4017 2414 4072 sit
2447 4033 2668 4087 passus,
2712 4020 3015 4090 itidemque
3065 4029 3121 4076 et.
3155 4023 3294 4077 alter
3336 4029 3430 4094 qui
3467 4042 3534 4081 ex

1941 4106 2321 4162 incarnatione
2353 4110 2622 4166 conﬂatus
2673 4123 2778 4166 est.
2812 4111 2971 4177 Quod
3007 4129 3119 4168 non
3156 4115 3279 4171 sine
3323 4127 3533 4189 myste-

1940 4199 2026 4252 rio
2058 4197 2364 4268 perfectum
2396 4206 2504 4263 est,
2539 4208 2598 4253 ut
2632 4202 2836 4255 summi
2862 4203 3010 4259 illius
3037 4204 3244 4260 Christi
3278 4222 3373 4276 per
3400 4223 3525 4263 eum

1940 4290 2116 4344 Mater
2150 4289 2439 4360 imaginem
2472 4291 2775 4356 exhiberet,
2817 4294 2909 4363 qui
2948 4295 3004 4348 in
3035 4295 3214 4351 Cruce
3256 4297 3534 4361 distentus

1941 4382 2335 4438 Achammhem
2392 4385 2718 4440 substantiae
2752 4385 3145 4444 informatione
3177 4393 3471 4461 perpolivit
3513 4411 3530 4448 :

240 4492 396 4545 νέναι
425 4492 533 4544 τῶν
561 4489 786 4543 λοιπῶν·
812 4491 892 4543 διὸ
914 4491 1008 4544 καὶ
1040 4489 1223 4544 πλεῖον
1256 4491 1366 4544 τῶν
1399 4492 1576 4546 ἄλλων
1615 4495 1837 4566 ἡγαπῆ-

1950 4477 2055 4529 lizec
2084 4473 2230 4528 enim
2261 4475 2444 4529 omnia
2479 4477 2826 4545 superiorum
2859 4478 3078 4532 illorum
3118 4480 3348 4550 ﬁgurant
3399 4499 3526 4540 cono

242 4582 377 4636 σθαι
412 4581 523 4635 «ὑπὸ
554 4581 648 4634 τοῦ
693 4579 1061 4651 Δημιουργοῦ,
1117 4582 1190 4653 μὴ
1238 4583 1438 4647 εἰδότος
1484 4583 1582 4656 τὴν
1630 4586 1832 4652 αἰτίαν,

239 4674 383 4731 ἀλλὰ
403 4674 534 4746 παρ’
559 4673 725 4726 αὑτοῦ
753 4672 1110 4743 λογιζομένου
1139 4669 1280 4727 εἶναι
1307 4675 1582 4740 τοιαύτας.

312 4940 407 4994 Διὸ
437 4938 534 4993 καὶ¹
564 4940 644 5002 εἰς
675 4940 980 5010 προφήτας,
1012 4938 1196 5009 φασὶν,
1235 4937 1463 4992 ἔτασσεν
1488 4939 1706 5002 αὐτοὺς,
1741 4940 1836 4994 καὶ

242 5034 433 5106 ἱερεῖς,
466 5031 562 5086 καὶ
597 5031 855 5102 βασιλεῖςο
895 5033 989 5086 καὶ
1018 5031 1189 5085 πολλὰ
1221 5032 1325 5086 ὑπὸ
1345 5031 1366 5063 ⁸
1394 5030 1487 5084 τοῦ
1519 5033 1835 5102 σπέρματος

236 5125 432 5180 τούτου
478 5123 732 5196 εἰρῆσθαι
767 5123 856 5178 διὰ
883 5123 992 5177 τῶν
1022 5123 1317 5195 προφητῶν
1350 5122 1694 5192 ἐξηγοῦνται,
1737 5125 1834 5177 ἅτε

236 5215 582 5286 ὑψηλοτέρας
611 5214 826 5284 φύσεως
861 5213 1218 5286 ὑπαρχούσας
1240 5215 1282 5270 ⁸.
1322 5213 1499 5266 Πολλά
1531 5213 1586 5265 δὲ
1617 5214 1712 5266 καὶ
1738 5212 1835 5283 τὴν

234 5307 468 5379 Μητέρα
497 5307 626 5379 περὶ
653 5306 762 5360 τῶν
785 5307 1042 5379 ἀνωτέρω
1075 5305 1359 5378 εἰρηκέναι
1390 5305 1660 5374 λέγουσιν,
1695 5304 1834 5358 ἀλλὰ

234 5401 332 5453 καὶ
355 5400 444 5453 διὰ
466 5399 658 5453 τούτου
678 5399 772 5452 καὶ
796 5399 905 5452 τῶν
935 5397 1041 5451 ὑπὸ
1065 5400 1252 5452 τούτου
1282 5397 1588 5468 γενομένων
1621 5394 1829 5466 ψυχῶν.

233 5491 348 5546 Καὶ
377 5490 563 5544 λοιπὸν
596 5489 858 5561 τέμνουσι
887 5491 985 5554 τὰς
1014 5488 1373 5561 προφητείας,
1408 5488 1468 5542 τὸ
1502 5487 1601 5558 μέν
1629 5505 1681 5540 τι
1716 5487 1825 5540 ἀπὸ

228 5582 338 5654 τῆς
364 5581 590 5654 Μητρὸς
615 5580 864 5654 εἰρῆσθαι
892 5580 1159 5648 θέλοντες,
1182 5580 1242 5634 τὸ
1259 5579 1316 5634 δέ
1335 5597 1386 5634 τι
1408 5578 1515 5633 ἀπὸ
1539 5577 1631 5632 τοῦ
1656 5579 1824 5650 σπέρο

1945 4568 2138 4622 tinere.
2184 4565 2316 4632 Quae
2371 4583 2499 4622 vero
2545 4568 2740 4623 anima:
2773 4569 3135 4626 Achamothis
3171 4574 3380 4631 semine
3422 4578 3534 4632 sint

1941 4675 2210 4730 aspersa,
2260 4676 2355 4716 eas
2388 4662 2604 4716 caeteris
2656 4677 2780 4718 esse
2821 4665 3096 4732 meliores,
3126 4674 3290 4736 atque
3321 4670 3534 4741 impen-

1941 4752 2060 4808 sius
2089 4767 2120 4806 a
2150 4753 2451 4808 Conditore
2482 4754 2634 4823 diligi
2662 4769 2675 4806 :
2701 4755 2795 4825 qui
2819 4755 2941 4825 ejus
2982 4766 3164 4813 tamen
3198 4760 3273 4814 rei
3304 4777 3532 4818 causam

1938 4858 2051 4898 non
2083 4844 2398 4916 intelligens
2445 4861 2512 4899 ex
2563 4862 2686 4902 sese
2715 4847 2838 4902 illas
2870 4849 3142 4918 ejusmodi
3171 4866 3296 4906 esse
3345 4863 3523 4922 putet.

2012 4935 2384 5002 Quamobrem
2404 4937 2701 5007 prophetas
2713 4955 2778 4993 ex
2801 4941 2886 5004 iis,
2909 4942 2989 4996 vel
3010 4942 3348 5010 sacerdotes,
3368 4945 3528 5015 192

1940 5027 2026 5085 vel
2056 5044 2211 5099 reges
2250 5030 2530 5095 instituit;
2577 5045 2641 5084 ac
2692 5033 2953 5102 pleraque
3000 5049 3031 5088 a
3080 5036 3361 5104 prophetis
3401 5053 3529 5106 pro-

1941 5122 2192 5177 nuntiata
2224 5123 2289 5177 de
2324 5122 2431 5178 isto
2470 5123 2681 5178 semine
2713 5123 3171 5194 interpretantur,
3205 5125 3364 5195 quasi
3407 5127 3530 5181 illo-

1944 5229 2068 5268 rum
2119 5213 2315 5268 animae
2351 5223 2562 5268 natura:
2592 5215 2878 5284 cujusdam
2922 5217 3266 5271 sublimioris
3300 5217 3528 5272 exstite-

1941 5307 2072 5360 rint.
2109 5305 2440 5373 Quinetiam
2499 5307 2568 5362 de
2615 5308 2932 5363 cmlestibus
2982 5308 3148 5362 multa
3211 5307 3528 5377 disputasse

1941 5397 2190 5462 Matrem,
2219 5399 2394 5469 deque
2425 5399 2626 5455 animis
2655 5415 2794 5470 quos
2824 5401 2907 5454 vel
2944 5399 3167 5464 ille,’vel
3203 5401 3297 5471 qui
3321 5402 3390 5458 ab
3431 5403 3526 5460 illo

1931 5491 2152 5546 oriundi
2193 5500 2322 5546 sunt
2375 5492 2772 5562 produxerunt.
2824 5491 2977 5548 Unde
3023 5502 3078 5549 et
3134 5496 3524 5566 prophetarum

1932 5579 2191 5634 vaticinia
2235 5581 2310 5635 ita
2353 5581 2701 5652 partiuntur,
2737 5581 2986 5652 quadam
3027 5591 3086 5640 ut
3128 5584 3288 5641 etlata
3336 5585 3519 5642 Matris

306 5736 326 5770 ⁸
355 5734 418 5792 F.
453 5737 648 5794 τούτου
676 5735 754 5790 δέ.
830 5739 852 5770 ¹
885 5737 942 5793 F.
969 5735 1182 5793 τοῦτον.
1259 5737 1278 5769 ³
1304 5733 1443 5790 Iren.
1468 5732 1536 5786 δι’
1570 5727 1756 5786 αὑτοῦ.
1835 5729 1845 5761 ¹

1950 5745 2020 5788 π.
2051 5731 2211 5804 ὑπέρ.
2288 5734 2309 5766 ⁵
2334 5732 2473 5790 Iren.
2507 5732 2865 5806 ὑπάρχοντος.
