3982 6434
448 304 558 365 819

1833 300 1896 357 S.
1937 299 2288 358 FPH‘HANII

3629 298 3730 356 5‘30

449 439 576 481 esse
609 423 805 488 velint,
847 422 952 478 alia
988 422 1058 478 ab
1091 420 1340 486 semine,
1380 420 1487 475 alia
1521 434 1551 474 a
1588 418 1888 477 Conditore
1919 434 2044 492 pro—

2160 441 2341 494 ματος,
2368 424 2430 479 τὸ
2461 424 2518 479 δέ
2554 441 2610 478 τι
2642 422 2752 479 ἀπὸ
2784 420 2880 477 τοῦ
2915 419 3285 495 Δημιουργαΰ.
3332 418 3500 474 Ἀ)λὰ
3522 419 3619 473 καὶ
3644 420 3733 473 τὴν

454 518 620 574 fecta.
658 516 840 588 Ipsum
875 517 1037 572 etiam
1069 513 1257 571 Jesum
1291 515 1486 584 partim
1527 528 1558 567 a
1606 512 1890 568 Salvatore
1932 523 2046 567 tra-

453 609 590 675 dira,
617 606 816 669 partim
858 622 887 660 a
916 604 1125 672 Matre;
1169 606 1367 676 partim
1400 605 1638 675 denique
1678 619 1708 658 a
1749 603 2046 660 Conditore

454 701 683 764 dixisse,
720 700 773 754 id
803 698 951 769 quod
988 699 1046 752 in
1088 697 1444 767 sequentibus
1482 695 1858 752 ostendemus.
1898 697 2047 752 Con—

456 795 689 851 ditorem
718 808 846 848 vero
886 808 1077 848 eorum
1110 807 1234 862 quae
1264 804 1430 861 supra
1463 806 1522 846 se
1554 803 1711 846 erant
1756 792 2041 862 ignarum,

458 889 526 943 iis
551 903 684 944 sane
723 901 844 958 quae
869 885 1419 941 commemoravimus
1460 882 1634 939 fuisse
1670 890 2004 938 commotum
2027 924 2043 949 ,

458 980 552 1037 sed
582 980 773 1035 eadem
799 977 1201 1047 contempsisse
1227 978 1609 1045 nihilominus,
1634 987 1688 1035 et
1710 980 1850 1035 alias
1880 980 2043 1034 aliam

457 1087 579 1127 esse
608 1085 832 1127 causam
855 1109 870 1134 ,
915 1068 1299 1135 existimasse,
1348 1069 1465 1125 sive
1499 1071 1823 1142 prophetico
1858 1071 2043 1127 afﬂatu

458 1163 745 1235 praeditum
785 1162 1082 1233 Spiritum,
1135 1160 1284 1233 quod
1336 1163 1560 1233 proprio
1599 1164 1839 1234 quodam
1888 1175 2043 1219 motu

456 1259 668 1326 cietur;
710 1256 828 1312 sive
857 1256 1159 1320 hominem,
1204 1255 1321 1311 sive
1358 1255 1692 1311 deteriorum
1720 1258 2048 1328 complexio-

458 1366 604 1407 nem.
640 1349 701 1405 ln
732 1363 908 1420 eaque
938 1347 1127 1403 tandiu
1154 1348 1502 1420 ignoratione
1531 1359 1829 1415 versatum,
1863 1351 2045 1421 quoad

460 1443 727 1500 Dominus
761 1441 1063 1498 advenerit.
1091 1439 1268 1495 Simul
1298 1442 1446 1497 enim
1478 1457 1544 1497 ac
1572 1441 1825 1498 Salvator
1849 1459 2046 1500 acces-

461 1537 554 1599 sit,
588 1533 740 1589 abeo
770 1540 970 1587 cuncta
999 1529 1261 1588 didicisse
1294 1539 1508 1602 putant,
1541 1540 1597 1587 et
1626 1533 1691 1587 ad
1720 1548 1844 1588 eum
1874 1534 2049 1589 liben-

464 1637 549 1681 ter
579 1640 707 1681 cum
742 1625 1003 1681 omnibus
1038 1627 1156 1681 suis
1182 1625 1357 1695 copiis
1387 1628 1682 1691 transisse;
1715 1640 1951 1694 eumque
1980 1625 2048 1679 il—

463 1719 577 1773 lum
603 1733 728 1774 esse
754 1716 1128 1773 centurionem
1149 1756 1166 1781 ,
1198 1716 1289 1786 qui
1324 1716 1380 1771 in
1426 1715 1720 1787 Evangelia
1748 1716 1822 1770 ita
1856 1716 2049 1771 Salva-

2157 515 2369 588 ἰησοῦν
2394 516 2679 580 ὡσαύτως,
2712 515 2776 569 τὸ
2809 514 2910 587 μέν
2945 514 3141 569 τιοὰτσδ
3166 511 3263 567 τοῦ
3295 514 3559 584 Σωτῆρος
3590 512 3734 581 εἰρη-

2142 606 2321 672 κέναι,
2363 607 2425 662 τὸ
2468 607 2527 662 δέ
2557 625 2610 661 τι
2651 606 2760 661 ἀπὸ
2799 606 2901 677 τῆς
2943 605 3187 678 Μητρὸς,
3235 606 3297 659 τὸ
3324 603 3385 657 δέ
3413 622 3469 657 τι
3504 603 3617 657 ἀπὸ
3646 603 3739 657 τοῦ

2142 699 2512 772 Δημιουργοῦ,
2555 697 2742 763 καθὼς
2770 697 3113 769 ἐπιδείξομεν
3153 699 3439 771 προϊόντος
3479 697 3616 766 ἡμῖν
3646 694 3741 749 τοῦ

2142 789 2326 859 λόγου.
2377 792 2481 845 Τὸν
2523 791 2582 846 δὲ
2630 791 2995 863 Δημιουργδν,
3038 789 3136 844 ἆτε
3165 786 3467 857 ἀγνοοῦντα
3498 787 3569 841 τὰ
3602 787 3742 859 ὑπὲρ

2142 884 2327 949 αὑτὸν,
2372 883 2639 938 κινεῖσθαι
2691 883 2792 955 μὲν
2832 884 2928 937 ἐπὶ
2971 885 3084 947 τοῖς
3116 881 3451 953 λεγομένοις,
3497 896 3743 933 καταπε-

2143 976 2474 1050 φρονηκέναι
2495 976 2554 1030 δὲ
2578 974 2760 1030 αὐτῶν
2791 974 2981 1031 ἄλλοτε
3008 974 3176 1046 ἄλλην
3209 973 3391 1028 αἰτίαν
3413 972 3742 1042 νομίσαντα,

2143 1070 2178 1140 ἢ
2212 1069 2272 1122 τὸ
2305 1068 2533 1139 Πνεῦμα
2580 1068 2642 1122 τὸ
2692 1066 3041 1141 προφητεῦον
3091 1066 3236 1136 ἔχον,
3279 1064 3375 1119 καὶ
3420 1062 3559 1118 αὐτὸ
3607 1062 3743 1116 ἰδίαν

2142 1162 2267 1216 τινὰ
2296 1163 2531 1241 κίνησιν,
2561 1162 2596 1233 ἢ
2629 1160 2719 1215 τὸν
2745 1161 3053 1231 ἄνθρωπον,
3082 1160 3117 1232 ἢ
3140 1159 3239 1231 τὴν
3261 1155 3619 1230 προσπλοκὴν
3636 1156 3742 1209 τῶν

2144 1255 2345 1327 χειρῶν
2367 1256 2409 1310 ⁸.
2455 1255 2567 1309 Καὶ
2605 1254 2780 1319 οὕτως
2811 1252 3114 1322 ἀγνοοῦντα
3144 1250 3582 1305 διατετελεκέναι
3616 1249 3740 1319 ἄχρι

2145 1344 2243 1415 τῆς
2265 1343 2568 1417 παρουσίας
2589 1342 2683 1398 τοῦ
2709 1344 2938 1415 Κυρίου.
2979 1342 3256 1406 Ἐλθόντος
3283 1338 3461 1394 δὲ-τοῦ
3487 1338 3742 1410 Σωτῆρος

2149 1435 2345 1508 μαθεῖν
2376 1435 2541 1490 αὑτὸν
2571 1436 2702 1507 παρ’
2741 1435 2908 1491 αὑτοῦ
2951 1435 3130 1490 πάντα
3156 1433 3397 1503 λέγουσι,
3439 1432 3537 1486 καὶ
3574 1431 3743 1502 ἄσμε-

2147 1544 2237 1609 νον
2268 1526 2420 1599 αύτῷ
2451 1528 2925 1599 προσχωρήσαντα
2954 1525 3094 1598 μετὰ
3124 1525 3307 1597 πάσης
3333 1525 3436 1596 τῆς
3459 1522 3740 1593 δυνάμεως

2146 1620 2339 1684 αὑτοῦ,
2367 1620 2463 1674 καὶ
2490 1620 2653 1675 αὑτὸν
2682 1616 2824 1674 εἶναι
2854 1620 2951 1675 τὸν
2977 1621 3036 1673 ὲν
3065 1619 3145 1691 τῷ
3170 1616 3493 1687 Εὑαγγελίῳ
3521 1614 3740 1669 ἑκατόν-

2151 1727 2374 1782 ταρχον,
2417 1711 2646 1782 λέγοντα
2686 1712 2767 1784 τῷ
2807 1712 3044 1784 Σωτῆρι·
3083 1712 3195 1769 Καὶ
3230 1710 3343 1782 γὰρ
3375 1709 3490 1779 ἐγὼ
3511 1708 3622 1763 ὑπὸ
3645 1709 3742 1779 τὴν

462 1815 637 1863 torem
691 1807 988 1877 alloquitur
1033 1825 1045 1861 :
1075 1805 1210 1862 Nam
1241 1813 1296 1863 et
1321 1806 1494 1877 egoin
1519 1786 1636 1861 mea
1654 1814 1923 1877 potestate
1954 1807 2053 1861 lia-

2160 1803 2396 1875 ἐμαυτοῦ
2422 1803 2672 1870 ἐξουσίαν
2701 1803 2813 1875 ἔχω
2841 1803 3180 1876 στρατιώτας
3206 1804 3305 1857 καὶ¹
3327 1802 3573 1866 δούλους,
3604 1802 3698 1855 καὶ
3713 1801 3743 1854 ὃ

464 1898 569 1954 beo
596 1897 831 1964 milites,
873 1905 928 1953 et
970 1912 1180 1963 servos,
1215 1905 1268 1952 et
1310 1897 1681 1969 quodcunque
1710 1898 2050 1969 imperarem

464 1990 811 2061 perficiunt‘.
844 1990 1062 2047 Addunt
1111 1991 1302 2045 mundi
1348 1991 1502 2045 illum
1552 1985 1929 2062 procurationi
1980 1991 2050 2046 ad

466 2082 721 2138 idoneum
747 2098 923 2153 usque
958 2091 1174 2152 tempus
1217 2082 1601 2154 praefuturum,
1648 2084 1951 2153 praesertim
1978 2085 2053 2140 ob
2082 2070 2085 2079 ’

468 2172 728 2229 Ecclesiae
766 2172 1326 2239 administrationem,
1356 2174 1589 2243 ejusque
1626 2176 1835 2245 praemii
1861 2178 2054 2249 cogni-

465 2265 703 2331 tionem,
748 2266 893 2337 quod
943 2266 1121 2321 eidem
1164 2275 1251 2322 est
1275 2266 1660 2336 constitutum,
1695 2267 1958 2323 nimirum
1991 2275 2054 2325 ut

465 2356 535 2414 ad
574 2358 763 2415 Matris
788 2358 974 2415 sedem
1007 2359 1292 2415 evehatur.

536 2446 726 2503 XXIII.
773 2446 1064 2506 Hominum
1103 2466 1268 2521 porro
1314 2452 1420 2507 tria
1474 2469 1677 2524 genera
1708 2463 2050 2525 statuuntur,

466 2538 728 2610 spiritale,
766 2547 1069 2605 terrenum,
1108 2543 1364 2607 animale,
1398 2559 1521 2614 quae.
1576 2546 1633 2601 in
1659 2547 1854 2612 Caino,
1886 2549 2055 2605 Abele

469 2646 535 2686 ac
563 2628 732 2685 Setho
759 2639 1081 2687 cernuntur.
1115 2633 1162 2687 Α
1199 2635 1401 2705 quibus
1434 2637 1664 2692 totidem
1695 2620 1907 2694 natura:
1942 2656 2050 2696 non

464 2721 579 2791 jam
612 2724 667 2776 in
695 2722 949 2792 singulis,
983 2722 1078 2778 sed
1113 2739 1209 2794 per
1229 2740 1427 2796 genera
1453 2738 1763 2800 prepagatae
1795 2739 1944 2788 sunt.
1977 2731 2052 2786 Ex

470 2815 541 2870 iis
570 2826 844 2870 terrenum
887 2817 1241 2886 corruptione
1276 2817 1505 2875 dissolvi
1538 2838 1553 2888 ;
1616 2823 1853 2878 animale
1882 2839 2013 2882 vero
2037 2864 2052 2889 ,

470 2904 595 2963 sise
629 2905 939 2977 potioribus
968 2906 1262 2975 dediderit,
1294 2910 1556 2967 mediocri
1588 2912 1643 2967 in
1674 2914 1895 2983 regione
1921 2928 2056 2969 con-

470 2999 793 3070 quiescere,
826 3000 913 3056 sin
946 3000 1217 3056 deteriora
1262 3002 1458 3072 eligat,
1510 3004 1577 3059 ad
1619 3005 1825 3061 similia
1867 3015 2055 3063 trans-

471 3091 624 3147 ferri.
681 3092 963 3165 Spiritalia
1011 3095 1250 3166 denique
1303 3111 1427 3167 quae
1474 3098 1695 3168 quidem
1746 3097 2054 3155 Achamoth

471 3186 804 3250 conscverit,
831 3201 896 3240 ex
922 3186 1013 3243 illo
1035 3198 1280 3258 tempore
1311 3188 1368 3243 in
1393 3188 1720 3245 hodiernum
1753 3205 1927 3264 usque
1950 3193 2061 3262 pia-

471 3289 595 3330 rum
632 3276 937 3332 animarum
987 3278 1295 3350 disciplinae
1339 3282 1637 3338 commissa
1684 3294 1739 3339 et
1781 3283 2014 3340 educata
2042 3323 2058 3349 ,

470 3367 619 3437 quod
667 3368 848 3424 adhuc
883 3368 1113 3425 infantia
1160 3371 1331 3428 missa
1376 3375 1525 3441 sint;
1575 3382 1767 3445 postea
1810 3376 1902 3429 ubi
1934 3390 2062 3445 per-

472 3456 768 3513 fectionem
801 3458 997 3530 adepta
1045 3459 1285 3529 fuerint,
1336 3460 1644 3519 Salvatoris
1703 3466 1914 3535 angelis
1946 3481 2062 3521 ma-

474 3552 737 3608 trimonio
769 3551 1050 3615 collocari,
1081 3566 1209 3605 cum
1244 3552 1463 3606 interim
1498 3555 1696 3609 animae
1731 3555 1889 3625 193
1931 3556 2064 3625 ipsa;

474 3660 601 3700 cum
629 3643 929 3701 Conditore
971 3644 1288 3701 necessario
1323 3645 1504 3703 medio
1535 3648 1590 3702 in
1623 3648 1744 3703 loco
1774 3664 1895 3704 sese
1926 3664 2063 3705 con-

477 3740 705 3795 tineant.
741 3737 1009 3795 Praeterea
1054 3739 1269 3795 animas
1302 3740 1499 3795 iterum
1550 3742 1654 3798 hoc
1709 3744 1873 3800 modo
1920 3746 2063 3800 divi-

476 3832 635 3887 dunt.
687 3818 965 3897 Quasdam
1015 3833 1160 3887 enim
1211 3840 1407 3887 natura
1443 3833 1655 3901 bonas,
1690 3836 1827 3892 alias
1867 3846 2065 3893 natura

475 3922 650 3976 malas
701 3936 847 3978 esse.
906 3920 1088 3978 Bonas
1133 3922 1407 3994 ejusmodi
1439 3941 1602 3994 esse,
1636 3942 1759 3999 quae
1791 3930 1861 3985 ad
1909 3931 2063 3985 exci-

477 4012 740 4086 piendum
807 4026 996 4068 semen
1053 4013 1267 4070 idonea:
1324 4016 1481 4071 sint:
1519 4018 1665 4088 quod
1718 4020 1876 4075 malae
1912 4021 2066 4078 nullo

479 4105 644 4161 modo
676 4113 914 4176 possunt
943 4111 1253 4179 percipere.

548 4194 742 4252 Χλιν.
778 4196 905 4253 llaec
945 4208 1033 4256 est
1080 4201 1298 4256 illorum
1344 4201 1594 4258 doctrina
1618 4245 1635 4272 ,
1685 4219 1850 4276 quam
1889 4212 2069 4277 neque

2157 1896 2254 1950 ἐὰν
2287 1892 2578 1968 προστάξω
2606 1897 2840 1952 notabat.
2885 1897 3136 1952 Τελέσειν
3177 1896 3235 1951 δὲ
3263 1896 3427 1950 αὐτὸν
3463 1895 3567 1966 τὴν
3604 1893 3744 1948 κατὰ

2156 1988 2248 2042 τὸν
2277 1988 2480 2059 κόσμον
2505 1989 2819 2060 οἰκονομίαν
2850 1988 3015 2061 μέχρι
3036 1988 3132 2043 τοῦ
3154 1988 3366 2050 δέοντος
3390 1984 3613 2057 καιροῦ,
3645 1984 3745 2055 μά-

2157 2077 2318 2132 λιστα
2357 2078 2415 2132 δέ
2452 2078 2541 2133 διὰ
2568 2080 2670 2151 τὴν
2697 2080 2796 2151 τῆς
2850 2078 3180 2149 Ἐκκλησίας
3223 2077 3569 2149 ἐπιμέλειαν,
3613 2076 3749 2129 ἀλλὰ

2159 2170 2255 2224 καὶ¹
2278 2169 2366 2224 διὰ
2389 2171 2492 2243 τὴν
2523 2171 2822 2240 ἐπίγνωσιν
2851 2171 2948 2225 τοῦ
2985 2169 3402 2242 ἐτοιμασθὲντος
3430 2168 3583 2240 αὑτῷ
3613 2168 3749 2223 ἐπά-

2160 2262 2310 2329 θλου,
2338 2263 2421 2319 ὅτι
2448 2265 2529 2329 είς
2554 2264 2646 2318 τὸν
2673 2264 2774 2336 τῆς
2799 2263 3024 2337 Μητρὸς
3047 2263 3211 2318 τόπον
3233 2263 3499 2335 χωρήσει.

2230 2446 2360 2501 Kl".
2404 2444 2734 2518 Ἀνθρὼπων
2775 2445 2834 2499 δέ
2867 2444 2997 2518 τρία
3035 2444 3170 2515 γένη
3202 2442 3553 2514 ὑφίστανται,
3583 2459 3746 2495 πνευ-

2163 2538 2415 2610 ματικὸν,
2478 2538 2681 2611 χοῖκὸν,
2735 2537 2990 2609 ψυχικὸν,
3046 2536 3231 2601 καθὼς
3287 2535 3542 2606 ἐγένοντο
3586 2536 3749 2599 Κάῐν,

2165 2630 2352 2697 Ἅϐελ,
2384 2631 2517 2703 Σήθ-
2545 2633 2642 2685 καὶ
2669 2634 2732 2685 ἐκ
2756 2632 2962 2685 τούτων
2989 2629 3090 2694 τὰς
3114 2632 3265 2701 τρεῖς
3292 2629 3484 2699 φύσεις
3506 2629 3549 2693 ³,
3570 2629 3750 2683 οὐκέτι

2161 2723 2282 2778 καθ’
2313 2723 2392 2791 ἐν,
2427 2723 2563 2778 ἀλλὰ
2592 2723 2736 2777 κατὰ
2764 2725 2941 2792 γένος.
2968 2724 3079 2778 Καὶ
3102 2722 3168 2776 τὸ
3190 2723 3289 2795 μὲν
3309 2721 3493 2793 χοῖκὺν
3515 2724 3598 2784 είς
3627 2720 3751 2790 φθο-

2165 2814 2265 2886 ρὰν
2296 2818 2517 2885 χωρεῖν,
2545 2815 2641 2869 καὶ
2667 2814 2730 2867 τὸ
2758 2815 3010 2885 ψυχικὸν,
3039 2813 3136 2869 ἐὰν
3163 2813 3235 2867 τὰ
3264 2813 3512 2885 βελτίονα
3540 2814 3750 2885 ἕληται,

2164 2909 2222 2961 ἐν
2251 2906 2331 2978 τῷ
2358 2908 2458 2978 τῆς
2485 2906 2783 2978 μεσότητος
2825 2908 2978 2978 τόπῳ
3022 2905 3416 2973 ᾁναπαύεσθαι·
3461 2905 3562 2960 ἐὰν
3596 2907 3655 2959 δέ
3691 2908 3754 2959 τὰ

2162 2999 2355 3071 χείρω,
2406 3000 2679 3071 χωρήσειν
2724 2998 2822 3053 καὶ
2865 3000 2997 3054 αὐτὸ
3044 2999 3181 3071 πρὸς
3225 2978 3522 3070 τὰᾟμοια.
3581 2998 3665 3052 Τὰ
3696 2999 3753 3051 δὲ

2164 3093 2532 3165 πνευματικὰ,
2564 3092 2600 3147 ἃ
2616 3093 2683 3148 ἂν
2710 3091 3103 3167 κατασπείρῃή
3145 3092 3427 3165 Ἀχαμὼθ,
3447 3092 3632 3146 ἔκτοτε
3655 3093 3755 3155 ἕως

2166 3181 2259 3241 τοῦ
2290 3184 2386 3240 νῦν
2412 3185 2650 3249 δικαίαις
2687 3185 2887 3255 ψυχαῖς
2927 3184 3290 3239 παιδευθέντα
3317 3183 3509 3238 ἐνθάδε
3541 3183 3639 3237 καὶ
3670 3184 3757 3235 ἐκ·

2167 3281 2463 3354 τραφέντα,
2488 3280 2576 3336 διὰ
2600 3281 2662 3333 τὸ
2684 3281 2853 3352 νήπια
2875 3278 3287 3351 ἐκπεπέμφθαι,
3316 3278 3547 3352 ὕστερον
3568 3277 3758 3331 τελειό-

2166 3390 2330 3444 τητος
2373 3371 2699 3439 ἀξιωθέντα,
2745 3370 2966 3443 νύμφας
3023 3370 3461 3442 ἀποδοθήσεσθαι
3504 3372 3619 3433 τοίς
3663 3367 3759 3423 τοῦ

2168 3467 2424 3538 Σωτῆρος
2446 3465 2702 3535 ἀγγέλοις
2722 3465 3133 3536 δογματίζουσι,
3155 3464 3266 3518 τῶν
3283 3464 3471 3535 ψυχῶν
3500 3464 3682 3519 αὐτῶν
3702 3467 3762 3519 ἐν

2172 3559 2432 3632 μεσότητι
2469 3556 2591 3612 κατ’
2616 3556 2869 3628 ἀνάγκην
2912 3556 2992 3628 (ἐν
3040 3556 3324 3627 μεσότητι)
3360 3555 3502 3626 μετὰ
3531 3556 3626 3609 τοῦ
3653 3558 3758 3625 Δη-

2174 3648 2439 3725 μιουργοῦ
2462 3650 2940 3720 ἀναπαυσαμένων
2965 3650 3046 3712 είς
3069 3647 3132 3701 τὸ
3154 3648 3441 3712 παντελές.
3466 3650 3579 3703 Καὶ
3593 3649 3761 3712 αὐτὰς

2173 3743 2273 3814 μὲν
2299 3740 2402 3805 τὰς
2428 3739 2668 3811 ψυχικὰς
2699 3741 2721 3772 ⁵
2754 3739 2918 3793 πάλιν
2952 3738 3380 3813 ὑπομερίζοντες
3419 3738 3667 3808 λέγουσιν
3693 3738 3760 3801 ἃς

2174 3836 2275 3908 μὲν
2299 3833 2460 3906 φύσει
2484 3831 2718 3903 ἀγαθὰς,
2748 3830 2815 3896 ἃς
2843 3831 2899 3885 δέ
2930 3831 3090 3900 φύσει
3118 3831 3383 3902 πονηράς
3413 3831 3510 3884 καὶ
3539 3829 3640 3893 τὰς
3666 3829 3761 3900 μὲν

2138 3926 2382 4005 1ἀγαθὰς
2424 3923 2630 3989 ταύτας
2675 3919 2839 3989 εἷναι,
2885 3921 2985 3985 τὰς
3025 3921 3285 3985 δεκτικὰς
3317 3919 3414 3974 τοῦ
3450 3920 3765 3992 σπέρματος

2170 4020 2483 4092 γινομέναςο
2519 4018 2620 4083 τὰς
2642 4019 2701 4072 δὲ
2724 4017 2883 4089 φύσει
2915 4015 3160 4088 πονηρὰς
3195 4016 3468 4087 μηδέποτε
3494 4015 3564 4069 ἂν
3587 4015 3766 4069 emae-

2071 4134 2079 4171 τ
2175 4110 2368 4178 ξασθαι
2404 4114 2581 4166 ἐκεῖνο
2611 4110 2674 4164 τὸ
2700 4110 2943 4182 σπέρμα.

2246 4204 2372 4260 KA'.
2424 4203 2694 4276 Τοιαύτης
2750 4203 2807 4257 δὲ
2845 4205 2944 4275 τῆς
2993 4201 3304 4265 ὑποθέσεως
3339 4200 3523 4256 αὐτῶν
3578 4199 3765 4271 οὔσης,

477 4288 754 4359 prophetae
782 4290 1169 4360 praedicarunt,
1199 4307 1377 4364 neque
1406 4292 1669 4351 Dominus
1697 4296 1942 4362 tradidit,
1968 4310 2053 4351 net

2174 4294 2241 4365 ἢν
2272 4292 2396 4347 οὔτε
2423 4293 2697 4363 προφῆται
2731 4290 3033 4362 ἐκήρυξαν,
3061 4289 3188 4344 οὔτε
3219 4291 3248 4342 ό
3271 4290 3476 4361 Κύριος
3503 4288 3764 4355 ἐδίδαξεν,

481 4381 715 4452 apostoli
754 4384 1114 4453 reliquerunt.
1157 4384 1276 4450 Qua
1319 4387 1541 4457 quidem
1598 4388 1823 4444 minime
1863 4390 2053 4462 script:

2174 4385 2297 4440 οὔτε
2333 4385 2619 4440 ἀπόστολοι
2677 4384 3021 4457 παρέδωκαν,
3069 4382 3139 4455 ἢν
3179 4384 3310 4456 περὶ
3341 4382 3450 4437 τῶν
3493 4383 3637 4438 ὅλων
3675 4384 3767 4436 αὑ-

479 4487 546 4528 ex
578 4473 858 4530 auditione
885 4475 966 4531 sic
994 4487 1211 4547 arrepta
1236 4514 1251 4541 ,
1286 4487 1346 4532 ut
1380 4479 1524 4549 quod
1558 4479 1612 4533 in
1645 4481 1934 4551 proverbio
1962 4491 2046 4538 est

2175 4477 2331 4550 χοῦσι
2357 4476 2540 4531 πλεῖον
2564 4477 2674 4529 τῶν
2694 4476 2871 4530 ἄλλων
2897 4475 3214 4543 ἐγνωκέναι,
3250 4475 3310 4542 ἐξ
3341 4474 3610 4546 ἀγράφων
3640 4476 3767 4528 ἀνα-

483 4562 692 4619 Funem
708 4581 774 4620 ea:
796 4581 969 4621 arenae
987 4577 1158 4623 texere
1180 4578 1487 4638 conentur;
1515 4572 1637 4641 plus
1661 4588 1721 4628 se
1756 4575 1970 4630 ueteris
2000 4575 2053 4631 dt

2170 4569 2538 4639 γινώσκοντες
2560 4608 2576 4634 ,
2630 4568 2727 4622 καὶ
2777 4569 2841 4622 τὸ
2892 4567 2958 4638 δὴ
3024 4566 3316 4638 λεγόμενον
3342 4606 3359 4629 ,
3420 4566 3516 4632 Ἐξ
3571 4568 3767 4638 ἄμμου

485 4656 872 4712 universorum
921 4667 1117 4713 natura
1156 4662 1302 4717 scire
1344 4664 1667 4733 gloriantur.
1717 4665 1799 4720 Ad
1831 4683 1895 4722 ea
1939 4683 2053 4724 νον(

2177 4663 2423 4733 σχοινία
2467 4660 2722 4717 πλέκειν
2740 4658 3151 4733 ἐπιτηδεύοντες
3179 4701 3195 4727 ,
3235 4659 3569 4725 ἀξιοπίστως
3600 4677 3767 4733 προσο

485 4762 607 4818 ηοω
634 4745 873 4803 diximus
902 4751 1311 4820 comprobanda
1336 4793 1352 4817 ,
1403 4756 1648 4825 quaedam
1689 4770 1722 4812 e
1745 4759 1919 4814 sacris
1951 4760 2053 4814 Lit-

2180 4755 2446 4828 αρμόζειν
2511 4754 2812 4827 πειρῶνται
2849 4756 2962 4818 τοῖς
2989 4754 3336 4826 εἰρημένοις,
3368 4754 3488 4826 ήτοι
3520 4753 3762 4826 παρασο-

485 4841 618 4896 teris
664 4845 1122 4900 accommodant:
1176 4845 1487 4914 cuiusmodi
1536 4859 1667 4906 sunt
1720 4862 1995 4923 usurpata:
2040 4870 2053 4909 :

2180 4848 2279 4913 λὰς
2313 4846 2619 4921 Κυριακὰς,
2649 4845 2682 4916 ἢ
2718 4848 2903 4918 ῥήσεις
2936 4844 3318 4916 προφητικὰς,
3348 4845 3382 4915 ἢ
3404 4845 3600 4914 λόγους
3631 4848 3767 4900 cirro-

485 4934 719 4991 Domino
751 4935 1058 5006 parabola,
1111 4945 1206 4992 aut
1251 4941 1584 5012 prophetica:
1622 4945 1941 5012 sententiae,
1979 4963 2046 5002 au

2183 4938 2460 5001 στολικοὺς
2484 4977 2500 5005 ,
2546 4936 2633 4990 ἵνα
2658 4938 2720 4990 τὸ
2746 4937 2973 5008 πλάσμα
3010 4936 3190 4992 αὐτῶν
3238 4937 3312 5008 μὴ
3341 4937 3666 5010 ἀμάρτυρον
3692 4934 3767 4993 εἴ·

486 5031 860 5098 apostolorum
890 5030 1076 5098 verba,
1116 5046 1186 5087 ne
1222 5035 1470 5089 conﬁcta:
1499 5036 1569 5090 ah
1599 5037 1666 5092 iis
1697 5037 1894 5094 fabulae
1917 5056 2048 5111 pror

2178 5046 2267 5085 ναι
2298 5029 2462 5099 δοκῇ,
2495 5028 2596 5099 τὴν
2644 5029 2743 5099 μὲν
2785 5027 2940 5094 τάξιν
2977 5030 3073 5083 καὶ
3121 5028 3214 5082 τὸν
3252 5029 3444 5102 εἱρμὸν
3491 5030 3604 5083 τῶν
3636 5033 3769 5101 Γρα-

486 5136 584 5177 sus
614 5122 932 5178 testimonio
977 5138 1168 5181 carere
1216 5126 1529 5185 videantur.
1559 5128 1886 5202 Quanquam
1936 5133 2053 5188 divi

2180 5122 2296 5192 φῶν
2332 5120 2753 5193 ὑπερϐαίνοντες
2775 5163 2789 5189 ,
2825 5122 2919 5175 καὶ
2946 5122 3071 5175 ὅσον
3104 5123 3189 5191 ἐφ’
3213 5123 3427 5186 ἑαυτοῖς
3456 5122 3679 5188 λύοντες
3706 5123 3768 5175 τὰ

489 5228 685 5269 norum
708 5215 1057 5270 oraculorum
1096 5217 1345 5273 ordinem
1385 5220 1693 5292 seriemque
1720 5226 2053 5282 conturbant

2185 5214 2322 5286 μέλη
2363 5213 2467 5283 τῆς
2498 5212 2777 5284 ἀληθείας.
2815 5213 3202 5284 Μεταφέρουσι
3237 5213 3297 5267 δὲ
3322 5215 3417 5268 καὶ
3458 5215 3767 5286 μεταπλὰτ-

492 5319 556 5359 ac
588 5308 765 5375 quoad
797 5307 855 5362 in
883 5309 1018 5378 ipsis
1052 5309 1218 5365 situm
1240 5317 1347 5378 est,
1373 5313 1647 5381 veritatis,
1676 5322 1735 5370 ut
1767 5316 1840 5370 ita
1870 5316 2049 5373 dicam

2183 5326 2335 5363 τουσι
2356 5350 2371 5376 ,
2404 5308 2500 5362 καὶ¹
2536 5307 2664 5362 ἄλλο
2696 5308 2755 5374 ἐξ
2788 5307 2946 5362 ἄλλου
2978 5306 3260 5372 ποιοῦντες
3298 5306 3615 5374 ἐξαπατῶσι
3649 5307 3768 5361 πολ·

494 5396 736 5449 membra
764 5397 1090 5453 dissolvunt.
1127 5398 1262 5454 Nam
1304 5401 1359 5455 in
1390 5400 1627 5457 alienum
1676 5404 1858 5460 locum
1891 5413 2047 5462 trans

2183 5403 2308 5466 λοῦς
2338 5404 2407 5473 τῇ
2456 5399 2566 5452 τῶν
2604 5399 3070 5472 ἐφαρμοζομένων
3113 5399 3410 5474 Κυριακῶν
3442 5400 3645 5470 λογίων
3674 5417 3769 5452 κα-

494 5482 605 5541 lata
652 5501 718 5541 ac
741 5500 1073 5546 commutata
1117 5494 1413 5565 pleraque,
1453 5503 1507 5550 et
1536 5497 1643 5552 alia
1684 5514 1752 5553 ex
1778 5499 1902 5555 aliis
1930 5499 2053 5555 fact:

2183 5496 2492 5567 κοσυνθέτῳ
2540 5494 2725 5566 σοφίᾳ.
2780 5492 2993 5565 Ὀνπερ
3035 5495 3234 5562 τρόπον
3283 5495 3339 5549 εἴ
3380 5511 3466 5560 τις
3513 5492 3765 5565 βασιλέως

568 5645 587 5679 ι
615 5643 810 5699 Matth.
849 5659 964 5714 vm,
990 5649 1044 5705 9.
1118 5652 1138 5686 ³
1167 5652 1307 5710 lreu.
1345 5652 1626 5727 χειρόνων.
1704 5658 1725 5691 ³
1748 5657 1891 5716 lren.
1927 5659 2015 5714 ἵνα
2043 5660 2053 5715 ἓ

2160 5658 2354 5726 ἰείξωσι
2384 5655 2500 5711 καί.
2575 5654 2597 5686 ⁸
2631 5653 2775 5710 lt‘en.
2809 5648 3010 5724 ψυχάς.
