3982 6428
227 396 326 453 ὕει

899 393 1266 451 ADVERSUS
1310 393 1651 449 llAZliESES
1692 392 1831 449 ¹ΜΒ.
1875 394 1917 447 1.
1960 390 2120 445 TOM.
2168 392 2230 446 ll.
2274 423 2339 432 -—
2381 392 2649 447 ll.-ER|".S.
2686 392 2853 449 XXXI
3405 398 3469 455 δέ

3488 401 3507 437 ἃ

3479 418 3491 431 ε

3480 438 3508 454 Α

224 514 435 577 εἰκόνος
464 513 632 584 καλῆς
664 513 1177 584 κατεσκευασμένης
1227 515 1297 567 ὲκ
1335 513 1582 584 ψηφίδων
1617 512 1818 583 ἐπισή-
1849 534 1862 574 Α

1942 511 2000 564 .ῑο
2055 510 2337 581 proferunt
2367 551 2381 576 ,
2432 519 2491 566 ut
2534 514 2839 568 divinarum
2893 516 3324 583 sententiarum,
3369 533 3508 587 quas

225 623 346 677 μων
377 604 482 658 ὑπὸ
508 605 672 674 σοφοῦ
706 604 969 675 τεχνίτου,
1002 605 1170 670 λύσας
1199 606 1298 676 τὴν
1326 606 1702 677 ὑποκειμένην
1726 605 1820 658 τοῦ

225 694 518 766 ἀνθρώπου
556 694 722 761 ἰδέαν,
751 695 1051 766 μετενέγκῃ
1078 696 1176 759 τὰς
1203 694 1439 767 ψηφίδας
1465 699 1690 758 ὲκείνας
1727 695 1824 747 καὶ

225 786 569 858 μεθαρμόσοι
606 789 701 841 καὶ
731 789 948 857 ποιήσει
990 787 1203 858 μορφὴν
1243 787 1406 850 κυνὸς
1434 785 1470 856 ἢ
1509 782 1818 851 ἀλώπεκος.

224 879 321 933 καί⁵
352 879 556 952 ταύτην
596 879 814 948 φαύλως
841 879 1384 948 κατεσκευασμένην,
1428 881 1626 934 ἔπειτα
1659 880 1824 951 διορί-

224 967 375 1033 ξοιτο
401 1008 416 1033 ,
459 970 552 1023 καὶ
602 968 751 1037 λέγοι
802 968 1006 1039 ταύτην
1061 964 1198 1023 εἶναι
1250 970 1350 1039 τὴν
1403 970 1497 1023 τοῦ
1562 969 1824 1039 βασιλέως

225 1061 448 1132 ἐκείνην
480 1062 663 1115 εἰκόνα
700 1061 797 1133 τὴν
827 1061 1019 1131 καλὴν,
1055 1062 1119 1132 ἦν
1150 1064 1178 1114 ὁ
1207 1062 1368 1129 σοφὸς
1400 1062 1655 1133 τεχνίτης
1696 1079 1826 1115 κατ-

227 1153 529 1219 εσκεύασε,
576 1153 784 1217 δεικνὺς
819 1153 918 1217 τὰς
960 1152 1199 1224 ψηψῖδας
1230 1154 1327 1217 τὰς
1377 1154 1563 1216 καλῶς
1595 1151 1698 1205 ὑπὸ
1729 1151 1823 1205 τοῦ

228 1247 478 1316 τεχνίτου
529 1245 622 1299 τοῦ
661 1245 877 1316 πρώτου
934 1247 1015 1308 εἰς
1068 1245 1167 1315 τὴν
1211 1244 1304 1297 τοῦ
1341 1241 1610 1314 βασιλέως
1640 1242 1825 1296 εἰκόνα

229 1336 585 1399 συντεθείσας
611 1376 627 1401 ,
685 1335 863 1399 καλῶς
915 1335 972 1389 δὲ
1006 1336 1109 1391 ὑπὸ
1139 1334 1234 1388 τοῦ
1290 1335 1516 1406 ὑστέρου
1553 1332 1633 1397 εἰς
1668 1333 1825 1396 κυνὸς

229 1429 452 1499 μορφὴν
489 1428 937 1499 μετενεχθείσας,
999 1427 1095 1481 καὶ
1149 1426 1237 1480 διὰ
1285 1426 1385 1496 τῆς
1418 1426 1532 1481 τῶν
1575 1424 1824 1497 ψηφίδων

230 1520 539 1587 φαντασίας
569 1520 842 1592 μεθοδεύοι
872 1520 995 1583 τοὺς
1030 1518 1448 1590 άπειροτέρους,
1487 1519 1618 1581 τοὺς
1656 1519 1824 1572 κατά-

231 1613 397 1682 ληψιν
433 1612 717 1684 βασιλικῆς
774 1614 987 1684 μορφῆς
1021 1614 1120 1667 οὐκ
1170 1612 1425 1683 ἔχοντας,
1469 1610 1566 1665 καὶ
1626 1609 1822 1674 πείθοι,

231 1705 310 1757 Ξτι
338 1702 481 1774 αὕτη
515 1705 548 1774 ἡ
575 1701 760 1773 σαπρὰ
790 1702 887 1773 τῆς
921 1700 1201 1766 ἀλώπεκος
1236 1701 1349 1753 ἰδέα
1380 1697 1559 1767 ἐκείνη
1604 1696 1751 1749 ἐστὶν
1791 1698 1824 1767 ἠ

231 1793 376 1866 καλὴ
407 1793 503 1847 τοῦ
536 1792 800 1863 βασιλέως
831 1790 1020 1844 εἰκών·
1070 1792 1158 1844 τὸν
1206 1790 1367 1846 αὑτὸν
1408 1789 1470 1861 δὴ
1497 1788 1701 1860 τρόπον
1731 1788 1827 1840 καὶ

235 1864 383 1939 ὦτοι
411 1884 599 1955 γραῶν
637 1882 839 1955 μύθους
875 1881 1383 1951 συγκαττύσαντες,
1420 1881 1613 1933 ἔπειτα
1645 1878 1824 1948 ρήμοι-
1862 1864 1900 1917 Β

239 1994 299 2030 τα
333 1977 429 2029 καὶ
475 1975 647 2041 λέξεις
681 1975 774 2028 καὶ
809 1972 1120 2044 παραϐολάς
1161 1972 1281 2025 ὅθεν
1329 1972 1422 2024 καὶ
1475 1972 1642 2022 πόθεν
1690 1968 1826 2020 ἀπο-

235 2068 517 2129 σπῶντες,
555 2063 885 2135 ἐφαρμόζειν
919 2062 1200 2132 βούλονται
1253 2063 1365 2123 τοῖς
1405 2059 1597 2130 μύθοις
1647 2057 1826 2110 αὐτῶν

238 2157 305 2210 τὶ
339 2157 497 2224 λόγια
536 2154 627 2207 τοῦ
673 2153 828 2207 Θεοῦ.
867 2152 972 2206 Καὶ
998 2153 1099 2206 ὅσα
1152 2151 1252 2223 μὲν
1285 2151 1342 2204 ὲν
1379 2153 1491 2215 τοῖς
1537 2146 1633 2203 τοῦ
1679 2147 1827 2219 Πλη-

237 2248 498 2322 ρῶματος
528 2246 948 2318 ἐφαρμόζουσιν,
981 2247 1299 2316 εἰρήκαμεν.

309 2517 444 2572 κε’.
477 2518 613 2571 Ὅσα
645 2517 702 2570 δὲ
734 2516 963 2579 καὶτοῖς
1006 2510 1161 2577 ἐκτὸς
1192 2511 1285 2566 τοῦ
1322 2510 1697 2582 Πληρώματος
1730 2510 1829 2563 αύ-

242 2611 353 2665 τῶν
404 2607 778 2682 προωικειοῦν
821 2608 1117 2679 πειρῶνται
1165 2607 1231 2659 ὲκ
1272 2604 1379 2659 τῶν
1422 2598 1686 2675 Γραφῶν,
1717 2600 1832 2654 ἔστι

243 2705 496 2759 τοιαῦτα.
533 2703 636 2756 Τὸν
683 2700 884 2773 Κύριον
920 2701 978 2752 ὲν
1030 2700 1141 2761 τοῖς
1193 2697 1442 2767 ἐσχάτοις
1486 2692 1581 2748 τοῦ
1627 2694 1833 2762 κόσμου

244 2794 462 2865 χρόνοις
490 2791 575 2846 διὰ
609 2790 766 2846 τοῦτο
801 2787 1123 2859 ἐληλυθέναι
1152 2786 1244 2839 ἐπὶ
1275 2786 1338 2838 τὸ
1361 2784 1532 2847 πάθος
1563 2784 1832 2851 λέγουσιν,

246 2886 316 2937 ἵν’
358 2882 599 2955 ἐπιδείξῃ
619 2883 678 2935 τὸ
700 2882 828 2952 περὶ
855 2881 945 2935 τὸν
973 2879 1200 2949 ἔσχατον
1227 2876 1336 2930 τῶν
1368 2874 1587 2929 Αίώνων
1612 2872 1835 2943 γεγονὸς

249 2973 427 3038 πάθος
450 3014 466 3039 ,
514 2974 608 3027 καὶ
638 2972 704 3026 δι’
742 2971 905 3025 αὑτοῦ
949 2969 1041 3024 τοῦ
1096 2968 1281 3032 τέλους
1319 2967 1537 3038 ὲμφήνῃ
1588 2965 1649 3018 τὸ
1683 2963 1838 3025 τέλος

248 3067 355 3137 τῆς
409 3066 535 3135 περὶ
563 3065 686 3127 τοὺς
723 3063 936 3128 Αἰῶνας
970 3060 1373 3134 πραγματείας.
1416 3058 1527 3126 Τὴν
1576 3057 1633 3111 δὲ
1679 3056 1841 3110 δωδε-

251 3156 429 3227 καετῆ
464 3155 729 3227 παρθένον
759 3156 972 3226 ἐκείνην
998 3154 1094 3225 τὴν
1128 3150 1222 3205 τοῦ
1254 3148 1699 3222 ἀρχισυναγώγου
1748 3147 1839 3202 θυ-

255 3246 470 3315 γατέρα
490 3285 503 3307 ,
536 3249 601 3315 ἢν
629 3243 853 3307 ἐπιστὰς
878 3246 906 3297 ὁ
931 3242 1135 3314 Κύριος
1164 3241 1229 3293 ἐκ
1256 3239 1463 3312 νεκρῶν
1491 3240 1681 3310 ἤγειρε
1709 3277 1724 3301 ,
1749 3239 1843 3291 τύ-

256 3353 363 3389 πον
387 3330 527 3389 εϊναι
555 3335 863 3405 διηγοῦνται
900 3336 995 3405 τῆς
1038 3331 1294 3404 Ἀχαμὼθ
1321 3372 1335 3396 ,
1363 3332 1431 3402 ἢν
1463 3330 1785 3394 ὲπεκταθείς
1816 3332 1847 3383 ό

255 3426 500 3499 Χριστὸς
535 3426 696 3480 αὐτὸν
726 3428 740 3457 ί
777 3426 1065 3499 ἐμόρφωσε
1089 3465 1104 3489 ,
1133 3426 1227 3478 καὶ
1275 3425 1354 3487 είς
1385 3422 1635 3494 αἴσθησιν
1670 3423 1844 3493 ἤγαγε

257 3518 357 3572 τοῦ
388 3518 776 3582 καταλιπόντος
807 3518 974 3589 αὐτὴν
1008 3516 1204 3586 φωτός.
1236 3516 1354 3569 Ὅτι
1385 3515 1442 3569 δὲ
1471 3516 1608 3586 αὐτῇ
1636 3515 1846 3585 ἐπέφα-

259 3632 354 3670 νεν
385 3616 414 3667 ὁ
430 3612 623 3685 Σωτὴρ
646 3613 800 3677 ἐκτὸς
816 3610 981 3682 οὔσης
1000 3613 1039 3642 ¹⁶
1059 3609 1152 3663 τοῦ
1175 3608 1547 3682 Πληρώματος
1566 3609 1623 3663 ἐν
1642 3607 1849 3680 ἐκτρώ-

264 3724 438 3779 ματος
482 3707 647 3777 μοίρᾳ
669 3747 683 3769 ,
715 3707 805 3759 τὸν
832 3706 1045 3760 Παῦλον
1088 3706 1341 3774 λέγουσιν
1387 3702 1664 3776 εἰρηκέναι
1693 3703 1749 3755 έν
1778 3702 1843 3772 τῇ

261 3800 405 3870 πρὸς
438 3798 782 3870 Κορινθίους*
834 3801 1141 3867 Ἕσχατον
1172 3798 1241 3852 δὲ
1285 3796 1526 3851 πάντων
1589 3794 1847 3863 ὡσπερεὶ

260 3890 348 3957 τῷ
374 3890 693 3962 ἐκτρώματι
725 3889 889 3962 ὤφθη
939 3890 1135 3961 κάμοί.
1172 3891 1283 3962 Τήν
1313 3906 1371 3942 τε
1421 3887 1560 3960 μετὰ
1588 3887 1695 3941 τῶν
1730 3885 1848 3957 ήλιε

257 3983 480 4038 κιωτῶν
506 3984 600 4036 τοῦ
627 3983 878 4054 Σωτῆρος
923 3982 1225 4053 παρουσίαν
1260 3981 1396 4052 πρὸς
1424 3982 1524 4049 τὴν
1591 3976 1846 4049 Ἀχαμὼθ

258 4074 468 4144 ὁμοίως
498 4074 942 4145 πεφανερωκέναι
988 4070 1152 4127 αὑτὸν
1183 4073 1240 4125 ὲν
1270 4074 1337 4143 τῇ
1373 4072 1510 4143 αὐτῇ
1560 4068 1844 4139 Ἐπιστολῇ

266 4166 519 4220 εἰπόντασ
578 4168 671 4220 Δεῖ
722 4166 818 4237 τὴν
854 4168 1085 4235 γυναῖκα
1138 4166 1402 4235 κάλυμμα
1432 4163 1575 4232 ἔχειν
1620 4162 1713 4213 ἐπὶ
1746 4161 1847 4231 τῆς

264 4260 507 4330 κεφαλῆς
537 4259 624 4315 διὰ
673 4262 798 4323 τοὺς
830 4258 1114 4327 ἀγγέλους.
1149 4258 1260 4310 Καὶ
1310 4257 1430 4316 ὅτι,
1475 4255 1703 4325 ἥκοντος
1754 4250 1846 4304 τοῦ

258 4352 516 4423 Σωτῆρος
568 4352 704 4421 πρὸς
731 4351 930 4421 αὐτὴν,
981 4352 1048 4405 δι’
1091 4347 1224 4403 αἰδὼ
1257 4348 1520 4419 κάλυμμα
1559 4345 1845 4414 ὲπέθετοή

269 4444 531 4517 ’Δχαμὼθ
560 4484 575 4508 ,
613 4446 815 4499 Μωσέα
872 4442 1229 4515 πεποιηκέναι
1268 4440 1499 4511 φανερὸν
1530 4477 1545 4501 ,
1586 4437 1849 4507 κάλυμμα

260 4536 493 4606 θέμενον
525 4533 618 4587 ἐπὶ
655 4532 716 4585 τὺ
772 4532 1061 4605 πρόσωπον
1094 4529 1282 4584 αὐτοῦ.
1334 4528 1447 4583 Καὶ
1482 4527 1551 4581 τὰ
1598 4526 1746 4597 πάθη
1791 4526 1847 4578 δὲ

226 4628 467 4699 ἀῥτῆς.
497 4626 533 4679 ἃ.
559 4625 792 4689 ἔπαθεν,
844 4622 1343 4699 ἐπισεσημειῶσθαι
1377 4622 1467 4675 τὸν
1510 4621 1712 4692 Κύριον
1742 4619 1848 4688 φά-

264 4738 487 4776 σκουσιν
527 4721 582 4773 ἐν
628 4718 708 4789 τῷ
754 4696 993 4788 σταυρῷ.
1030 4717 1138 4770 Καὶ
1174 4718 1232 4769 ὲν
1282 4716 1378 4786 μὲν
1418 4713 1496 4785 τῷ
1530 4715 1704 4766 είπ-ῖν
1731 4751 1746 4775 ,
1792 4712 1853 4764 Ὀ

264 4816 412 4880 Θεός
437 4830 578 4882 μου,
602 4814 690 4877 εἰς
720 4813 776 4865 τί
794 4809 1178 4880 ἐγκατέλιπές
1201 4825 1319 4878 ys;
1356 4807 1726 4879 μεμηνυκέναι
1752 4806 1853 4859 αὑ-

260 4907 355 4959 τὸν
380 4945 395 4969 ,
441 4905 521 4957 ὅτι
559 4903 860 4973 ἀπελείφθη
916 4902 1026 4956 ἀπὸ
1057 4900 1150 4955 τοῦ
1202 4901 1378 4969 φωτὸς
1432 4902 1465 4970 ἡ
1515 4898 1685 4967 Σοφία
1709 4940 1723 4962 ,
1760 4892 1854 4951 καὶ

262 4998 516 5067 ἐκωλύθη
545 4997 649 5052 ὑπὸ
678 4997 773 5051 τοῦ
808 5000 973 5068 ’Ὀρου
1006 4998 1105 5067 τῆς
1136 4997 1215 5059 είς
1245 4993 1622 5065 τοῦμπροσθεν
1649 4993 1851 5064 ὁρμῆς·

262 5092 370 5161 τὴν
404 5090 463 5143 δὲ
489 5089 664 5161 λύπην
693 5090 885 5160 αὐτῆς,
907 5091 962 5142 έν
987 5089 1064 5159 τῷ
1092 5089 1284 5141 εἰπεῖν·
1310 5086 1647 5154 Περίλυπός
1679 5086 1853 5138 ἐστιν

264 5186 305 5252 ἡ
334 5181 507 5252 ψυχή
536 5199 655 5251 μου
687 5181 797 5247 ἕως
824 5181 1116 5235 θανάτου·
1149 5179 1239 5232 τὸν
1263 5179 1319 5231 δὲ
1341 5178 1543 5247 φόϐον,
1579 5179 1636 5230 ὲν
1667 5175 1745 5246 τῷ
1776 5177 1855 5228 εἰ-

266 5275 425 5327 πεῖν’
455 5272 668 5339 Πάτερ,
698 5273 750 5325 εἰ
782 5270 1044 5325 δυνατὸν
1067 5311 1081 5335 ,
1113 5271 1451 5338 παρελθέτω
1480 5268 1580 5323 ἀπ’
1609 5266 1756 5336 ἐμοῦ
1787 5267 1852 5320 τὸ

265 5364 584 5433 ποτήριονο
616 5366 709 5419 καὶ
733 5364 831 5435 τὴν
861 5363 1095 5435 ἀπορίαν
1123 5363 1180 5417 δὲ
1203 5362 1482 5424 ὡσαύτως.
1503 5363 1559 5413 ὲν
1590 5358 1667 5430 τῷ
1693 5361 1846 5430 εἰρη-

266 5460 423 5514 κέναι
444 5475 457 5488 ·
489 5456 596 5511 Kal
626 5456 682 5509 τί
710 5455 857 5509 εἴπω
881 5457 991 5510 οὐκ
1023 5454 1174 5509 οῖδα.
1204 5453 1344 5523 Τρία
1371 5452 1429 5506 δὲ
1461 5452 1592 5521 γένη
1637 5449 1851 5520 ἀνθρώ-

265 5570 386 5607 πων
431 5550 577 5604 οὕτω
623 5547 931 5617 δεδειχέναι⁴
964 5546 1305 5600 διδάσκουσιν
1353 5543 1548 5597 αὐτόν*
1608 5542 1700 5595 τὸν
1754 5542 1853 5611 μὲν

265 5643 472 5707 ὑλικὸν,
506 5643 563 5693 ὲν
586 5639 662 5710 τῷ
702 5639 870 5691 εἰπεῖν
902 5635 978 5708 τῷ
1023 5636 1357 5708 ὲρωτήσαιντι
1380 5650 1393 5662 ·
1439 5633 1854 5699 Ἀκολουθήσω

345 5760 358 5790 ¹
393 5760 535 5813 lren.
571 5753 771 5808 αὐτῶν.
850 5757 886 5786 ⁸⁸
921 5752 1245 5824 Εὐγιεοΰσῃ.

264 5830 357 5887 29.
434 5832 455 5861 ⁸
487 5826 683 5887 Matth.
711 5840 876 5887 xxvii,
911 5825 1013 5888 4'6;
1070 5822 1234 5878 Marc.
1268 5837 1358 5885 ιν,
1390 5822 1477 5876 ΞΗ.

598 5923 865 5979 Ριτιιοι..
904 5918 1019 5976 Gn.
1060 5920 1222 5981 XLI.

475 6000 507 6018 ο

1346 5753 1365 5783 ²
1400 5751 1531 5806 Luc.
1574 5765 1691 5811 vui.
1733 5751 1793 5804 41
1824 5766 1943 5822 sqq.

1926 603 2346 657 accommodant
2367 642 2380 667 ,
2411 605 2609 659 callido
2647 605 2884 675 quodam
2938 607 3347 677 artitieiosoque
3378 624 3503 662 eou-

1926 701 2078 748 textu
2111 697 2313 751 multos
2354 696 2409 750 in
2442 713 2685 753 errorem
2718 698 2998 753 inducant.
3041 698 3509 765 Quemadmodum

1925 786 1971 841 si
2003 787 2349 856 imperatoris
2384 789 2562 857 imago
2608 789 2994 858 pulcherrimis
3041 805 3106 844 ex
3141 792 3426 847 tesserulis
3481 809 3510 845 a

1925 879 2099 947 perito
2137 879 2372 948 quodam
2408 879 2635 935 artiﬁce
2675 880 2836 957 fuerit
2890 882 3208 948 elaborata;
3264 897 3329 937 ac
3363 884 3514 952 qui:-

1890 970 2093 1041 ‘piam,
2124 970 2364 1027 hominis
2394 972 2566 1042 etligie
2596 973 2883 1038 dissoluta,
2913 990 2976 1029 ac
3003 975 3374 1044 transpositis,
3408 975 3508 1028 ali-

1928 1073 2118 1133 terque
2161 1066 2445 1121 collocatis
2484 1062 2771 1122 tesserulis
2798 1107 2813 1131 ,
2853 1068 3008 1121 canis
3063 1075 3156 1121 aut
3210 1067 3508 1137 vulpecula

1927 1157 2164 1227 speciem
2196 1158 2467 1227 exprimat
2493 1199 2507 1221 ,
2545 1175 2614 1213 ne
2639 1174 2757 1213 eam
2789 1158 3010 1227 quidem
3042 1164 3190 1213 recte
3234 1162 3507 1229 composi-

1928 1258 2071 1312 tam;
2104 1255 2219 1302 tum
2247 1247 2478 1302 atIiruiet
2511 1250 2615 1303 hoc
2658 1249 2834 1319 ipsum
2877 1265 2999 1304 esse
3029 1250 3304 1319 egregium
3342 1250 3505 1321 impe-

1929 1342 2130 1397 ratoris
2164 1342 2516 1396 simulacrum
2547 1380 2562 1404 ,
2596 1341 2663 1395 ab
2696 1341 2897 1395 eximio
2941 1342 3150 1397 artiﬁce
3183 1341 3385 1398 aﬂabre
3433 1343 3509 1396 fa-

1927 1438 2109 1497 ctum;
2142 1431 2398 1486 ostendat
2449 1439 2504 1487 et
2541 1432 2661 1486 illas
2714 1432 2782 1485 ab
2816 1431 3008 1486 eodem
3063 1432 3129 1486 ad
3173 1431 3511 1487 referendam

1926 1522 2191 1591 principis
2218 1521 2443 1592 ﬁguram
2468 1530 2877 1591 coagmentatas
2904 1523 3220 1587 tesserulas,
3250 1536 3279 1574 a
3307 1538 3364 1577 se
3386 1538 3512 1577 vero

1928 1618 2117 1683 postea
2148 1616 2402 1666 caninam
2449 1614 2505 1666 in
2542 1613 2771 1666 formam
2806 1614 3133 1677 translatas,
3168 1621 3331 1683 atque
3364 1613 3511 1682 ejus-

1927 1702 2075 1756 modi
2129 1703 2522 1757 tesserularum
2579 1704 2764 1773 specie
2809 1702 3077 1772 imperitis
3136 1704 3370 1766 illudat,
3419 1702 3512 1772 qui

1930 1793 2194 1863 principis
2241 1793 2532 1864 imaginem
2604 1793 2846 1846 nondum
2906 1796 3089 1847 animo
3141 1793 3513 1863 conceperint,

1927 1884 2366 1953 persuadeatque
2400 1898 2562 1954 quam
2608 1883 2682 1937 illi
2716 1884 2903 1937 vident
2935 1868 3145 1952 turpem
3195 1884 3372 1952 vulpis
3401 1883 3515 1937 (ﬂl-

1926 1976 2104 2045 giem,
2142 1976 2461 2047 praeclaram
2498 1976 2645 2028 illam
2692 1976 3040 2044 imperatoris
3081 1990 3204 2029 esse
3254 1982 3513 2030 statuam.

1930 2065 2022 2121 Sic
2052 2066 2144 2122 isti
2177 2065 2243 2119 ad
2279 2065 2543 2121 ridiculas
2595 2067 2879 2135 anilesque
2930 2081 3066 2135 quas
3102 2060 3379 2120 censuuut
3414 2082 3516 2120 nu-

1928 2173 2061 2230 gas,
2096 2164 2383 2227 corrogata
2419 2155 2547 2210 hinc
2588 2164 2639 2211 et
2680 2156 2834 2209 illine
2882 2158 3081 2219 verba,
3132 2163 3186 2210 et
3228 2157 3518 2225 parabolas

1926 2248 2183 2313 trahunt,
2240 2264 2304 2302 ac
2351 2248 2539 2301 divina
2589 2262 2850 2316 responsa
2892 2246 3098 2301 fabulis
3146 2247 3264 2302 suis
3310 2248 3520 2318 illigare

1930 2341 2294 2397 contendunt.
2330 2340 2406 2395 Ex
2467 2341 2668 2411 quibus
2695 2356 2816 2410 qua:
2844 2341 2909 2395 ad
2951 2339 3199 2395 Pleroma
3244 2341 3521 2411 pertinere

1930 2430 2188 2487 videntur
2215 2432 2380 2501 paulo
2413 2439 2542 2486 ante
2570 2432 2877 2486 retulimus.

2007 2522 2168 2594 194
2199 2522 2365 2578 XXV.
2406 2522 2538 2589 Quae
2568 2539 2696 2577 vero
2727 2523 2794 2577 ad
2826 2537 2888 2578 ea
2937 2539 3059 2594 qua:
3090 2532 3241 2578 extra
3270 2521 3522 2578 Pleroma

1935 2624 2061 2671 sunt
2089 2616 2263 2671 sacris
2306 2630 2370 2669 ex
2404 2613 2623 2669 Litteris
2658 2616 3093 2682 accommodant,
3114 2615 3381 2684 ejusmodi
3415 2615 3525 2670 fere

1936 2713 2087 2762 sunt.
2117 2706 2396 2761 Christum
2434 2704 2724 2760 Dominum
2760 2706 3054 2775 postremis
3089 2706 3279 2760 mundi
3319 2713 3525 2776 tempo-

1936 2802 2091 2855 ribus
2145 2799 2383 2871 patiendi
2435 2800 2611 2869 gratia
2648 2798 2935 2852 advenisse
2980 2798 3207 2862 dicunt,
3261 2798 3433 2851 ultimi
3469 2804 3527 2850 ut

1940 2892 2136 2949 [Eonis
2170 2908 2359 2947 casum
2391 2906 2455 2946 ac
2485 2892 2851 2946 calamitatem
2886 2890 3221 2952 ostenderet,
3260 2888 3528 2945 ac'totius

1940 2984 2182 3041 Eonum
2234 2984 2439 3053 negotii
2488 2984 2692 3037 exitum
2742 2997 2844 3036 suo
2875 2982 2968 3035 illo
3016 2981 3166 3036 exitu
3202 2981 3526 3053 declararet.

1941 3075 2148 3131 Deinde
2188 3074 2453 3143 virginem
2503 3072 2650 3126 illam
2706 3071 3126 3141 archisyuagogi
3179 3070 3342 3124 ﬁliam
3391 3072 3528 3126 duo-

1944 3166 2118 3222 decim
2158 3180 2331 3220 annos
2382 3172 2566 3220 natam
2598 3205 2613 3229 ,
2666 3178 2827 3233 quam
2890 3162 3152 3219 Dominus
3198 3162 3470 3218 accedens
3501 3178 3530 3214 ιι

1947 3265 2123 3313 morte
2166 3256 2444 3312 revocavit
2483 3258 2503 3286 ²
2530 3297 2545 3321 ,
2582 3254 2938 3309 Achamothis
2971 3255 3260 3325 imaginem
3306 3255 3530 3315 referre.

1946 3364 2108 3419 quam
2147 3346 2451 3403 extendens
2502 3360 2626 3400 sese
2664 3344 2882 3398 illorum
2914 3344 3169 3399 Christus
3200 3342 3405 3398 (tlinxit
3432 3386 3446 3410 ,
3479 3354 3533 3398 ct

1948 3440 2171 3495 luminis
2223 3438 2369 3509 quod
2420 3453 2539 3493 eam
2576 3436 2902 3492 destituerat
2954 3451 3177 3491 sensum
3215 3435 3430 3491 indidit.
3468 3435 3534 3489 Et

1947 3536 2206 3606 quoniam
2242 3532 2371 3588 huic
2401 3530 2580 3586 adhuc
2628 3536 2783 3585 extra
2836 3526 3084 3583 Pleroma
3121 3528 3312 3598 posita:
3335 3569 3350 3594 ,
3384 3527 3533 3583 velut

1947 3627 2197 3682 abortivo
2226 3626 2466 3690 cuidam,
2502 3624 2756 3678 Salvator
2784 3622 3057 3696 apparuit,
3086 3620 3316 3676 Paulum
3343 3629 3535 3692 putant

1948 3713 2015 3768 ad
2047 3713 2364 3769 Corinthios
2400 3712 2730 3768 scribentem
2758 3711 2871 3765 haec
2911 3725 3249 3779 usurpasse:
3293 3708 3538 3765 Novissi-

1950 3824 2029 3860 me
2062 3816 2240 3860 autem
2272 3807 2509 3860 omnium
2537 3804 2673 3858 velut
2709 3804 2946 3858 abortivo
2982 3804 3124 3857 visus
3151 3813 3226 3858 est
3256 3814 3303 3857 et
3332 3803 3461 3857 mihi
3492 3803 3534 3858 ³.

1951 3900 2057 3956 Sed
2088 3907 2142 3955 et
2171 3899 2361 3955 eadem
2383 3899 2438 3953 in
2469 3896 2710 3968 Epistola
2743 3897 3045 3954 Salvatoris
3077 3912 3200 3950 cum
3234 3899 3538 3967 aequalibus

1950 3991 2067 4046 suis
2096 3990 2165 4044 ad
2218 3989 2613 4043 Achamothem
2656 4004 2938 4045 accessum
2986 3987 3364 4056 signiﬁcasse,
3412 4003 3536 4043 eum

1949 4082 2123 4138 dixit:
2154 4078 2382 4151 Oportet
2410 4080 2694 4135 mulierem
2734 4080 2912 4135 velato
2934 4093 3057 4133 esse
3083 4078 3282 4147 capite.
3314 4086 3539 4149 propter

1950 4171 2171 4242 angelos
2196 4169 2243 4222 ⁸.
2294 4168 2547 4225 Eamdcm
2607 4169 2751 4222 illam
2794 4170 3185 4225 Aehamotliem
3229 4170 3294 4222 ad
3335 4171 3539 4222 adven-

1950 4270 2064 4316 tum
2107 4258 2406 4315 Salvatoris
2460 4259 2667 4329 pudore
2711 4259 2957 4314 aﬁ‘ectam
2998 4259 3118 4314 velo
3152 4268 3318 4329 caput
3362 4257 3539 4314 obdu«

1951 4354 2124 4413 xisse,
2159 4348 2493 4403 declaratum
2526 4363 2555 4401 a
2587 4347 2734 4402 Mose
2759 4388 2772 4411 ,
2802 4362 2925 4401 cum
2960 4346 3149 4401 faciem
3182 4347 3461 4418 obtegeret
3490 4348 3533 4402 ‘.

1950 4440 2084 4495 Nam
2121 4442 2241 4496 illas
2270 4456 2407 4511 quas
2451 4449 2536 4496 est
2578 4456 2838 4511 perpessa
2877 4440 3218 4496 calamitates
3257 4441 3537 4511 animique

1952 4535 2348 4589 commotiones
2406 4533 2695 4588 Dominum
2756 4531 2937 4587 ferunt
2976 4533 3030 4586 in
3081 4548 3243 4588 cruce
3308 4534 3537 4587 demon-

1952 4635 2179 4682 strasse.
2223 4623 2383 4679 Velut
2422 4639 2546 4679 eum
2587 4624 2757 4678 dixit:
2797 4624 2933 4678 Deus
2966 4641 3132 4689 meus,
3168 4642 3331 4695 quare
3348 4624 3537 4680 dereli-

1951 4719 2107 4788 quim‘
2142 4732 2222 4771 me
2258 4716 2316 4770 ‘?
2349 4716 2659 4771 ostendisse
2705 4714 3038 4785 Sapientiam
3063 4733 3092 4769 τι
3133 4716 3337 4773 lumine
3367 4717 3539 4773 desti-

1953 4818 2157 4871 tutam,
2192 4807 2347 4862 etab
2388 4806 2532 4861 [loro
2580 4822 2647 4861 ne
2694 4808 2833 4861 ultra
2875 4816 3124 4879 pergeret
3183 4809 3535 4879 prohibitam.

1955 4900 2208 4970 Ejusdem
2244 4913 2373 4953 vero
2400 4900 2641 4953 dolorem
2678 4914 2801 4953 cum
2838 4899 3007 4954 dixit:
3042 4900 3230 4954 Tristis
3253 4910 3329 4954 est
3357 4902 3540 4954 anima

1951 5007 2068 5047 mea
2106 5006 2267 5061 usque
2296 4991 2364 5043 ad
2404 5000 2622 5044 mortem
2654 4992 2673 5020 "
2702 5008 2716 5054 ;
2765 4990 3039 5053 timorem,
3071 5007 3194 5045 cum
3226 4992 3299 5044 ita
3323 4989 3536 5044 Patrem

1952 5084 2219 5137 allocutus
2248 5089 2332 5135 est
2359 5099 2373 5134 :
2411 5080 2595 5145 Pater,
2615 5083 2660 5136 si
2698 5081 2946 5154 possibile
2974 5090 3085 5146 est,
3119 5090 3356 5135 transeat
3394 5098 3427 5135 a
3460 5097 3539 5135 me

1952 5174 2095 5227 calix
2151 5173 2250 5225 iste
2294 5171 2337 5224 ⁸.
2390 5170 2466 5225 Ita
2516 5172 2732 5226 consilii
2785 5172 3022 5241 inepiam
3072 5172 3159 5227 his
3211 5171 3427 5227 verbis:
3471 5170 3539 5225 Et

1952 5262 2077 5333 quid
2108 5262 2286 5315 dicam
2317 5262 2510 5316 nescio.
2550 5262 2705 5327 Quod
2744 5261 2811 5315 ad
2849 5262 2955 5316 tria
3006 5269 3217 5333 spectat
3252 5262 3538 5317 hominum

1955 5371 2183 5426 genera,
2224 5355 2305 5410 sic
2354 5355 2507 5408 illum
2565 5355 2837 5409 indicasse
2872 5354 3247 5418 contendunt;
3297 5355 3543 5410 materia:

1955 5447 2174 5519 quidem
2210 5446 2450 5512 aﬂixum,
2480 5462 2603 5501 cum
2630 5447 3022 5517 interroganti:
3067 5445 3210 5500 Num
3233 5456 3281 5501 te
3308 5449 3542 5517 sequar?

1956 5541 2288 5611 respondit:
2356 5538 2480 5594 Non
2531 5528 2703 5594 habet
2736 5538 2913 5594 Filius
2953 5539 3180 5594 hominis
3235 5540 3324 5593 ubi
3383 5550 3543 5609 caput

1962 5634 2174 5687 reclinet
2209 5634 2269 5698 ';
2312 5631 2600 5685 animalem
2633 5638 2813 5686 autem
2838 5672 2852 5696 ,
2894 5648 3019 5685 cum
3069 5632 3118 5687 ei
3172 5633 3262 5694 qui
3296 5631 3540 5686 dixerat:

2024 5751 2044 5783 ³
2074 5752 2090 5805 1
2125 5749 2252 5806 Cor.
2279 5766 2371 5811 xv,
2397 5749 2449 5803 8.
2558 5749 2616 5803 ‘l
2651 5749 2778 5804 Cor.
2814 5766 2892 5817 χι,
2929 5751 3013 5806 10.
3091 5751 3111 5783 ⁵
3146 5750 3319 5806 Exod.
3354 5762 3543 5815 xxxtv,

1563 5822 1591 5888 ,τ
1628 5822 1822 5875 Matth.
1862 5820 2121 5883 xxi-uss.
2198 5821 2219 5853 ο
2251 5821 2386 5876 ibid.
2423 5820 2511 5874 59.
2589 5820 2770 5875 ’Luc.
2804 5837 2878 5888 lx,
2924 5821 3130 5889 57,53.

3188 5917 3261 5975 17
