3982 6442
291 391 405 454 5⁸³ὶῦ

1045 390 1417 448 Αονειιδυε
1455 375 1797 447 HA-JRESES
1838 385 1963 443 ue.
2005 388 2044 444 ι.
2088 387 2248 445 Ton.
2295 387 2357 443 ιι.
2384 420 2451 427 -
2491 386 2762 443 llAiRES.
2799 386 2988 443 xxxv.

3453 385 3557 441 525

291 505 390 561 τοῦ
427 505 772 578 Δημιουργοῦ
807 504 1055 576 λέγουσιν
1079 507 1109 567 ,’
1135 503 1210 567 ὡς
1235 505 1276 566 ί,
1310 504 1554 567 ἐλθόντος
1580 504 1673 556 τοῦ
1699 505 1878 574 Σωτῆ-

1999 502 2139 569 :erit,
2176 516 2240 557 ac
2271 501 2442 573 Bytlio
2484 501 2688 572 gratias
2719 500 2907 571 egerit.
2949 490 3030 554 Ad
3065 498 3177 555 liter
3213 514 3307 569 per
3344 500 3553 554 Annam

290 612 413 664 ρος,
435 594 606 666 ἔμαθε
634 594 730 665 τὴν
756 592 1042 665 μετάθεσιν
1064 593 1252 658 αὐτοῦ,
1285 594 1378 646 καὶ
1405 593 1773 665 ηὐχαρίστησε
1800 593 1879 666 τῷ

295 686 474 757 nues.
512 686 626 739 Καὶ
651 683 741 737 διὰ
768 686 868 754 τῆς
906 684 964 737 ὲν
1001 682 1079 754 τῷ
1117 682 1433 753 Εὐαγγελίῳ
1464 683 1877 756 κηρυσσομένης

293 768 626 850 πρόφήτιδος
646 815 662 836 ,
692 774 832 829 ἑπτὰ
859 774 954 844 ἔτη
993 774 1130 843 μετὰ
1158 774 1348 845 ἀνδρὸς
1375 773 1633 845 ὲζηκυίας
1652 813 1666 837 ,
1697 774 1788 827 τὸν
1820 775 1877 829 δὲ

291 866 481 919 λοιπὸν
504 865 717 920 ἅπαντα
746 864 935 934 χρόνον
965 864 1140 935 χήρας
1178 861 1446 933 μενούσης
1473 902 1488 928 ,
1512 862 1670 934 ἄχρις
1697 858 1760 917 οὗ
1787 862 1875 918 τὸν

294 957 527 1029 Σωτῆρα
556 954 738 1009 ἰδοῦσα
765 953 979 1022 ἐπέγνω
1004 954 1187 1018 αὑτὸν,
1211 953 1306 1008 καὶ
1333 953 1509 1008 ἐλάλει
1547 954 1677 1026 περὶ
1713 953 1876 1008 αὑτοῦ

293 1052 455 1115 πᾶσι,
483 1045 840 1118 φανερώτατα
873 1046 970 1117 τὴν
1004 1045 1258 1117 Ἀχαμὼθ
1297 1046 1595 1117 μηνύεσοαι
1619 1046 1879 1119 διορίζον-

293 1157 390 1193 ται
419 1157 432 1170 ·
483 1139 640 1209 ἣτις,
693 1137 828 1209 πρὸς
872 1136 1051 1205 ὀλίγον
1095 1136 1276 1191 ἰδοῦσα
1316 1137 1408 1191 τὸν
1451 1138 1680 1210 Σωτῆρα
1739 1137 1878 1209 μετὰ

294 1231 409 1285 τῶν
453 1231 755 1303 ἡλικιωτῶν
792 1229 981 1296 αὑτοῦ,
1031 1228 1109 1301 τῷ
1160 1229 1331 1300 λοιπῷ
1375 1229 1552 1301 χρόνῳ
1586 1221 1749 1285 παντὶ
1781 1234 1878 1303 μὲν

292 1321 435 1380 οὖσα
451 1326 473 1356 ’
493 1327 550 1378 ἐν
576 1326 641 1395 τῇ
673 1322 929 1394 μεσότητι
958 1322 1314 1394 προσεδέχετο
1336 1323 1516 1389 αὐτὸν,
1553 1324 1682 1378 πότε
1714 1325 1877 1379 πάλιν

295 1414 610 1480 ἐλεύσεται,
655 1416 748 1469 καὶ
780 1416 1223 1486 ἀποκαταστήσει
1270 1414 1440 1487 αὐτὴν
1471 1418 1537 1487 τῇ
1568 1416 1739 1487 αὐτῆς
1786 1434 1878 1470 συ-

296 1508 488 1580 ζυγία.
517 1508 628 1563 Kal
669 1506 730 1560 τὸ
761 1506 932 1576 δνομα
962 1505 1020 1560 δὲ
1055 1506 1226 1576 αὐτῆς
1267 1507 1608 1577 μεμηνὺσθαι
1649 1507 1753 1562 ὑπὸ
1784 1508 1876 1563 τοῦ

296 1599 553 1669 Σωτῆρος
580 1598 636 1650 ὲν
668 1595 745 1666 τῷ
778 1595 1095 1668 εἰρηκέναι·
1130 1597 1239 1650 Καὶ
1274 1597 1586 1666 ἐδικαιώθη
1616 1598 1654 1666 ἠ
1691 1600 1879 1669 σοφία

295 1689 421 1743 ἀπὸ
454 1687 569 1743 τῶν
596 1687 823 1742 τέκνων
860 1684 1071 1755 αὐτῆς.
1113 1687 1224 1741 Καὶ
1247 1687 1352 1741 ὑπὸ
1373 1688 1586 1742 Παύλου
1614 1689 1670 1741 δὲ
1693 1688 1839 1743 οὕτω
1862 1700 1877 1716 ’

297 1778 536 1846 Σοφίαν
570 1775 638 1830 δὲ
691 1775 1002 1844 λαλοῦμεν
1040 1776 1111 1828 ἐν
1140 1774 1263 1842 τοῖς
1294 1778 1570 1845 τελείοις.
1622 1778 1734 1831 Καὶ
1780 1777 1879 1843 τὰς

1983 593 2128 648 illam
2159 634 2173 660 ,
2226 608 2349 665 quae
2388 594 2729 665 prepltetissa
2782 593 2835 647 in
2876 592 3167 664 Evangelio
3209 591 3560 664 praedicatur,

1981 703 2212 757 quaeque
2239 698 2447 758 septem
2482 702 2657 742 annos
2681 700 2807 740 cum
2832 685 2950 740 viro
2991 685 3222 750 vixisse,
3286 684 3554 753 reliquum

1980 794 2109 834 vero
2141 787 2354 850 tempus
2382 795 2542 835 omne
2573 781 2629 834 in
2668 777 2930 833 viduitate
2976 777 3154 848 egisse
3185 775 3425 853 dicitur,
3459 775 3561 829 do-

1980 884 2083 924 nec
2125 859 2406 925 Salvatore
2455 877 2749 940 conspecto
2791 878 2846 925 et
2895 869 3075 938 ipsum
3124 866 3447 937 agnoverit,
3504 871 3555 920 et

1980 959 2123 1030 apud
2152 975 2344 1016 omnes
2370 961 2437 1016 de
2464 976 2529 1015 eo
2559 962 2737 1015 locuta
2770 960 2861 1025 sit,
2893 958 3346 1014 manifestissime
3373 956 3554 1011 Acha-

1980 1052 2218 1107 motbem
2254 1052 2921 1109 adumbrariconfirmant
2960 1071 2973 1106 :
3007 1066 3129 1122 quae
3178 1051 3269 1105 ubi
3309 1048 3557 1106 Salvaloo

1980 1158 2094 1199 rem
2124 1158 2248 1199 cum
2294 1144 2414 1213 ejus
2457 1143 2757 1214 mqualibus
2796 1144 2991 1212 raptim
3032 1144 3368 1212 aspexisset,
3401 1142 3557 1197 dein-

1980 1250 2108 1306 ceps
2162 1241 2278 1290 toto
2337 1235 2645 1305 insequenti
2696 1244 2936 1304 tempore
2989 1235 3165 1289 media
3224 1235 3281 1288 in
3336 1234 3558 1304 regione

1981 1327 2290 1382 consistens
2318 1327 2445 1382 dum
2473 1327 2668 1389 iterum
2701 1328 2904 1382 rediret
2942 1326 3369 1397 exspectaverit,
3414 1341 3477 1380 ac
3500 1341 3559 1382 se

1981 1419 2237 1491 conjugio
2261 1434 2361 1475 suo
2393 1418 2723 1474 restitueret.
2753 1418 2924 1488 Cujus
2954 1418 3117 1471 etiam
3153 1432 3351 1472 nomen
3381 1433 3411 1470 a
3435 1410 3559 1471 Salo

1980 1521 2169 1567 vatore
2201 1510 2356 1566 hisce
2393 1510 2574 1564 verbis
2609 1522 2964 1579 expressum:
3020 1509 3089 1561 Et
3137 1508 3439 1577 iustiﬁcata
3486 1516 3561 1561 est

1983 1602 2245 1671 sapientia
2275 1618 2307 1655 a
2337 1600 2466 1669 ﬁliis
2490 1600 2603 1668 ejus
2636 1599 2678 1653 ⁸.
2707 1598 2864 1655 Velut
2889 1614 2919 1651 a
2943 1597 3115 1653 Paulo
3145 1614 3268 1653 cum
3308 1598 3562 1668 scripsit:

1984 1693 2311 1763 Sapientiam
2343 1692 2608 1762 loquimur
2636 1691 2774 1745 inter
2792 1690 3048 1761 perfectos
3077 1691 3119 1745 ⁵.
3142 1690 3311 1756 Quem
3344 1689 3562 1759 insuper

1984 1782 2362 1853 coniugiorum
2402 1795 2524 1850 quae
2577 1780 2722 1835 intra
2754 1779 3004 1835 Pleroma
3060 1789 3187 1835 sunt
3235 1782 3564 1835 mentionem

299 1869 562 1937 συζυγίας
600 1867 658 1920 δὲ
683 1866 780 1931 τὰς
810 1866 959 1931 ἐντὸς
983 1865 1353 1938 Πληρώματος
1383 1867 1473 1921 τὸν
1501 1867 1711 1923 Παῦλον
1737 1870 1889 1939 είρηο

1999 1871 2045 1924 in
2079 1884 2189 1924 uno
2238 1868 2469 1933 fecisse,
2504 1884 2629 1923 cum
2664 1869 2732 1924 de
2763 1869 3043 1923 hominum
3074 1869 3213 1925 inter
3235 1884 3297 1924 se
3343 1870 3566 1939 copula-

297 1961 458 2015 κέναι
513 1958 808 2028 φάσκουσιν
856 1959 949 2012 ἐπὶ
999 1957 1114 2021 ἐνὸς
1153 1958 1420 2025 δείξαντα.
1466 1960 1602 2031 Περὶ
1629 1960 1737 2032 γὰρ
1783 1960 1883 2030 τῆς

298 2056 434 2126 περὶ
460 2054 549 2106 τὸν
579 2052 690 2122 βίον
733 2051 992 2119 συζυγίας
1016 2049 1243 2121 γράφων
1270 2049 1371 2123 ἔφη
1399 2068 1412 2082 ·
1448 2051 1517 2105 Τὸ
1547 2050 1887 2121 μυστήριον

296 2145 483 2199 τοῦτο
516 2144 669 2213 μέγα
694 2142 867 2198 ἐστίν
891 2160 903 2173 ·
934 2142 1050 2217 ἐγὼ
1074 2142 1142 2196 δὲ
1180 2142 1335 2213 λέγω
1376 2146 1463 2210 εἰς
1491 2144 1747 2213 Χριστὸν
1788 2145 1887 2198 καὶ

302 2237 422 2305 τὴν
457 2238 846 2305 Ἐκκλησίαν.

379 2332 505 2385 KZ’.
542 2330 765 2385 Ἕτιρτε
827 2330 1079 2400 Ἰωάννην
1128 2330 1218 2383 τὸν
1269 2329 1518 2400 μαθητὴν
1552 2329 1647 2383 τοῦ
1681 2332 1886 2402 Κυρίου

299 2420 613 2474 διδάσκουσι
643 2419 743 2490 τὴν
790 2419 1012 2491 πρώτην
1063 2421 1319 2489 Ὀγὸοάδα
1375 2422 1748 2491 μεμηνυκέναι
1789 2423 1889 2475 αὐ-

300 2514 426 2575 ταῖς
456 2510 668 2576 λέξεσι,
725 2511 973 2580 λέγοντες
1035 2513 1178 2567 οὕτω
1205 2528 1217 2541 ⁸
1278 2514 1531 2583 Ἰωάννης
1569 2516 1597 2567 ό
1640 2513 1889 2586 μαθητὴς

300 2603 403 2655 τοῦ
438 2603 665 2674 Κυρίου,
695 2602 1013 2673 βουλόμενος
1040 2605 1213 2658 εἰπεῖν
1238 2604 1337 2675 τὴν
1364 2605 1470 2658 τῶν
1498 2605 1632 2659 ὅλων
1656 2605 1888 2675 γένεσιν,
1935 2606 1954 2617 ’

302 2694 430 2749 καθ’
463 2696 529 2763 ἢν
576 2695 644 2749 τὰ
673 2696 853 2748 πάντα
893 2693 1192 2766 προέϐαλεν
1232 2697 1261 2748 ὁ
1294 2696 1516 2767 Πατὴρ,
1553 2697 1726 2768 ἀρχήν
1770 2715 1893 2751 τινα

301 2785 623 2856 προτίθεται
650 2786 712 2838 τὸ
743 2784 955 2856 πρῷτον
986 2786 1243 2855 γεννηθὲν
1275 2786 1379 2839 ὑπὸ
1405 2785 1500 2838 τοῦ
1539 2786 1673 2839 Θεοῦ
1695 2826 1711 2852 ,
1743 2787 1801 2842 ὃν
1828 2789 1891 2860 δὴ

307 2879 406 2933 καὶ
447 2878 575 2931 Υἰὸν
617 2880 877 2949 μονογενῆ
939 2878 1036 2932 καὶ
1087 2878 1219 2933 Θεὸν
1273 2878 1571 2948 κέκληκεν,
1632 2881 1691 2933 ἐν
1740 2872 1785 2947 ᾧ
1824 2880 1893 2933 τὰ

306 2969 490 3024 πάντα
522 2972 550 3023 ό
573 2970 763 3041 Πατὴρ
782 2969 1050 3040 προέϐαλε
1073 2970 1482 3040 σπερμτικῶς.
1524 2970 1657 3023 Ὑπὸ
1690 2971 1744 3024 δὲ
1772 2972 1896 3024 τού-

302 3079 405 3116 του
439 3063 572 3134 φησὶ
602 3061 694 3114 τὸν
722 3061 893 3129 Λόγον
934 3046 1363 3132 προϐεϐλῆσθαι,
1395 3063 1488 3116 καὶ
1524 3063 1582 3117 ἐν
1614 3061 1766 3131 αὐτῷ
1797 3062 1894 3135 τὴν

305 3154 440 3222 ὅλην
470 3152 585 3206 τῶν
610 3151 829 3207 Λίώνων
866 3152 1084 3216 οὐσίαν,
1136 3151 1202 3223 ἢν
1254 3153 1416 3216 αὐτὸς
1468 3154 1693 3225 ὕστερον
1732 3154 1896 3226 ἐμόρ-

302 3260 494 3312 φωσεν
545 3245 573 3297 ὁ
625 3241 814 3310 Λόγος.
868 3241 1021 3295 Ἐπεὶ
1057 3238 1151 3296 οὖν
1203 3242 1331 3314 περὶ
1360 3241 1582 3314 πρώτης
1629 3244 1896 3312 γενέσεως
1924 3230 1966 3288 C

304 3335 461 3403 λέγει
495 3332 672 3397 καλῶς
707 3332 815 3385 ἀπὸ
840 3331 940 3402 τῆς
972 3332 1149 3403 ἀρχῆς
1169 3372 1185 3399 ,
1224 3334 1471 3386 τουτέστι
1508 3333 1601 3387 τοῦ
1635 3334 1769 3387 Θεοῦ
1804 3334 1899 3388 καλ⁹

303 3426 408 3481 τοῦ
442 3425 617 3491 Λόγου
640 3466 655 3489 ,
686 3422 783 3494 τὴν
828 3423 1175 3478 διδασκαλίαν
1220 3426 1474 3479 ποιεῖται.
1509 3424 1672 3492 Λέγει
1701 3425 1756 3478 δὲ
1804 3425 1897 3478 οὓ-

304 3534 449 3580 τωςο
499 3517 600 3569 Ἐν
630 3513 787 3584 ἀρχῇ
817 3510 898 3585 ἦν
928 3517 961 3569 ό
987 3516 1178 3585 Λόγος
1198 3555 1212 3578 ,
1240 3513 1338 3568 καὶ
1373 3518 1406 3569 ό
1433 3517 1625 3585 Λόγος
1648 3512 1726 3587 ἦν
1750 3517 1900 3585 πρὸς

302 3608 423 3663 τὸν
454 3607 602 3661 Θεὸν
630 3650 644 3673 ,
696 3609 798 3662 καὶ
847 3606 992 3672 Θεὸς
1028 3603 1107 3676 ἦν
1138 3608 1401 3687 ό-Λότος
1428 3624 1442 3639 ·
1484 3606 1673 3673 οὕτως
1702 3603 1781 3678 ἦν
1831 3609 1901 3663 ἐν

307 3701 477 3771 ἀρχῇ
514 3701 661 3770 πρὸς
688 3701 793 3755 τὸν
814 3702 980 3755 Θεόν.
1007 3701 1277 3773 Πρότερον
1312 3701 1616 3768 διαστείλας
1654 3703 1724 3758 τὰ
1749 3706 1898 3777 τρία,

308 3793 449 3846 Θεὸν
475 3832 490 3856 ,
535 3793 629 3846 καὶ
675 3792 867 3864 ἀρχὴν,
916 3793 1011 3845 καὶ
1043 3792 1236 3861 Λόγον,
1275 3793 1435 3847 πάλιν
1464 3794 1606 3848 αὐτὰ
1635 3797 1777 3861 ἑνοῖ,
1814 3797 1901 3850 ἵνα

312 3883 411 3937 καὶ
431 3884 529 3954 τὴν
552 3882 819 3953 προϐολὴν
841 3884 1119 3955 ἑκατέρων
1145 3883 1326 3938 αὐτῶν
1347 3883 1518 3959 δείξῃ,
1549 3885 1643 3939 τοῦ
1660 3904 1719 3940 τε
1743 3886 1898 3952 Υίοῦ,

312 3975 415 4031 καὶ
456 3975 550 4028 τοῦ
590 3975 795 4042 Λόγου,
849 3976 943 4029 καὶ
974 3975 1073 4047 τὴν
1127 3976 1262 4046 πρὸς
1313 3976 1574 4048 ἀλλήλους
1608 3976 1725 4049 ἅμα
1751 4017 1766 4041 ,
1811 3980 1903 4032 καὶ

315 4066 416 4137 τὴν
459 4066 602 4136 ’πρὸς
653 4064 742 4118 τὸν
792 4065 1010 4136 Πατέρα
1047 4065 1262 4119 ἕνωσιν.
1330 4066 1417 4120 Ἑν
1454 4068 1563 4139 γὰρ
1598 4066 1678 4137 τῷ
1705 4068 1901 4138 Πατρὶ,

323 4159 419 4211 καὶ
461 4160 526 4211 ὲκ
567 4156 662 4210 τοῦ
691 4159 904 4230 Πατρὸς
942 4159 974 4229 ἡ
1015 4159 1193 4231 ἀρχὴ,
1226 4159 1319 4213 καὶ
1349 4161 1413 4212 ὲκ
1460 4160 1481 4190 ⁸
1530 4160 1630 4229 τῆς
1672 4160 1903 4237 ἀρχῆςό

320 4248 515 4319 Λόγος.
546 4249 740 4312 Καλῶς
772 4245 864 4304 οὖν
908 4247 1061 4304 εἶπεν
1082 4268 1094 4281 ·
1144 4252 1249 4305 Ἐν
1288 4249 1447 4320 ἀρχῇ
1478 4247 1557 4321 ἦν
1594 4255 1627 4305 ό
1668 4254 1859 4322 Λόγος
1888 4269 1902 4281 ’

315 4338 391 4413 ἦν
444 4343 554 4413 γὰρ
605 4345 663 4395 ὲν
695 4342 771 4412 τῷ
810 4342 959 4414 Υίῴ·
1019 4343 1127 4397 Καὶ
1175 4347 1207 4397 ό
1254 4347 1445 4413 Λόγος
1475 4341 1555 4415 ἦν
1601 4345 1751 4413 πρὸς
1797 4345 1907 4401 τὸν

317 4436 506 4491 Θεόν·
539 4436 634 4489 καὶ
666 4437 773 4508 γὰρ
804 4440 836 4508 ή
869 4438 1042 4508 ἀρχή·
1074 4438 1183 4491 Καὶ
1213 4438 1357 4504 Θεὸς
1380 4434 1461 4507 ἦν
1489 4438 1747 4507 όΛότος,
1777 4439 1906 4492 ἁκο-

322 4528 558 4593 λούίὶως·
583 4530 644 4582 τὸ
674 4531 786 4601 γὰρ
815 4531 879 4584 ἐκ
905 4531 1040 4584 Θεοῦ
1072 4530 1329 4601 γεννηθὲν
1373 4530 1506 4594 Θεός
1538 4533 1706 4585 ἐστιν.
1737 4526 1905 4596 Οὗτος

320 4618 404 4692 ἦν
432 4622 505 4674 ἐν
525 4620 681 4692 ἀρχῇ
712 4622 861 4690 πρὸς
889 4622 998 4676 τὸν
1037 4625 1186 4676 Θεόν
1209 4640 1224 4656 ο
1259 4623 1428 4690 ἔδειξε
1456 4621 1554 4695 τὴν
1577 4625 1676 4695 τῆς
1708 4624 1909 4693 προϐο-

320 4713 424 4783 λῆς
445 4713 620 4780 τάξιν.
646 4713 849 4768 Πάντα
874 4714 948 4769 δι’
972 4713 1158 4768 αὐτοῦ
1187 4712 1442 4781 ἐγένετο.
1470 4715 1569 4769 καὶ
1594 4716 1774 4785 χωρὶς
1804 4719 1909 4770 αὐ-

322 4806 434 4859 τοῦ
466 4805 704 4875 ἐγένετο
750 4806 893 4861 οὐδὲ
936 4806 1007 4860 ἓν
1046 4823 1059 4836 °
1118 4807 1251 4859 πᾶσι
1284 4805 1394 4879 γὰρ
1440 4809 1554 4871 τοῖς
1588 4809 1704 4878 μετ’
1747 4806 1908 4861 αὑτὸν

329 4897 498 4951 Αίῶσι
533 4898 746 4969 μορφῆς
779 4899 875 4953 καὶ
903 4898 1171 4967 γενέσεως
1203 4897 1376 4962 αἴτιος
1414 4901 1442 4952 ὁ
1483 4900 1652 4968 Λόγος
1669 4900 1905 4969 ἐγένετο.

337 4991 525 5057 Ἀλλὰ,
567 4993 637 5045 Ὃ
668 4991 1220 5062 γέγονενέναύτῷ,
1246 4994 1406 5063 φησὶ,
1448 4992 1557 5060 ζωή
1590 4995 1795 5061 ἐστιν,
1831 4996 1909 5047 ὲν-

324 5082 457 5137 θὰδε
490 5082 585 5134 καὶ¹
627 5081 885 5150 συζυγίαν
937 5082 1197 5152 ἐμήνυσε.
1241 5081 1321 5135 Τὰ
1345 5082 1463 5152 μὲν
1491 5083 1600 5154 γὰρ
1650 5085 1766 5137 ὅλα
1805 5083 1908 5156 ἔφη

320 5174 402 5228 δι’
442 5173 661 5227 ἑαυτοῦ
712 5172 1068 5243 γεγενῆσθαι
1095 5215 1110 5241 ,
1156 5173 1272 5240 τὴν
1307 5174 1376 5227 δὲ
1410 5173 1566 5243 ζωὴν
1609 5175 1680 5228 ἐν
1726 5174 1908 5241 αὐτῷ.

324 5266 479 5337 Αὕτη
514 5262 607 5319 οὖν
648 5268 681 5336 ή
728 5268 786 5318 ὲν
817 5265 963 5337 αὐτῷ
990 5267 1255 5337 γενομένη
1302 5267 1610 5337 οἰκειοτέρα
1652 5267 1802 5320 ἐστὶν
1851 5269 1910 5320 ὲν

322 5356 478 5426 αὐτῷ
503 5355 612 5409 τῶν
632 5355 696 5408 δι’
721 5354 884 5408 αὐτοῦ
913 5354 1237 5425 γενομένων,

399 5449 624 5503 Σύνεστι
675 5448 781 5521 γὰρ
839 5447 1020 5518 αὐτῷ,
1077 5449 1173 5502 καλ⁵
1217 5448 1285 5500 δι’
1328 5448 1492 5501 αὑτοῦ
1548 5450 1905 5519 καρποφορεῖ.

337 5540 563 5613 Ἐπειδὴ
590 5540 699 5612 γὰρ
725 5539 991 5611 ἐπιφέρει,
1028 5540 1136 5593 Καὶ
1164 5541 1203 5610 ἠ
1236 5536 1347 5608 ζωὴ
1391 5539 1457 5593 τὸ
1496 5537 1620 5608 φῶς
1653 5539 1770 5593 τῶν
1807 5539 1913 5594 ἁν-

405 5724 421 5756 ¹
453 5720 594 5777 lren.
619 5722 696 5794 ὃς.
774 5722 795 5753 ¹
831 5721 990 5779 Forte
1014 5722 1289 5794 μένουσα..

327 5803 347 5824 ’
373 5792 538 5849 Jonn.
569 5809 603 5858 ι,
638 5793 655 5845 ι
693 5808 816 5862 sqq.

1991 1960 2139 2015 tione
2178 1959 2323 2014 hunc
2367 1959 2422 2013 in
2469 1960 2689 2014 modum
2729 1957 3436 2030 scripsitz'Sacramentum
3472 1959 3568 2013 hoc

1993 2068 2241 2122 maguum
2279 2060 2385 2106 est:
2416 2068 2511 2123 ego
2548 2068 2666 2108 vero
2690 2053 2808 2106 dico
2836 2053 2890 2106 in
2930 2050 3142 2108 Christo
3173 2061 3221 2107 et
3255 2051 3491 2107 Ecclesia
3522 2054 3565 2103 ⁸.

2063 2321 2272 2376 XXVII.
2324 2322 2589 2377 Joannem
2644 2323 2854 2378 Domini
2932 2324 3262 2394 discipulum
3303 2325 3571 2383 allirmant
3622 2328 3629 2337 ’

1994 2415 2224 2484 primam
2275 2413 2587 2486 Ogdoadem
2640 2417 2961 2471 nominatim
3017 2418 3444 2474 demonstrasse.
3479 2417 3573 2475 Sic

1992 2506 2137 2560 enim
2168 2505 2468 2576 disputant.
2497 2504 2736 2562 Joannes
2762 2506 2976 2561 Domini
3001 2508 3300 2577 discipulus
3327 2509 3571 2565 omnium

1995 2613 2176 2652 rerum
2226 2597 2494 2668 originem
2532 2599 2803 2666 explicare
2849 2599 3115 2668 cupiens,
3166 2615 3273 2669 qua
3331 2615 3361 2654 a
3412 2599 3575 2655 Patre

1996 2689 2248 2744 universa
2279 2696 2567 2759 procreata
2597 2698 2763 2757 sunt,
2810 2691 3138 2762 principium
3184 2691 3374 2746 statuit
3402 2705 3432 2744 a
3469 2694 3576 2747 Deo

1994 2781 2260 2852 genitum,
2291 2797 2451 2852 quem
2484 2790 2538 2836 ct
2569 2780 2766 2836 Filium
2814 2783 3154 2854 unigenitum
3184 2794 3237 2838 et
3269 2783 3437 2841 Deum
3478 2798 3576 2856 ap-

1998 2874 2193 2942 pellat,
2224 2886 2321 2941 per
2348 2887 2511 2941 quem
2542 2873 2724 2951 omnia
2756 2871 2917 2928 Pater
2952 2875 3189 2944 quodam
3237 2877 3404 2931 veluti
3455 2888 3578 2932 satu

1997 2966 2338 3041 propagavit.
2367 2968 2448 3022 Ab
2474 2967 2580 3021 hoc
2607 2967 2932 3038 productum
2957 2985 3079 3026 esse
3094 2969 3331 3025 Verbum
3357 2973 3575 3039 asserit;

1997 3073 2094 3128 per
2119 3060 2267 3115 istud
2300 3075 2430 3114 vero
2460 3066 2628 3115 totam
2654 3060 2891 3116 IEonum
2923 3072 3172 3118 naturam
3206 3080 3367 3135 quam
3400 3066 3577 3135 ipsum

1998 3160 2186 3221 postea
2225 3148 2465 3205 Verbum
2524 3151 2860 3207 informavit.
2895 3151 3030 3207 Cum
3089 3155 3255 3225 igitur
3292 3159 3357 3211 de
3405 3157 3580 3227 prima

2001 3243 2351 3313 generatione
2400 3257 2706 3298 sermonem
2753 3245 3049 3310 instituat,
3090 3254 3239 3303 recte
3290 3262 3321 3301 a
3368 3247 3582 3302 Princi-

2001 3334 2112 3404 pio,
2140 3334 2242 3388 hoc
2274 3342 2358 3390 est
2394 3334 2536 3399 Deo,
2580 3333 2866 3406 Verboque
2905 3336 3135 3391 docendi
3174 3337 3391 3393 initium
3420 3339 3579 3409 197

2003 3423 2152 3479 fecit.
2195 3424 2273 3479 Ita
2314 3441 2478 3496 porro
2517 3427 2709 3482 scribit
2742 3446 2754 3482 :
2793 3427 2857 3483 In
2887 3429 3148 3499 principio
3202 3439 3318 3483 erat
3356 3429 3582 3485 Verbum

2001 3526 2052 3571 et
2092 3516 2318 3572 Verbum
2348 3528 2464 3572 erat
2495 3518 2633 3587 apud
2667 3519 2862 3583 Deum,
2908 3529 2957 3574 et
2986 3520 3129 3575 Deus
3168 3531 3284 3575 erat
3332 3521 3577 3576 Verbum.

2003 3606 2093 3662 Sic
2122 3617 2235 3662 erat
2289 3609 2344 3662 in
2398 3611 2661 3681 principio
2696 3609 2838 3681 apud
2872 3611 3039 3666 Deum
3063 3613 3105 3666 ⁷.
3150 3611 3444 3683 Postquam
3479 3614 3584 3671 tria

2004 3700 2093 3753 illa
2124 3700 2404 3766 discrevit,
2442 3700 2635 3765 Deum,
2675 3701 3010 3773 Principium
3040 3710 3095 3757 et
3126 3702 3361 3760 Verbum
3390 3746 3404 3770 ,
3463 3720 3584 3760 rur-

2005 3805 2100 3846 sus
2138 3793 2191 3846 in
2224 3807 2390 3846 unum
2422 3793 2727 3861 connectit,
2757 3803 2817 3849 ut
2848 3794 3135 3866 utriusque
3171 3795 3295 3851 Filii
3335 3797 3585 3853 videlicet

2005 3895 2070 3937 ac
2100 3880 2291 3948 Verbi,
2343 3883 2759 3952 productionem
2786 3925 2801 3950 ,
2839 3886 3234 3957 amborumque
3274 3903 3396 3943 cum
3444 3888 3586 3943 inter

2005 3988 2083 4037 se,
2126 3981 2239 4027 tum
2279 3988 2403 4028 cum
2431 3973 2592 4029 Patre
2630 3975 3071 4045 conjunctionem
3103 3977 3363 4033 declaret.
3399 3978 3583 4050 Siqui-

2005 4063 2127 4118 dem
2166 4065 2221 4118 in
2262 4063 2457 4129 Patre,
2505 4074 2668 4137 atque
2691 4081 2760 4121 ex
2792 4058 2953 4122 Patre
2989 4067 3322 4138 Principium
3367 4078 3478 4125 est:
3517 4086 3586 4125 ex

2005 4152 2282 4223 Principio
2312 4154 2570 4211 Verbum.
2605 4155 2871 4213 Praeclare
2899 4159 3063 4229 igitur
3090 4157 3227 4212 dixit
3252 4177 3266 4213 :
3299 4158 3365 4213 In
3394 4162 3587 4229 princi-

2005 4240 2091 4315 pio
2137 4256 2252 4301 erat
2292 4247 2562 4311 Verbum;
2605 4257 2722 4303 erat
2752 4249 2895 4304 enim
2941 4250 2996 4304 in
3027 4249 3165 4305 Filio
3200 4268 3214 4304 :
3255 4250 3322 4305 Et
3364 4250 3585 4305 Verbum

2005 4351 2121 4392 erat
2158 4341 2299 4408 apud
2324 4340 2523 4405 Deum;
2553 4341 2835 4397 eratenim
2869 4350 2923 4398 et
2947 4343 3307 4414 principium:
3349 4344 3415 4398 Et
3446 4345 3585 4399 Deus

2006 4440 2122 4484 erat
2174 4429 2419 4486 Verbum.
2459 4432 2840 4488 Consentanee
2880 4436 3102 4490 omnino
3147 4436 3392 4491 dictum:
3440 4437 3587 4507 quod

2010 4522 2155 4576 enim
2208 4538 2237 4577 a
2280 4523 2389 4579 Deo
2425 4525 2666 4595 genitum
2705 4534 2827 4589 est,
2886 4526 3029 4583 Deus
3086 4536 3186 4584 est.
3233 4528 3325 4585 Sic
3368 4540 3482 4585 erat
3533 4530 3589 4584 in

2011 4617 2267 4685 principio
2299 4617 2439 4686 apud
2475 4617 2641 4672 Deum
2668 4661 2683 4685 ,
2719 4619 3096 4689 productionis
3126 4620 3372 4677 ordinem
3401 4630 3588 4677 osten-

2009 4708 2109 4763 dit.
2139 4707 2331 4762 Omnia
2363 4726 2455 4781 per
2483 4711 2654 4779 ipsum
2689 4710 2834 4780 facta
2865 4721 3007 4781 sunt,
3036 4723 3085 4768 et
3113 4715 3226 4768 sine
3252 4715 3362 4783 ipso
3387 4715 3588 4785 factum

2006 4810 2085 4854 est
2118 4800 2286 4865 nihil;
2308 4803 2507 4858 etenim
2530 4802 2760 4858 Verbum
2785 4805 3060 4869 omnibus,
3085 4807 3178 4878 qui
3206 4815 3327 4876 post
3354 4823 3411 4862 se
3440 4819 3585 4872 sunt,

2008 4891 2278 4949 Aionibus
2330 4894 2736 4951 informationis
2810 4911 2876 4950 ac
2941 4900 3351 4968 propagationis
3399 4910 3590 4954 auctor

2008 4986 2238 5040 exstitit.
2272 4984 2473 5042 Verum
2496 5027 2511 5049 ,
2548 4986 2701 5052 Quod
2733 4986 2935 5056 factum
2973 5000 3084 5056 est,
3127 4991 3336 5060 inquit,
3385 4993 3438 5045 in
3474 4994 3588 5060 ipso

2011 5078 2119 5131 uita
2148 5087 2297 5142 erat;
2341 5078 2431 5133 ubi
2469 5085 2524 5133 et
2580 5081 2898 5150 coniugium
2948 5081 3173 5136 indicat.
3231 5081 3369 5136 Nam
3412 5085 3591 5137 omnia

2010 5185 2103 5238 per
2146 5170 2315 5239 ipsum
2342 5171 2487 5240 facta
2520 5189 2630 5227 esse
2646 5173 2809 5239 dicit;
2837 5174 2996 5227 vitam
3020 5184 3191 5227 autem
3222 5176 3275 5228 in
3296 5176 3427 5242 ipso.
3467 5174 3593 5230 Haec

2012 5262 2177 5331 igitur
2209 5278 2330 5333 quae
2372 5264 2426 5319 in
2467 5264 2561 5319 illo
2605 5265 2745 5320 facta
2785 5274 2867 5321 est
2899 5306 2915 5326 .
2971 5267 3192 5337 prapius
3240 5267 3309 5322 ad
3344 5268 3494 5321 illum
3536 5270 3593 5324 in

2012 5354 2133 5422 ipso
2162 5355 2418 5424 pertinet,
2447 5370 2610 5425 quam
2642 5373 2704 5411 ea
2728 5373 2847 5427 qua:
2870 5372 2967 5426 per
2995 5358 3172 5427 ipsum
3206 5356 3349 5412 facta
3381 5370 3533 5414 sunt.

2083 5445 2218 5499 Cum
2262 5444 2357 5499 illo
2386 5447 2586 5516 quippe
2622 5456 2895 5510 versatur,
2937 5464 3001 5503 ac
3038 5464 3134 5519 per
3161 5450 3337 5520 ipsum
3381 5450 3593 5507 fructus

2012 5538 2231 5595 emittit.
2262 5537 2398 5594 Nam
2433 5541 2559 5611 quia
2595 5541 2778 5597 statim
2811 5542 3073 5613 subjicit:
3112 5542 3180 5597 Et
3210 5544 3317 5598 vita
3354 5553 3471 5599 erat
3500 5546 3594 5600 lux

1370 5720 1389 5753 ‘
1414 5723 1555 5777 lren.
1581 5723 1637 5776 ὲν
1667 5722 1806 5794 ἀρχῇ
1843 5721 1893 5776 δὲ

1999 5721 2048 5775 xl
2070 5721 2152 5776 ἐκ.
2236 5722 2251 5755 ⁸
2280 5721 2416 5780 Luc.
2445 5739 2542 5790 vn,
2563 5723 2652 5781 33.
2713 5723 2734 5757 ³
2764 5722 2784 5779 Ι
2814 5722 3027 5800 Cor._n,
3059 5725 3113 5783 6.
3158 5728 3177 5758 ‘
3210 5728 3410 5800 prcs.
3436 5727 3596 5798 v,52.
