3982 6430
464 363 572 420 327

1790 348 1874 409 ὦ.
1916 343 2260 404 EPIPHANH

3636 346 3735 406 528

466 483 762 548 hominum,
812 495 879 536 eo
927 478 1048 550 ipso
1090 476 1235 548 quod
1298 472 1584 529 Hominem
1637 479 2047 534 commemorat,

2158 470 2417 539 θρώπων,
2444 470 2764 544 Ἄνθρωπον
2783 470 2954 526 εἰπὼν
2980 471 3128 544 άρτι,
3158 468 3255 525 καὶ
3273 468 3375 541 τὴν
3413 468 3738 541 Ἐκκλησίαν

468 576 662 632 eadem
702 587 833 629 voce
866 580 920 627 et
951 569 1251 626 Ecclesiam
1283 564 1683 635 complectitur,
1718 570 1778 617 ut
1805 561 2046 632 coniugii

470 668 787 724 societatem
822 662 1114 731 intelligas.
1146 658 1281 712 Nam
1306 673 1372 713 ex
1408 655 1586 712 Verbo
1608 653 1843 726 Vitaque
1872 652 2046 707 Homo

456 768 638 831 atque
668 755 911 812 Ecclesia
944 759 1268 809 nascuntur.

540 934 811 989 Caeterum
852 932 1029 987 lucem
1064 929 1351 985 hominum
1401 925 1610 981 idcirco
1652 925 1823 979 vitam
1873 921 2050 978 nomi-

472 1020 640 1086 navit,
675 1018 819 1090 quod
850 1019 917 1073 ab
947 1033 1012 1073 ea
1061 1017 1138 1071 illi
1184 1015 1491 1071 collustrati
1541 1014 1673 1077 sint,
1712 1011 1856 1083 quod
1904 1012 2048 1066 idem

470 1117 554 1165 est
599 1124 662 1163 ac
716 1109 934 1181 tigurari
970 1115 1026 1163 et
1065 1106 1423 1162 manifestum
1476 1105 1614 1161 ﬁeri.
1647 1103 1802 1171 Quod
1844 1102 2049 1160 Paulus

471 1203 587 1272 ipse
617 1210 882 1257 testatur:
904 1200 1107 1265 Omne,
1143 1198 1345 1269 inquit,
1392 1196 1529 1267 quod
1559 1196 1936 1265 manifestatur
1962 1194 2048 1248 lu-

471 1312 586 1349 men
616 1304 695 1349 est
729 1296 770 1349 ¹.
838 1293 1020 1360 Quare
1052 1306 1174 1347 cum
1204 1290 1499 1345 Hominem
1533 1299 1695 1358 atque
1747 1285 2047 1342 Ecclesiam

472 1386 593 1442 Vita
645 1385 968 1456 patefecerit
1038 1398 1104 1439 ac
1158 1381 1427 1453 genuerit,
1483 1379 1679 1435 merito
1731 1378 2049 1435 eorumdem

458 1481 563 1534 .lnx
593 1494 718 1535 esse
764 1478 986 1533 dicitur.
1024 1475 1294 1543 Quocirca
1341 1475 1629 1546 perspicue
1676 1472 1917 1529 Joannes
1962 1473 2049 1530 his

472 1572 654 1627 verbis
684 1586 821 1625 enm
868 1569 998 1633 alia,
1032 1576 1148 1622 tum
1182 1566 1415 1622 alterum
1454 1564 1870 1636 quaternionem
1920 1579 2052 1635 ape-

466 1664 606 1726 ruit,
637 1662 879 1718 Verbum
907 1670 961 1716 et
984 1658 1188 1727 Vitam;
1220 1658 1503 1715 Hominem
1526 1665 1691 1727 atque
1721 1654 2047 1713 Ecclesiam.

475 1754 586 1810 Nec
621 1756 804 1810 minus
846 1762 1027 1808 tamen
1068 1752 1304 1823 priorem
1356 1751 1770 1822 quaternionem
1824 1749 2047 1804 indicat.

2153 561 2458 634 ὁμωνύμως
2483 562 2561 634 τῷ
2585 564 2858 637 ἀνθρώπῳ
2889 564 3183 634 ὲμήνυσεν,
3208 562 3358 624 ὅπως
3384 560 3474 613 διὰ
3500 560 3595 614 τοῦ
3627 561 3739 625 ἑνὸς

2152 652 2415 724 ὀνόματος
2448 653 2666 728 δηλώσῃ
2703 656 2802 727 τὴν
2832 655 2935 726 τῆς
2979 655 3244 723 συζυγίας
3289 651 3602 707 κοινωνίαν.
3649 652 3741 706 Ἐκ

2153 742 2263 815 γὰρ
2298 742 2391 797 τοῦ
2415 744 2588 814 Λόγου
2611 745 2705 800 καὶ
2732 745 2831 817 τῆς
2856 744 3031 816 Ζωῆς,
3064 743 3387 817 Ἄνθρωπος
3415 741 3631 812 γίνεται
3651 742 3744 795 καὶ

2168 834 2484 906 Ἐκκλησία.

2224 926 2345 992 Φῶς
2369 928 2427 982 δὲ
2457 923 2577 982 εἷπε
2601 928 2711 993 τῶν
2738 926 3045 1002 ἀνθρώπων
3082 927 3181 1000 τὴν
3216 926 3380 998 ζωὴν,
3415 925 3508 980 διά
3553 922 3619 979 τὸ
3645 940 3742 977 πε-

2156 1019 2422 1089 φωτίσθαι
2457 1021 2657 1086 αὐτοὺς
2686 1021 2779 1076 ὑπ’
2815 1021 3007 1092 αὐτῆς,
3045 1020 3076 1073 ὃ
3100 1020 3164 1091 δή
3197 1021 3313 1072 ἐστι
3342 1017 3743 1090 μεμορφῶσθαι

2155 1112 2252 1165 καὶ
2298 1110 2740 1183 πεφανερῶσθαι.
2786 1111 2958 1167 Τοῦτο
3005 1111 3064 1166 δὲ
3114 1111 3207 1164 καὶ
3247 1111 3276 1164 ό
3321 1110 3534 1173 Παῦλος
3571 1108 3741 1177 λέγει·

2156 1202 2286 1258 Πᾶν
2347 1204 2459 1274 γὰρ
2516 1203 2585 1258 τὸ
2633 1205 3084 1273 φανερούμενον
3140 1201 3267 1273 φῶς
3327 1202 3521 1255 ἐστιν.
3587 1198 3745 1277 ᾚπεὶ

2155 1296 2332 1349 τοίνυν
2383 1296 2698 1367 ὲφανέρωσε
2744 1296 2841 1350 καὶ⁵
2887 1295 3145 1367 ἐγέννησε
3191 1295 3284 1348 τόν
3322 1311 3383 1348 τε
3419 1293 3745 1365 ’Ἄνθρωπον

2156 1385 2250 1437 καὶ
2276 1383 2373 1455 τὴν
2418 1384 2749 1457 Ἐκκλησίαν
2798 1388 2833 1456 ή
2882 1385 3028 1458 Ζωή,
3066 1385 3183 1454 φῶς
3235 1383 3491 1456 εἰρῆσθαι
3537 1382 3742 1437 αὐτῶν.

2156 1476 2351 1545 Σαφῶς
2406 1471 2501 1530 οὖν
2536 1476 2840 1549 δεδήλωκεν
2891 1478 2921 1530 ὁ
2984 1476 3236 1546 Ἰωάννης
3268 1476 3356 1531 διὰ
3397 1474 3509 1529 τῶν
3569 1474 3739 1544 λόγων

2154 1568 2361 1622 τούτων
2391 1569 2461 1623 τά
2505 1585 2565 1621 τε
2598 1569 2734 1624 ἄλλα
2779 1569 2877 1623 καὶ
2907 1567 3005 1640 τὴν
3042 1568 3273 1641 τετράδα
3315 1567 3417 1638 τὴν
3456 1566 3737 1639 δευτέραν,

2155 1660 2327 1729 Λόγον
2368 1662 2465 1714 καὶ
2504 1660 2677 1732 Ζωὴν,
2710 1660 3030 1734 Ἄνθρωπον
3057 1662 3153 1715 καλ⁸
3185 1660 3534 1731 Ἐκκλησίαν.
3579 1658 3743 1713 Ἀλλὰ

2160 1752 2266 1824 μὴν
2300 1753 2396 1805 καὶ
2426 1751 2523 1823 τὴν
2555 1753 2781 1831 πρώτην
2818 1743 3060 1824 ἐμήνυσε
3088 1752 3340 1823 τετράδα.
3373 1750 3744 1823 Διηγούμενος

474 1847 613 1902 Cum
648 1846 793 1901 enim
850 1845 918 1901 de
967 1845 1250 1899 Salvatore
1299 1842 1541 1906 disserit,
1591 1840 1884 1911 omniaque
1928 1855 2050 1911 quae

2158 1844 2261 1914 γὰρ
2293 1844 2424 1915 περὶ
2463 1844 2558 1898 τοῦ
2590 1845 2866 1915 Σωτῆρος,
2913 1846 3008 1899 καί
3051 1844 3227 1914 λέγων
3261 1843 3439 1898 πάντα
3481 1843 3551 1896 τά
3584 1842 3743 1907 ἐκτὸς

473 1946 629 1992 extra
662 1934 908 1990 Pleroma
953 1941 1085 1989 sunt
1131 1934 1201 1989 ab
1230 1933 1350 2003 ipso
1396 1948 1520 1989 esse
1553 1930 1785 1987 formata
1837 1931 2048 1995 scribit,

476 2028 644 2083 totius
678 2027 829 2080 illum
856 2024 1184 2081 Pleromatis
1215 2023 1454 2079 fructum
1486 2038 1609 2079 esse
1631 2029 2049 2077 commonstrat.

477 2118 607 2174 Nam
645 2119 794 2173 illum
827 2119 1001 2173 lucem
1031 2132 1155 2172 esse
1186 2116 1343 2182 dixit,
1370 2132 1491 2187 quae
1524 2116 1668 2171 lucet
1692 2114 1747 2169 in
1786 2113 2050 2177 tenebris,

476 2226 575 2267 nec
600 2211 669 2265 ab
700 2209 835 2281 ipsis
863 2209 1380 2279 comprehenditur;
1425 2223 1490 2265 eo
1510 2206 1657 2280 quod
1691 2222 1816 2262 cum
1842 2205 2050 2269 omnia,

473 2317 595 2373 quae
622 2316 690 2356 ex
726 2300 1093 2355 commotione
1125 2305 1308 2354 ortum
1341 2298 1671 2364 habuerant,
1706 2294 2053 2366 composuis-

473 2406 577 2457 set.
613 2396 682 2452 ab
713 2395 820 2451 illis
861 2407 1204 2463 nequaquam
1233 2400 1316 2448 est
1359 2392 1600 2463 agnitus.
1650 2389 1813 2460 198
1860 2387 1966 2444 Sed
1998 2397 2054 2442 et

475 2487 670 2543 Filium
702 2486 953 2543 eumdem
984 2499 1051 2540 ac
1081 2481 1464 2545 Veritatem,et
1501 2480 1700 2547 Vitam,
1730 2490 1785 2535 et
1814 2478 2052 2535 Verbum

473 2579 617 2650 quod
636 2593 765 2634 caro
785 2577 986 2633 factum
1009 2577 1079 2633 sit
1096 2575 1351 2646 appellat.
1376 2572 1566 2643 Cujus,
1596 2573 1796 2642 inquit,
1826 2572 2052 2641 gloriam

474 2671 700 2725 vidimus
728 2685 747 2723 :
768 2676 980 2739 eratque
1003 2668 1175 2738 gloria
1203 2669 1318 2737 ejus
1342 2666 1497 2737 quasi
1534 2662 1802 2735 Unigeniti
1830 2663 1997 2718 eidem
2021 2680 2055 2717 a

481 2763 640 2818 Patre
673 2777 941 2825 concessa,
965 2761 1120 2829 plena
1148 2760 1339 2829 gratim
1370 2766 1421 2812 et
1447 2757 1709 2811 veritatis.
1751 2755 1865 2810 Hoc
1892 2755 2042 2810 enim

475 2856 639 2912 modo
668 2855 862 2912 scribit
895 2870 912 2907 :
947 2851 1015 2907 Et
1057 2851 1280 2906 Verbum
1326 2867 1449 2906 caro
1497 2850 1700 2919 factum
1741 2860 1841 2915 est,
1875 2857 1926 2902 et
1957 2848 2055 2902 ha-

477 2944 659 2998 bitavit
706 2944 760 2996 in
790 2940 961 3005 nobis,
998 2950 1047 2994 et
1094 2941 1317 2994 vidimus
1363 2939 1593 3010 gloriam
1638 2936 1774 3007 ejus,
1821 2937 2050 3008 gloriam

475 3033 629 3101 quasi
663 3029 928 3102 Unigem'ti
968 3047 1000 3084 a
1038 3029 1218 3095 Patre,
1249 3029 1460 3099 plenum
1488 3030 1678 3100 gratim
1710 3037 1758 3083 et
1791 3028 2049 3082 veritatis.

2156 1935 2253 1988 τοῦ
2279 1934 2654 2009 Πληρώματος
2682 1937 2749 1991 δι’
2778 1937 2946 1992 αὐτοῦ
2980 1934 3392 2009 μεμορφῶσθαι,
3428 1932 3643 2008 καρπὸν
3664 1932 3744 1988 εί-

2151 2027 2242 2082 ναί
2283 2045 2447 2098 φησιν
2478 2028 2641 2081 αὐτὸν
2679 2028 2875 2096 παντὸς
2904 2027 2999 2082 τοῦ
3040 2026 3432 2099 Πληρώματος.
3473 2027 3588 2081 Καὶ
3631 2026 3743 2098 γὰρ

2152 2118 2271 2188 φῶς
2301 2120 2523 2190 εἴρηκεν
2551 2119 2712 2173 αὐτὸν
2744 2119 2807 2173 τὸ
2839 2120 2897 2172 ὲν
2934 2121 3003 2193 τῇ
3030 2119 3221 2190 σκοτίᾳ
3259 2117 3609 2190 φαινόμενον,
3646 2115 3743 2171 καὶ

2156 2211 2232 2283 μὴ
2275 2210 2620 2280 καταληφθὲν
2660 2212 2750 2265 ὑπ’
2788 2211 2958 2284 αὐτῆς
2980 2228 2993 2240 ·
3045 2208 3234 2281 ἐπειδὴ
3267 2209 3446 2264 πάντα
3485 2208 3557 2262 τὰ
3590 2208 3742 2278 γενό-

2157 2320 2293 2375 μενα
2334 2304 2399 2356 ἐκ
2446 2303 2541 2357 τοῦ
2590 2302 2794 2368 πάθους
2821 2304 3071 2375 ἁρμόσας
3124 2302 3363 2373 ήγνοήθη
3404 2302 3498 2355 ὑπ’
3547 2300 3737 2371 αὐτῆς.

2154 2395 2267 2450 Καὶ
2302 2396 2427 2449 Υίδν
2467 2396 2546 2461 δὲ,
2582 2398 2675 2451 καὶ
2713 2395 3011 2469 Ἀλήθειαν,
3041 2397 3136 2450 καὶ
3184 2396 3338 2467 Ζωὴν
3365 2394 3516 2463 λέγει
3553 2392 3738 2460 αὑτὸν,

2154 2485 2249 2540 καὶ
2274 2485 2447 2554 Λόγον
2475 2487 2653 2556 σάρκα
2684 2487 3007 2558 γενόμενον⁸
3045 2482 3129 2543 Οὗ
3176 2485 3289 2555 τὴν
3341 2484 3534 2549 δόξαν
3574 2485 3741 2539 ἐθεα-

2153 2579 2407 2649 σάμεθα,
2442 2579 2611 2649 φησι·
2677 2579 2776 2634 καὶ
2823 2575 2906 2650 ἦν
2953 2579 2993 2647 ἡ
3036 2578 3189 2644 δόξα
3220 2578 3406 2633 αὐτοῦ
3459 2578 3554 2632 οἶα
3589 2573 3668 2648 ἦν
3697 2576 3737 2646 ἡ

2153 2671 2261 2725 τοῦ
2282 2670 2667 2741 Μονογενοῦς
2686 2671 2725 2739 ἡ
2758 2670 2877 2724 ὑπὸ
2899 2670 3005 2725 τοῦ
3029 2669 3261 2739 Πατρός
3284 2668 3531 2723 δοθεῖσα
3556 2665 3736 2732 αὐτῷ,

2154 2755 2395 2825 πλήρης
2441 2758 2683 2826 χάριτος
2727 2757 2828 2812 καί
2874 2754 3186 2825 ἀληθείας.
3232 2757 3395 2827 Λέγει
3442 2757 3502 2811 δὲ
3558 2756 3734 2812 οὕτω⁶

2155 2845 2266 2899 Καὶ
2319 2849 2354 2900 ὁ
2408 2847 2600 2916 Λόγος
2634 2846 2793 2915 σὰρξ
2841 2845 3094 2916 ἐγένετο,
3138 2847 3238 2901 καί
3285 2845 3645 2914 ἐσκήνωσεν
3669 2846 3740 2901 ἐν

2154 2938 2332 3008 ἡμῖν·
2385 2938 2487 2993 καί
2530 2936 2903 3008 ἐθεασάμεθα
2933 2938 3050 3006 τὴν
3087 2938 3276 3004 δόξαν
3310 2939 3522 3004 αὐτοῦ,
3552 2937 3740 3004 δόξαν

2155 3030 2237 3097 ὡς
2278 3028 2662 3100 Μονογενοῦς
2704 3032 2865 3099 παρὰ
2901 3032 3171 3100 Πατρός,
3227 3032 3469 3100 πλήρης
3499 3031 3738 3101 χάριτος

475 3127 596 3192 Quo
636 3123 691 3178 in
741 3125 861 3178 loco
888 3123 1126 3194 primum
1170 3108 1591 3193 quaternionem
1635 3120 2050 3175 accuratissime

2158 3120 2257 3174 καὶ
2283 3123 2597 3191 ἀληθείας.
2645 3122 2913 3194 ’Λκριϐῶς
2947 3118 3039 3176 οὖν
3081 3124 3176 3177 καὶ
3200 3122 3319 3194 τὴν*
3339 3122 3565 3194 πρώτην
3599 3123 3736 3193 έμήο

474 3217 765 3288 descripsit
800 3235 813 3271 :
849 3231 972 3271 curn
1006 3214 1225 3271 Patrem
1260 3215 1585 3278 nominavit,
1620 3223 1674 3269 et
1702 3213 1970 3277 Gratiam,
2001 3221 2050 3267 et

2158 3228 2285 3265 νυσε
2332 3184 2597 3285 τετράδα·
2656 3184 3099 3284 Πατέρανείπὼν
3143 3184 3473 3284 καίΧάριν,
3507 3184 3601 3267 καὶ

481 3308 854 3379 Unigenitum,
886 3322 950 3362 ac
1002 3305 1323 3363 Veritatem.
1376 3304 1454 3360 Ita
1509 3306 1670 3377 plane
1701 3304 1943 3362 Joannes
1987 3305 2056 3361 de

481 3402 958 3473 primavadeoque
993 3409 1168 3470 matre
1204 3399 1450 3454 omnium
1500 3398 1737 3453 Eonum
1796 3397 2056 3469 Ogdoade

478 3495 698 3549 locutus
744 3500 850 3547 est.
893 3491 1033 3546 Istos
1075 3491 1221 3546 enim
1268 3490 1593 3544 nominatim
1628 3489 1902 3559 concepit,
1950 3488 2049 3542 Pa-

477 3594 641 3649 trem,
671 3580 937 3646 Gratiam,
972 3579 1297 3651 Unigenam,
1328 3577 1645 3648 Veritatem,
1672 3576 1932 3645 Verbum,
1961 3578 2057 3633 Vi-

477 3683 610 3739 tam,
644 3673 954 3739 Hominem,
992 3670 1315 3726 Ecclesiam.

548 3762 780 3820 XXVIII.
832 3762 1014 3828 Vides,
1040 3762 1396 3828 charissime,
1424 3773 1598 3817 artem
1635 3761 1782 3816 illam
1814 3775 1879 3816 ac
1910 3760 2057 3816 frau.

476 3854 621 3916 dem,
670 3867 781 3923 qua
813 3850 1173 3920 sibimetipsis
1204 3850 1443 3905 illudunt
1486 3849 1749 3915 hmretici,
1794 3849 1923 3904 dum
1973 3864 2058 3905 sa-

476 3944 589 3998 cris
619 3942 844 3998 Litteris
875 3956 972 4012 per
1004 3940 1336 3995 calumniam
1385 3941 1704 4004 abutuntur,
1736 3950 1794 3995 ut
1835 3955 1903 3996 ex
1937 3940 2058 3995 illa-

476 4049 597 4088 rum
626 4032 939 4089 testimonio
967 4032 1166 4088 fabulis
1197 4032 1313 4089 suis
1343 4032 1560 4103 pondus
1589 4039 1642 4088 et
1671 4033 2054 4087 auatoritatem

475 4126 789 4182 concilient.
816 4122 1180 4192 Quamobrem
1204 4125 1457 4180 consulto
1476 4125 1695 4179 illorum
1727 4124 1783 4178 in
1815 4125 2053 4179 medium

475 4219 637 4275 verba
695 4218 916 4288 protuli,
971 4224 1031 4271 ut
1091 4215 1384 4271 miriﬁcum
1439 4216 1683 4286 ipsorum
1737 4215 2056 4270 calliditatis

475 4310 763 4365 artiﬁcium
813 4317 978 4380 atque
996 4308 1199 4364 erroris
1213 4309 1543 4378 pravitatem
1567 4306 2050 4361 animadverteres.

472 4402 719 4456 Primum
766 4402 934 4465 enim,
966 4401 1012 4455 si
1062 4397 1259 4455 Joanni
1291 4413 1604 4471 supremam
1649 4398 1797 4454 illam
1840 4396 2055 4469 Ogdoa-

2157 3307 2460 3377 Μονογενῆ,
2497 3307 2593 3361 καὶ
2654 3306 2958 3379 Ἀλήθειαν.
3005 3307 3192 3373 Οὕτως
3234 3310 3262 3362 ό
3308 3309 3561 3379 Ἰωάννης
3611 3308 3737 3380 περὶ

2155 3398 2255 3469 τῆς
2292 3398 2514 3469 πρώτης
2544 3398 2639 3453 καὶ
2668 3400 2873 3471 μητρὸς
2904 3398 3014 3453 τῶν
3038 3399 3175 3453 ὅλων
3198 3398 3419 3454 Δίώνων
3461 3402 3736 3470 Ὀγδοάδος

2156 3490 2367 3561 εῐρηκε.
2423 3491 2645 3562 Πατέρα
2690 3491 2800 3562 γὰρ
2847 3491 3037 3564 εῐρηκε
3072 3491 3167 3545 καὶ
3197 3492 3393 3561 Χάριν,
3439 3492 3534 3547 καὶ⁵
3565 3493 3738 3547 Μονο-

2156 3582 2313 3653 γενῆ,
2371 3582 2469 3636 καὶ
2526 3582 2830 3653 Ἀλήθειαν,
2880 3584 2976 3638 καὶ
3024 3583 3219 3654 Λόγον,
3275 3585 3369 3641 καὶ
3417 3585 3591 3656 Ζωήν,
3643 3584 3736 3641 καὶ

2160 3673 2504 3745 Ἄνθρωπον,
2540 3675 2634 3727 καὶ⁸
2679 3673 3026 3747 Ἐκκλησίαν.

2228 3766 2363 3827 κη’,
2409 3768 2592 3839 Ὁρᾷς,
2612 3766 2890 3840 άγαπητὲ,
2916 3766 3013 3838 τήν
3045 3766 3288 3839 μέθοδον,
3324 3760 3359 3841 ᾖ
3389 3766 3441 3819 oi
3467 3765 3735 3838 χρώμενοι

2158 3856 2593 3928 φρεναπατοῖηιν
2640 3858 2887 3922 ἑαυτοὺς,
2918 3855 3320 3928 ἐπηρεάζοντες
3363 3855 3466 3919 τὰς
3498 3855 3736 3927 Γραιρὰς,

2154 3947 2217 3999 τὸ
2245 3944 2470 4016 πλάσμα
2505 3943 2686 3998 αὐτῶν
2717 3945 2776 4010 ἐξ
2804 3945 2984 4000 αὐτῶν
3017 3944 3356 3999 συνιστάνειν
3385 3943 3735 4015 πειρώμενοι.

2156 4037 2255 4090 Διὰ
2302 4036 2462 4090 τοῦτο
2511 4036 2620 4109 γὰρ
2662 4038 2759 4092 καὶ
2818 4037 2978 4101 αὐτὸς
3025 4035 3351 4108 παρεθέμην
3397 4034 3579 4088 αὐτῶν
3643 4035 3739 4099 τὰς

2156 4126 2347 4192 λέξεις,
2376 4127 2464 4179 ἵνα
2490 4127 2549 4192 ἐξ
2576 4126 2756 4181 αὐτῶν
2785 4129 3124 4199 κατανοήσῃς
3152 4126 3253 4195 τὴν
3278 4124 3617 4195 πανουργίαν
3643 4125 3738 4196 τῆς

2159 4217 2462 4289 μεθοδείας,
2492 4218 2586 4272 καὶ
2617 4216 2717 4289 τὴν
2769 4217 3034 4288 πονηρίαν
3083 4216 3183 4285 τῆς
3234 4214 3463 4285 πλάνης.
3517 4212 3736 4284 Πρῶτον

2158 4312 2257 4383 μὲν
2308 4311 2418 4382 γὰρ
2464 4312 2514 4364 εί
2562 4310 2849 4383 προέκειτο
2903 4308 3123 4380 Ἰωάννῃ
3166 4309 3264 4380 τήν
3307 4306 3421 4360 ἄνω
3482 4305 3732 4373 Ὀγδοάδσ

2159 4405 2440 4475 μηνύσειν,
2494 4401 2592 4474 τὴν
2648 4402 2801 4469 τάξιν
2835 4402 2901 4456 ἂν
2947 4402 3238 4473 τετηρήκει
3288 4399 3390 4471 τῆς
3446 4398 3732 4471 προὸολῆς,

475 4493 598 4547 dem
646 4491 927 4547 declarare
978 4490 1322 4561 propositum
1373 4490 1599 4554 fuisset,
1651 4490 2050 4560 procreationis

2158 4496 2251 4549 καὶ
2277 4496 2377 4569 τὴν
2400 4494 2623 4567 πρώτην
2653 4494 2899 4566 Τετράδα
2934 4493 3383 4563 σεϐασμιωτάτην
3414 4486 3605 4556 οὖσαν,
3638 4506 3728 4542 κα-

475 4585 720 4639 ordinem
757 4590 1020 4647 servaret,
1055 4597 1129 4647 ,ac
1161 4582 1396 4652 priorem
1448 4582 1622 4646 illum,
1655 4580 1735 4635 uti
1767 4589 2044 4646 asserunt,

477 4678 1038 4748 augustissimumque
1074 4675 1514 4745 quaternioncm,
1554 4674 1609 4728 in
1648 4676 1830 4745 prima
1866 4675 2045 4730 nomi‘
2080 4722 2091 4741 κ

474 4786 608 4825 num
656 4770 796 4825 serie
846 4769 1172 4834 collocaret;
1226 4773 1341 4822 tum
1388 4765 1688 4823 secundum
1728 4767 2043 4836 subiiceret,

474 4870 534 4915 nt
583 4875 680 4931 per
727 4859 1115 4915 vocabulorum
1164 4855 1411 4912 ordinem
1463 4855 1740 4928 Ogdoadis
1786 4857 1924 4911 ordo
1955 4857 2049 4914 de-

471 4959 873 5007 monstraretur
902 4967 916 5002 :
952 4963 1127 5017 neque
1154 4956 1306 5001 tanto
1332 4947 1635 5012 intervallo,
1668 4947 1813 5001 velut
1842 4947 2047 5002 oblitus

471 5060 535 5100 ac
574 5043 755 5099 denuo
794 5040 1137 5104 recordatus,
1186 5039 1596 5111 qualernionem
1641 5041 1878 5110 primum
1915 5040 2046 5094 ulti-

472 5153 621 5192 mum
651 5138 706 5191 in
754 5137 934 5190 locum
966 5133 1283 5203 conjiceret.
1318 5131 1522 5189 Deinde
1569 5133 1615 5188 si
1661 5134 2043 5204 coniugiorum

472 5229 803 5284 mentionem
832 5227 1009 5282 facere
1040 5227 1214 5283 vellet.
1250 5242 1530 5297 nunquam
1558 5225 1816 5281 Ecclesia).
1845 5242 2047 5281 nomen

472 5321 927 5386 praetermitteret.
986 5317 1091 5372 Sed
1133 5318 1219 5373 vel
1267 5320 1477 5373 cmteris
1510 5319 1673 5371 etiam
1721 5317 1774 5371 in
1822 5318 2048 5387 paribus

476 5410 822 5465 recensendis
873 5413 1022 5466 solos
1082 5411 1344 5466 duntaxat
1404 5426 1583 5466 mares
1640 5411 1984 5465 nominasset
2032 5430 2044 5464 :

475 5512 600 5550 cum
644 5506 699 5549 et
739 5499 839 5567 ipsi
870 5504 1119 5557 similiter
1148 5520 1255 5557 una
1303 5504 1528 5574 intelligi
1582 5504 1835 5573 possint;
1893 5515 1951 5557 ut
1993 5504 2047 5556 in

476 5584 735 5638 omnibus
780 5588 1185 5645 similitudinem
1235 5592 1713 5662 mqualitatemque
1784 5602 2046 5647 servaret.

554 5779 571 5809 ³
597 5776 801 5849 Ειιιιρε.
836 5799 886 5846 v,
918 5788 1003 5843 15.
1080 5792 1098 5820 ²
1136 5791 1256 5844 For.
1291 5791 1321 5856 ἦ
1356 5795 1424 5844 εξ.

2154 4586 2263 4651 θὼς
2299 4587 2567 4655 λέγουσιν,
2601 4588 2658 4639 ὲν
2693 4585 2928 4657 πρώτοις
2962 4585 3030 4638 ἂν
3058 4584 3292 4638 τεθείκει
3331 4586 3446 4646 τοῖς
3476 4582 3727 4653 ὀνόμασιε

2154 4680 2249 4733 καὶ
2295 4678 2468 4743 οὓτως
2514 4677 2818 4749 ὲπεζεύχθη
2867 4679 2965 4748 τὴν
3023 4678 3317 4749 δευτέραν,
3369 4677 3457 4730 ἵνα
3498 4675 3589 4730 διὰ
3637 4675 3729 4744 τῆς

2153 4770 2359 4836 τάξεως
2393 4773 2499 4826 τῶν
2527 4771 2807 4842 ὀνομάτων
2832 4773 2865 4842 ὴ
2891 4770 3044 4836 τάξις
3069 4770 3252 4842 δειχθῇ
3282 4770 3384 4841 τῆς
3420 4768 3697 4837 Ὀγδοάδος
3713 4781 3726 4795 ⁸

2154 4865 2248 4916 καὶ
2305 4865 2405 4918 οὐκ
2450 4864 2516 4918 ἂν
2571 4864 2708 4935 μετὰ
2761 4862 3012 4916 τοσοῦτον
3054 4862 3361 4933 διάστημα,
3411 4861 3489 4924 ὡς
3512 4860 3730 4930 ὲκλελη-

2156 4956 2372 5026 σμένος,
2404 4956 2595 5011 ἔπειτα
2626 4955 2990 5029 ἀναμνησθεὶς
3018 4956 3103 5008 ἐπ’
3126 4957 3336 5027 ἐσχάτῳ
3354 4953 3579 5025 πρώτης
3609 4952 3726 5023 ὲμέ-

2158 5064 2327 5119 μνητο
2357 5047 2645 5119 Τετράδος.
2696 5049 2926 5100 Ἔπειτα
2965 5047 3022 5099 δὲ
3069 5046 3166 5099 καλ⁵
3208 5044 3307 5108 τὰς
3340 5042 3607 5112 συζυγίας
3633 5058 3726 5111 σηο

2156 5140 2325 5209 μᾶναι
2373 5139 2560 5205 θέλων,
2593 5139 2687 5194 καὶ
2717 5140 2777 5193 τὸ
2809 5140 2909 5209 τῆς
2981 5137 3307 5208 Ἐκκλησίας
3353 5136 3453 5189 οὐκ
3492 5135 3560 5189 ἂν
3595 5151 3724 5205 παρα

2156 5227 2342 5283 έλιπεν
2363 5229 2553 5300 ὄνομα.
2592 5229 2730 5283 ’Λλλ’
2764 5229 2795 5300 ἢ
2831 5229 2925 5283 καὶ
2966 5228 3059 5281 ἐπὶ
3091 5228 3200 5282 τῶν
3229 5226 3430 5280 λοιπῶν
3464 5223 3727 5295 συζυγιῶν

2156 5317 2397 5389 ἠρκέσθη
2427 5322 2492 5390 τῇ
2535 5319 2643 5371 τῶν
2669 5319 2916 5390 ἀρρένων
2949 5317 3313 5388 προσηγορίᾳ,
3338 5314 3541 5386 ὁμοίως
3570 5314 3722 5368 δυνα-

2159 5410 2334 5480 μένων
2368 5410 2634 5465 κάκείνων
2656 5408 3148 5477 συνυπακούεσθαι,
3165 5409 3253 5461 ἵνα
3276 5406 3371 5478 τὴν
3395 5406 3621 5476 ἑνότητα
3646 5402 3729 5458 διὰ

2158 5501 2374 5555 πάντων
2465 5500 2814 5572 πεφυλακὼς,
2842 5502 2889 5554 εί
2920 5503 2939 5533 ¹
2966 5499 3075 5553 τῶν
3104 5497 3307 5553 λοιπῶν
3345 5498 3442 5561 τὰς
3469 5496 3727 5566 συζύγους

2157 5592 2433 5663 κατέλεγε,
2484 5594 2579 5648 καὶ
2633 5592 2731 5664 τήν
2777 5592 2868 5647 τοῦ
2935 5589 3247 5665 ’Λνθρώπου
3304 5589 3369 5645 ἂν
3430 5584 3721 5662 μεμηνύκει
