3982 6422
270 402 386 459 529

1025 404 1398 463 novensus
1436 400 1779 461 massas
1817 397 1946 455 LIB.
1987 396 2031 457 l.
2070 398 2235 457 ron.
2278 397 2343 455 ιι.
2382 429 2452 442 -
2489 398 2767 456 namss.
2802 374 3003 454 xxxr.

3446 394 3555 449 550

280 502 537 590 σύζυγον,
564 522 660 576 καὶ
692 524 794 577 οὐκ
829 523 896 577 ἂν
922 524 1132 597 ἀφῆκεν
1157 526 1223 580 ἐκ
1254 526 1512 597 μαντείας
1549 525 1695 597 ἡμᾶς
1720 522 1862 593 λαμ-

1967 517 2061 576 Vel
2106 521 2152 576 si
2180 504 2512 592 reliquorum
2540 520 2801 592 coniuges
2831 523 3198 579 enumeraret,
3228 517 3388 572 etiam
3438 513 3549 568 llo-

277 613 468 665 6άνειν
497 613 733 685 τοῦνομα
765 615 954 687 αὐτῆς.
984 617 1200 689 Φανερὰ
1232 614 1329 672 οῦν
1355 619 1387 689 ἡ
1414 618 1514 688 τῆς
1551 616 1863 688 ἐξηγήσεως

277 720 435 776 παρα
444 704 674 778 ποίησις.

351 880 458 935 Τοῦ
487 881 598 954 γὰρ
654 884 903 939 Ἰωάννου
945 887 1042 941 ἕνα
1094 887 1227 941 Θεὸν
1277 889 1712 960 παντοκράτορα,
1769 886 1864 941 καὶ

276 973 379 1028 ἕνα
423 977 685 1049 μονογενῆ
736 977 973 1049 Χριστὸν
1026 980 1232 1051 Ἰησοῦν
1284 980 1673 1053 κηρύσσοντος⁵
1700 980 1769 1034 δι’
1799 973 1860 1034 οὗ

272 1062 347 1116 τὰ
377 1065 553 1120 πάντα
583 1067 865 1136 γεγονέναι
893 1067 1061 1136 λέγει,
1092 1069 1280 1125 τοῦτον
1312 1070 1452 1125 Υιὸν
1480 1072 1652 1137 Θεοῦ,
1671 1070 1861 1125 τοῦτον

273 1156 612 1227 Μονοτενῆ,
663 1158 850 1213 τοῦτον
897 1160 1142 1215 πάντων
1177 1161 1462 1232 ποιητὴν,
1504 1162 1692 1217 τοῦτον
1734 1162 1861 1233 φῶς

270 1248 604 1316 ἀληθινόν,
655 1251 982 1321 φωτίζοντα
1031 1253 1230 1309 πάντα
1279 1253 1614 1323 ἄνθρωπον,
1671 1254 1860 1309 τοῦτον

271 1340 514 1410 κόσμου
562 1343 840 1412 ποιητὴν,
876 1343 1066 1400 τοῦτον
1115 1347 1202 1411 εις
1235 1345 1309 1400 τὰ
1342 1345 1465 1401 ἴδια
1493 1346 1857 1417 ἐληλυθότα,

268 1432 465 1487 τοῦτον
504 1435 692 1489 αὑτὸν
723 1435 922 1505 σάρκα
969 1439 1275 1508 γεγονότα,
1332 1438 1433 1492 καί
1470 1439 1861 1508 ἐσκηνωκότα

270 1521 344 1574 ἐν
373 1521 539 1590 ἡμῖν,
569 1517 737 1588 οὗτοι,
764 1526 1212 1598 παρατρέποντες
1244 1527 1384 1582 κατὰ
1416 1529 1478 1582 τὸ
1510 1528 1732 1583 πιθανὸν
1760 1530 1860 1601 τὴν

269 1613 559 1683 ἐξήγησιν,
594 1613 754 1670 ἄλλον
811 1617 909 1687 μὲν
955 1618 1048 1672 τὸν
1096 1619 1377 1691 Μονογενῆ
1425 1620 1669 1675 θέλουσιν
1721 1617 1861 1675 εἶναι

269 1701 420 1757 κατὰ
440 1704 542 1774 τὴν
561 1704 852 1778 προϐολὴν,
891 1707 950 1762 ὃν
979 1709 1043 1781 δὴ
1072 1712 1164 1764 καὶ
1207 1711 1403 1783 Ἀρχὴν
1426 1710 1703 1766 καλοῦσιν.
1733 1711 1862 1766 ’Λλ-

270 1794 366 1848 λον
397 1794 457 1848 δὲ
482 1795 574 1849 τὸν
603 1797 835 1869 Σωτῆρα
866 1800 1149 1870 γεγονέναι
1182 1801 1415 1868 θέλουσι,
1457 1804 1550 1859 καὶ
1577 1803 1736 1858 ἄλλον
1767 1804 1860 1858 τὸν

268 1887 451 1955 Λόγον
493 1888 608 1942 υἱὸν
640 1889 734 1942 τοῦ
763 1886 1125 1960 Μονογενοῦς,
1173 1895 1269 1949 καὶ
1290 1886 1471 1949 ’ἄλλον
1499 1895 1590 1949 τὸν
1624 1895 1859 1967 Χριστὸν

270 1980 354 2042 εἰς
400 1980 774 2052 ἐπανόρθωσιν
815 1982 911 2037 τοῦ
963 1984 1337 2056 Πληρὼματος
1392 1986 1855 2059 προϐεϐλημένον.

269 2070 388 2123 Καὶ
435 2068 494 2123 ἓν
544 2069 775 2126 ἕκαστον
826 2074 937 2130 τῶν
986 2076 1294 2147 εἰρημένων
1336 2076 1568 2151 ἄραντες
1617 2078 1725 2131 ἀπὸ
1760 2078 1861 2149 τῆς

268 2160 556 2230 ἀληθείας,
609 2164 1088 2236 καταχρησάμενοι
1135 2170 1249 2232 τοῖς
1294 2169 1573 2239 ὀνόμασιν,
1631 2171 1712 2233 εἰς
1761 2169 1860 2242 τὴν

273 2252 417 2307 ἰδίαν
473 2252 730 2309 ὑπόθεσιν
785 2257 1147 2327 μετήνεγκαν.
1183 2258 1345 2313 Ὥστε
1401 2261 1523 2315 κατ’
1577 2262 1772 2326 αὐτοὺς
1801 2263 1861 2316 ἐν

268 2346 389 2434 τοῖς
415 2343 689 2410 τοσούτοις
716 2346 809 2399 τὸν
850 2347 1105 2422 Ἰωάννην
1137 2351 1233 2404 τοῦ
1268 2352 1472 2424 Κυρίου
1518 2353 1691 2424 Ἰησοῦ
1726 2355 1861 2425 Χρι-
1892 2422 1906 2434 ι

273 2433 406 2488 στοῦ
438 2436 627 2507 μνείαν
658 2439 674 2470 ⁸
712 2439 1004 2495 ποιεῖσθαι.
1032 2442 1096 2495 Et
1128 2442 1237 2515 γὰρ
1268 2445 1490 2517 Πατέρα
1520 2444 1731 2517 εἴρηκε,
1765 2447 1860 2499 καὶ

272 2524 476 2596 Χάριν,
528 2526 623 2581 καὶ
672 2529 974 2602 Μονογενῆ,
1025 2534 1120 2589 καὶ
1183 2534 1487 2605 Ἀλήθειαν,
1523 2536 1617 2590 καὶ
1665 2536 1857 2606 Λόγον,

271 2616 372 2670 καὶ
403 2616 577 2688 Ζωὴν,
636 2621 730 2672 καὶ
785 2621 1143 2695 Ἄνθρωπον,
1182 2628 1281 2680 xal.
1321 2626 1668 2699 Ἐκκλησίαν,
1719 2630 1862 2685 κατὰ

268 2710 377 2780 τὴν
408 2710 634 2765 ἐκείνων
682 2712 959 2779 ὑπόθεσιν,
989 2716 1119 2787 περὶ
1166 2718 1268 2788 τῆς
1314 2718 1539 2791 πρώτης
1578 2719 1862 2789 Ὁγδοάδος

271 2800 536 2871 εἴρηκεν,
584 2803 645 2855 ὲν
694 2796 986 2876 ᾖηούδὲπω
1026 2807 1255 2878 Ἰησοῦς,
1304 2810 1517 2863 οὐδέπω
1563 2812 1796 2882 Χριστὸς
1833 2814 1863 2867 6

269 2892 372 2945 τοῦ
413 2894 660 2948 Ἰωάννου
700 2896 1035 2962 διδάσκαλος.
1069 2901 1191 2953 Ὅτι
1223 2900 1279 2954 δὲ
1308 2904 1368 2955 οὺ
1403 2905 1532 2975 περὶ
1561 2903 1670 2958 τῶν
1702 2905 1863 2969 συζυ-

273 2982 413 3052 γιῶν
443 2986 622 3040 αὐτῶν
653 2988 682 3041 6
740 2989 1062 3055 ’Λπόστολος
1108 2991 1351 3064 εἴρηκεν,
1403 2994 1540 3050 ἀλλὰ
1592 2998 1718 3068 ’περὶ⁹
1766 2997 1862 3051 τοῦ

274 3074 488 3145 Κυρίου
538 3077 696 3148 ἡμῶν
756 3079 932 3150 Ἰησοῦ
983 3082 1244 3152 Χριστοῦ,
1292 3084 1351 3138 ὃν
1412 3085 1508 3138 καὶ
1544 3086 1717 3155 Λόγον
1752 3084 1862 3141 οἶδε

271 3166 372 3219 τοῦ
409 3167 569 3235 Θεοῦ,
608 3170 771 3235 αὐτὸς
809 3174 1074 3245 πεποίηκε
1110 3176 1360 3248 φανερόν.
1402 3178 1858 3249 Ἀνακεφαλαιού·
1888 3211 1930 3269 c

275 3274 445 3331 μενος
486 3260 596 3331 γὰρ
647 3264 901 3335 περὶτοῦ
933 3266 1226 3338 εἰρημένου
1271 3268 1420 3340 αὐτῷ
1463 3271 1576 3325 ἀνω
1621 3275 1680 3326 έν
1713 3275 1857 3348 ἀρχῇ

270 3348 440 3418 λόγου
494 3351 860 3424 ἐπεξηγεῦται-
911 3356 1024 3411 Kal
1071 3360 1104 3412 ό
1158 3359 1353 3430 Λόγος
1399 3360 1556 3430 σὰρξ
1600 3364 1858 3433 ἐγένετο,

272 3440 383 3496 καὶ
430 3442 789 3525 ἐσκήνωσεν
841 3448 913 3502 ὲκ
955 3448 1120 3518 ἡμῖν.
1172 3451 1331 3505 Κατὰ
1375 3451 1432 3506 δὲ
1484 3453 1584 3525 τὴν
1635 3435 1862 3511 ἐκείνων

270 3532 539 3587 ὑπόθεσιν
567 3536 665 3606 οὐχ
697 3517 725 3589 6
752 3538 923 3606 Λόγος
957 3517 1095 3611 σὰρξ
1128 3541 1365 3609 ἐγένετο,
1396 3545 1456 3608 ὃς
1484 3517 1552 3615 γε
1586 3546 1706 3601 οὐδὲ
1731 3545 1861 3619 ἦλθέ

272 3642 412 3678 ποτε
448 3626 602 3691 ἐκτὸς
639 3628 1033 3702 Πληρώματος,
1068 3632 1204 3686 ἀλλὰ
1229 3635 1257 3686 ό
1283 3635 1383 3706 τῆς
1411 3637 1725 3709 οἰκονομίας
1763 3657 1863 3711 με-

269 3717 669 3789 ταγενέστερος
713 3718 808 3773 τοῦ
843 3720 1018 3790 Λόγου
1056 3723 1269 3794 Σωτήρ.

348 3899 483 3954 ΚΘ’.
523 3901 738 3956 Μάθετε
770 3897 883 3967 οῦν,
911 3904 1152 3975 ἀνόητοι,
1198 3905 1404 3978 Ἰησοῦς
1429 3908 1457 3961 6
1487 3906 1675 3962 παθὼν
1722 3907 1863 3979 ὑπὲρ

270 3995 308 4063 ὴ
319 3991 464 4064 μῶν,
496 3994 526 4045 6
559 3995 990 4066 κατασκηνώσας
1010 3998 1067 4050 ἐν
1101 4000 1253 4068 ἡμῖν,
1286 3993 1441 4063 οὗτος
1470 3999 1630 4063 αὐτός
1663 4000 1812 4053 ἐστιν
1838 4001 1866 4053 ό

277 4082 454 4151 Λόγος
480 4082 575 4136 τοῦ
606 4084 762 4140 Θεοῦ.
816 4085 877 4140 Et
910 4087 1008 4158 μὲν
1050 4090 1157 4163 γὰρ
1202 4092 1359 4157 ἄλλος
1390 4111 1473 4155 τις
1504 4093 1613 4147 τῶν
1645 4094 1866 4147 Λίώνων

283 4175 427 4246 ὑπὲρ
458 4179 555 4248 τῆς
584 4177 741 4249 ἡμῶν
770 4180 951 4238 αὐτῶν
982 4184 1256 4256 σωτηρίας
1288 4184 1426 4256 σὰρξ
1445 4185 1680 4253 ἐγένετο,
1719 4186 1866 4251 είκὸς

276 4264 354 4339 ἦν
385 4269 513 4340 περὶ
564 4269 724 4324 ἄλλου
778 4274 1055 4345 εἰρηκέναι
1100 4275 1191 4328 τὸν
1245 4276 1598 4330 ’Λπόστολονο
1655 4279 1704 4331 εί
1753 4278 1808 4331 δὲ
1837 4281 1865 4333 6

272 4361 455 4429 Λόγος
481 4364 509 4416 ό
538 4361 633 4415 τοῦ
682 4365 894 4436 Πατρὸς
938 4366 967 4418 6
1007 4366 1275 4432 καταϐὰς,
1326 4369 1490 4433 αὐτός
1537 4371 1654 4424 ἐστι
1701 4371 1795 4426 καὶ
1839 4374 1867 4426 ό

275 4454 509 4520 ἀναϐὰς,
543 4459 572 4510 6
601 4456 693 4510 τοῦ
720 4458 895 4528 »μόνου
923 4459 1058 4513 Θεοῦ
1090 4461 1385 4533 μονογενὴς
1415 4461 1543 4526 Υἱὸς
1588 4464 1728 4520 κατὰ
1768 4465 1867 4534 τὴν

1967 612 2134 668 minis
2165 613 2467 683 attigisset;
2498 627 2677 682 neque
2697 610 2976 666 divinandi
3009 607 3156 663 illius
3182 606 3423 662 nominis
3453 623 3545 660 ne-

1964 704 2278 760 cessitatem
2353 702 2513 759 nobis
2578 702 2873 758 attulisset.
2932 699 3031 755 Est
3095 699 3263 772 igitur
3322 696 3547 753 minimo

1963 796 2203 851 obscura
2231 794 2381 850 illius
2419 793 2888 865 interpretationis
2917 793 3211 848 calumnia.

2033 887 2171 942 Cum
2207 888 2353 942 enim
2395 886 2636 943 Joannes
2674 901 2845 941 unum
2878 885 3047 940 Deum
3093 883 3543 953 omnipotentem,

1964 992 2243 1049 unumque
2291 977 2593 1035 Christum‘
2618 976 2806 1033 Jesum
2852 976 2998 1031 illius
3030 975 3370 1047 unigenitum
3408 988 3546 1045 pra:-

1961 1069 2131 1135 dicet,
2161 1085 2256 1140 per
2281 1085 2444 1141 quem
2475 1070 2616 1125 laeta
2644 1083 2770 1125 esse
2807 1068 2990 1123 omnia
3018 1068 3306 1122 conﬁrmat
3333 1084 3347 1122 :
3379 1071 3547 1136 atque

1962 1162 2109 1218 hunc
2160 1178 2284 1219 esse
2350 1162 2451 1217 Dei
2506 1160 2731 1228 Filium,
2788 1160 2936 1215 hunc
3000 1159 3318 1231 Unigenam,
3396 1157 3545 1212 hunc

1961 1253 2299 1311 Conditorem
2339 1256 2594 1322 omnium,
2636 1254 2784 1308 hunc
2827 1269 2999 1307 veram
3031 1253 3219 1316 lucem,
3272 1267 3388 1320 qua:
3418 1250 3547 1303 illu-

1962 1349 2131 1402 minat
2163 1364 2366 1403 omnem
2398 1348 2680 1412 hominem,
2704 1347 2881 1401 "hunc
2927 1345 3115 1399 mundi
3146 1344 3540 1414 fabricatorem,

1965 1438 2126 1509 199
2156 1439 2302 1494 hunc
2330 1439 2420 1509 qui
2447 1441 2501 1493 in
2527 1439 2743 1508 propria
2770 1437 2907 1492 venit
2928 1452 2948 1502 ;
2975 1436 3065 1508 qui
3086 1451 3211 1490 caro
3244 1434 3418 1504 factus
3442 1440 3540 1495 est,

1959 1538 2009 1583 et
2043 1530 2297 1585 habitavit
2338 1532 2395 1585 in
2444 1531 2613 1598 nobis,
2648 1545 2770 1586 esse
2813 1536 3082 1595 testetur;
3129 1528 3222 1583 isti
3256 1524 3452 1580 callida
3477 1539 3545 1579 ac

1960 1622 2231 1677 malitiosa
2264 1622 2719 1695 interpretatione
2757 1621 3174 1691 detorquentes,
3216 1618 3380 1673 alium
3415 1631 3544 1686 pro-

1961 1714 2221 1771 ductione
2244 1714 2457 1786 lingunt
2481 1715 2780 1786 Unigenam
2812 1713 3107 1775 exstitisse,
3139 1709 3284 1781 quod
3315 1716 3369 1763 et
3386 1706 3548 1762 Prin-

1960 1806 2166 1877 cipium
2196 1816 2416 1872 vocant,
2447 1807 2616 1863 alium
2671 1806 3040 1868 Salvatorem,
3098 1801 3246 1857 aliud
3305 1798 3541 1855 Verbum

1890 1878 1933 1934 Β
1962 1897 2223 1968 Unigenae
2272 1898 2466 1964 ﬁlium,
2497 1897 2662 1952 alium
2693 1896 2976 1952 Christum
3026 1889 3336 1962 corrigendi
3374 1903 3549 1945 causa

1960 1987 2285 2045 Pleromatis
2314 1997 2588 2044 exortum.
2645 1987 2848 2059 Sicque
2897 2001 3088 2042 eorum
3134 1999 3254 2055 quae
3284 1982 3551 2037 dicuntur

1963 2082 2174 2153 singula
2221 2097 2252 2135 a
2290 2082 2522 2136 veritate
2568 2087 2909 2151 promentes,
2962 2092 3026 2131 ac
3070 2075 3388 2131 nominibus
3446 2073 3542 2127 ab-

1962 2181 2198 2240 utentes,
2231 2175 2297 2228 ad
2342 2189 2502 2229 usum
2544 2189 2703 2229 suum
2727 2172 3146 2243 opinionemque
3175 2168 3538 2223 transferunt.

1961 2262 2039 2317 Ex
2078 2279 2186 2332 qua
2238 2262 2456 2317 illorum
2511 2262 2783 2318 sententia
2817 2261 3090 2331 sequitur,
3124 2266 3205 2312 tot
3255 2257 3309 2311 in
3356 2254 3541 2311 verbis

1959 2353 2225 2410 Joannem
2275 2353 2406 2410 Jesu
2457 2353 2662 2409 Christi
2717 2353 3052 2409 mentionem
3087 2366 3156 2406 ne
3188 2350 3369 2405 littera
3420 2345 3544 2418 qui-

1960 2448 2082 2503 dem
2143 2447 2411 2518 attigisse.
2466 2445 2620 2502 Licet
2669 2447 2815 2501 cnim
2862 2443 3080 2500 Patrem
3133 2441 3451 2504 nominarit,
3487 2445 3547 2494 et

1961 2538 2229 2604 Gratiam,
2271 2537 2644 2609 Unigenitum,
2693 2545 2750 2593 et
2793 2535 3111 2603 Veritatem,
3160 2549 3226 2589 ac
3275 2531 3538 2592 Verbum.

1960 2629 2167 2693 Vitam,
2199 2628 2487 2684 Hominem
2542 2639 2594 2684 et
2629 2626 2969 2694 Eeclesiam;
3027 2627 3144 2682 haec
3195 2625 3271 2680 illi
3314 2629 3543 2679 censent

1961 2721 2028 2777 de
2066 2722 2241 2792 prima
2275 2719 2535 2791 Ogdoade
2569 2734 2692 2776 esse
2716 2718 2862 2773 dicta
2894 2738 2906 2775 :
2951 2719 3006 2773 in
3040 2733 3148 2790 qua
3178 2716 3419 2772 nondum
3451 2711 3541 2768 Je-

1964 2810 2086 2877 sus,’
2115 2812 2357 2866 nondum
2386 2810 2641 2867 Christus
2667 2808 2902 2866 Joannis
2925 2810 3186 2881 magister
3204 2806 3539 2863 Continetur.

1965 2903 2165 2960 Verum
2198 2905 2357 2974 longe
2386 2904 2580 2959 abesse
2612 2912 2671 2958 ut
2705 2904 2772 2959 de
2801 2903 3075 2973 conjugiis
3110 2902 3219 2956 illis
3245 2899 3549 2971 Apostolus

1963 2998 2114 3068 loqui
2159 2997 2414 3062 voluerit,
2447 2997 2623 3068 deque
2665 2996 2886 3051 Christo
2934 2994 3062 3050 Jesu
3100 2993 3328 3048 Domino
3354 3000 3549 3046 nostro

1965 3087 2378 3157 intelligendum
2408 3103 2551 3151 esse,
2576 3086 2724 3157 quod
2752 3094 2807 3141 et
2840 3084 3079 3139 Verbum
3109 3084 3242 3138 solet
3273 3081 3544 3151 appellare
3572 3072 3577 3077 ’

1966 3178 2084 3246 Dei,
2129 3193 2239 3234 non
2291 3179 2525 3233 obscure
2571 3178 2688 3247 ipse
2733 3176 2993 3231 declarat.
3048 3173 3263 3228 Etenim
3305 3184 3429 3227 cum
3477 3172 3547 3226 de

1970 3267 2145 3323 Verbo
2196 3269 2312 3333 illo,
2347 3265 2494 3338 quod
2524 3277 2683 3322 antea
2709 3267 2767 3320 in
2806 3264 3079 3336 principio
3111 3261 3282 3317 fuisse
3311 3261 3543 3326 dixerat,

1964 3357 2280 3415 summatim
2344 3358 2622 3427 disputata
2671 3356 2983 3426 colligeret,
3050 3353 3122 3408 ita
3188 3352 3551 3422 pronuntiare

1964 3449 2175 3521 pergit:
2213 3447 2278 3502 Et
2324 3447 2547 3501 Verbum
2580 3462 2706 3500 caro
2738 3444 2940 3515 factum
2984 3453 3083 3509 est,
3114 3455 3158 3498 et
3189 3442 3443 3496 habitavit
3488 3440 3545 3493 in

1964 3539 2133 3595 nobis.
2166 3541 2236 3593 At
2266 3538 2495 3595 istorum
2522 3538 2782 3609 opinione
2816 3534 3056 3590 Verbum
3098 3549 3276 3604 neque
3308 3546 3439 3587 caro
3468 3530 3547 3586 fa-

1963 3639 2114 3686 ctum
2142 3639 2249 3696 est,
2301 3647 2482 3702 neque
2526 3644 2767 3701 unquam
2825 3643 2855 3682 a
2909 3627 3216 3682 Pleromate
3267 3623 3544 3684 discessit,

1967 3722 2062 3778 sed
2088 3722 2342 3778 Salvator
2366 3722 2590 3795 quidam
2618 3722 2759 3777 alius
2784 3718 3144 3793 procurandae
3162 3732 3330 3773 causa
3353 3716 3547 3771 salutis

1965 3816 2168 3880 editus,
2202 3815 2495 3886 Verboque
2523 3816 2814 3871 recentior.

2035 3906 2231 3961 XXIX.
2295 3907 2667 3973 Quamobrem
2701 3905 2896 3961 discite
2957 3903 3177 3959 tandem
3232 3900 3546 3973 aliquando,

1967 3999 2153 4056 stulti!
2190 3999 2387 4055 discite
2429 3998 2618 4055 Jesum
2654 3999 2806 4053 illum
2855 3999 2950 4069 qui
3001 4004 3191 4051 nostra
3226 4010 3391 4050 causa
3422 4010 3550 4066 pas-

1967 4108 2064 4147 sus
2098 4098 2203 4156 est,
2249 4092 2342 4160 qui
2392 4091 2658 4145 habitavit
2686 4091 2740 4144 in
2776 4090 2956 4155 nobis,
2992 4088 3244 4157 eumdem
3289 4085 3386 4142 Dei
3428 4102 3550 4142 esse

1969 4185 2230 4239 Verbum.
2279 4182 2413 4236 Nam
2447 4183 2493 4238 si
2522 4183 2662 4237 alius
2692 4197 2759 4237 ex
2806 4179 3045 4234 Eanum
3089 4193 3319 4233 numero
3354 4178 3548 4232 salutis

1967 4281 2169 4330 nostra:
2215 4274 2390 4343 gratia
2430 4286 2651 4326 carnem
2708 4269 2996 4333 induisset,
3044 4282 3258 4338 :cquum
3313 4274 3433 4321 erat
3480 4266 3549 4323 de

1968 4364 2075 4419 alio
2103 4379 2321 4435 quoque
2352 4363 2685 4418 mentionem
2722 4362 2790 4415 ab
2824 4361 3086 4432 Apostolo
3117 4360 3251 4415 lieri.
3289 4358 3384 4414 Sin
3406 4358 3548 4412 idem

1967 4457 2147 4511 Patris
2176 4454 2439 4519 Verbum,
2475 4454 2623 4525 quod
2659 4472 2689 4509 e
2719 4456 2860 4509 coelo
2889 4454 3173 4525 delapsum
3202 4461 3306 4516 est,
3356 4442 3556 4507 eodem

273 4546 378 4601 τοῦ
407 4549 621 4618 Πατρδς
658 4548 906 4603 εὐδοκίαν
941 4551 1242 4622 σαρκωθεὶς
1273 4552 1415 4625 ὑπὲρ
1452 4553 1773 4626 ἀνθρώπων,
1804 4556 1862 4609 οὐ

1972 4549 2308 4621 postliminio
2360 4549 2543 4614 rediit,
2586 4548 2771 4614 unius,
2797 4550 3041 4618 inquam,
3075 4547 3165 4601 ille
3209 4545 3303 4600 Dei
3351 4545 3549 4600 unicus

278 4639 413 4711 περὶ
460 4637 618 4693 ἄλλου
652 4639 797 4703 τινὸς
817 4681 831 4703 ,
879 4640 999 4693 οὐδὲ
1049 4642 1178 4712 περὶ
1238 4642 1522 4710 Ὀγδοάδος
1564 4643 1655 4696 τὸν
1705 4642 1863 4713 λόγον

277 4730 675 4802 ἐμπεποίηται,
710 4731 825 4785 ἀλλ’
863 4732 895 4802 ἢ
947 4733 1197 4804 περὶτοῦ
1248 4735 1456 4805 Κυρίου
1519 4735 1694 4805 Ἰησοῦ
1726 4738 1863 4808 Χρι-

279 4822 432 4877 στοῦ.
491 4823 625 4877 Οὐδὲ
675 4823 784 4893 γὰρ
816 4825 845 4877 ὁ
886 4824 1057 4893 Λόγος
1106 4825 1226 4877 κατ’
1281 4825 1478 4888 αὐτοὺς
1521 4828 1865 4899 προηγουμέ-

278 4936 391 4983 νως
438 4916 576 4989 σὰρξ
623 4918 833 4988 γέγονε.
881 4917 1113 4986 Λέγουσι
1145 4917 1201 4970 δὲ
1240 4918 1331 4972 τὸν
1377 4919 1606 4991 Σωτῆρα
1638 4920 1864 4975 ἐνδύσα-

282 5011 413 5065 σθαι
441 5009 601 5081 σῶμα
624 5008 853 5079 ψυχικὸν
876 5008 939 5061 ὲκ
963 5008 1061 5077 τῆς
1089 5008 1400 5079 οἰκονομίας
1428 5012 1867 5084 κατεσκευασμέ-

280 5117 376 5156 νον
405 5101 628 5172 ἀρῤήτῳ
662 5097 907 5169 προνοίᾳ,
947 5096 1083 5167 πρὸς
1114 5098 1177 5151 τὸ
1220 5098 1412 5170 ὁρατὸν
1453 5099 1726 5168 γενέσθαι,
1775 5104 1870 5155 καὶ

280 5190 629 5263 ψηλαφητόν.
663 5190 809 5260 Σὰρξ
832 5190 889 5244 δέ
919 5191 1065 5243 ἐστιν
1095 5191 1129 5260 ἡ
1161 5190 1362 5260 ἀρχαία
1389 5191 1453 5242 ἐκ
1478 5188 1573 5243 τοῦ
1602 5190 1699 5261 χοῦ
1726 5193 1868 5247 κατὰ

281 5285 380 5338 τὸν
417 5282 590 5353 ’Λδὰμ
619 5285 653 5353 ἡ
674 5283 928 5351 γεγονυῖα
959 5282 1158 5345 πλάσις
1192 5283 1298 5336 ὑπὸ
1326 5280 1421 5334 τοῦ
1454 5281 1610 5345 Θεοῦ,
1644 5285 1711 5355 ἣν
1736 5285 1868 5355 ἀλη-

284 5376 398 5441 θῶς
449 5375 734 5445 γεγονέναι
781 5376 874 5429 τὸν
938 5376 1110 5444 Λόγον
1171 5374 1266 5428 τοῦ
1297 5364 1464 5428 ’Θεοῦ
1524 5377 1792 5447 ἐμήνυσεν
1843 5380 1871 5432 6

297 5470 576 5538 Ἰωάννης.
634 5469 744 5521 Καὶ
790 5468 1007 5521 λέλυται
1060 5467 1306 5538 αὐτῶνή
1354 5465 1542 5538 πρώτη
1580 5467 1674 5520 καὶ
1705 5469 1873 5542 ἀρχέ-

282 5573 448 5628 γονος
490 5557 733 5625 Ὀγδοάς.
782 5557 931 5621 Ἐνὺς
963 5557 1071 5629 γὰρ
1099 5558 1192 5610 καὶ
1219 5556 1312 5609 τοῦ
1339 5554 1504 5609 αὑτοῦ
1527 5556 1874 5627 δεικνυμένου

1970 4643 2141 4698 Filius
2172 4657 2239 4697 cx
2273 4641 2536 4696 benevolo
2581 4640 2758 4696 Patris
2807 4642 3003 4695 adectu
3051 4639 3330 4694 hominum
3380 4651 3559 4692 causa.

1971 4749 2136 4788 carne
2165 4733 2423 4796 vestitus,
2475 4748 2582 4786 non
2620 4731 2687 4787 de
2722 4733 2829 4786 alio
2862 4730 3143 4802 quopiam,
3195 4746 3302 4784 non
3346 4729 3414 4783 de
3458 4729 3564 4782 illa.

1968 4824 2158 4879 nescio
2191 4839 2297 4893 qua
2327 4820 2602 4892 Ogdoade,
2638 4820 2733 4876 sed
2776 4820 2845 4875 de
2888 4818 3018 4875 Jesu
3064 4820 3282 4875 Christo
3316 4818 3549 4874 Domino

1968 4925 2159 4971 nostro
2212 4929 2519 4970 sermonem
2564 4914 2828 4968 instituit.
2880 4911 3066 4982 Neque
3115 4911 3261 4967 enim
3308 4909 3561 4966 Verbum.

1968 5008 2059 5062 isti
2111 5006 2388 5077 praecipue
2439 5012 2667 5060 censent
2718 5019 2940 5058 carnem
2985 5018 3110 5057 esse
3158 5002 3383 5056 factum.
3439 5000 3546 5055 Sed

1970 5090 2311 5153 Salvatorein
2346 5096 2530 5153 ferunt
2562 5097 2799 5151 animale
2838 5095 3113 5166 quoddam
3142 5093 3387 5148 induisse
3422 5106 3547 5146 cor-

1968 5206 2094 5260 pus,
2129 5188 2273 5260 quod
2307 5189 2687 5243 incarnatione
2730 5190 2847 5257 ipsa
2877 5183 3246 5255 rnexplicabili
3278 5190 3557 5254 sapientia

1972 5282 2335 5337 constitutum
2397 5287 2504 5347 est,
2539 5287 2600 5334 ut
2645 5278 2818 5334 videri
2858 5277 3296 5346 contrecrariqt’te
3343 5285 3548 5346 passa.

1970 5375 2240 5430 Caeterum
2276 5389 2408 5430 caro
2453 5381 2610 5428 vetus
2638 5372 2771 5426 illud
2803 5386 2941 5441 opus
2994 5367 3090 5425 Der
3139 5376 3245 5433 est,
3275 5370 3388 5439 jam
3436 5378 3552 5424 tum

1972 5466 2041 5520 ab
2089 5464 2282 5519 Adami
2338 5464 2678 5534 temporibus
2723 5477 2787 5517 ex
2842 5461 3008 5514 humo
3053 5460 3346 5513 formatum
3388 5475 3552 5531 quam

1978 5557 2070 5613 Dei
2105 5556 2339 5613 Verbum
2380 5557 2544 5626 200
2579 5553 2751 5610 fuisse
2779 5551 3066 5608 verissime
3088 5551 3329 5608 Joannes
3374 5548 3554 5621 prodi-

285 5649 493 5719 Λόγου,
528 5649 623 5702 καὶ
653 5648 1013 5717 Μονογενοῦς,
1065 5647 1160 5702 καὶ
1203 5647 1373 5718 Ζωῆς,
1422 5647 1515 5700 καὶ
1543 5648 1742 5714 Φωτὲς,
1783 5650 1863 5703 καῚ

1979 5649 2073 5705 dit.
2115 5648 2194 5706 lla
2239 5648 2416 5719 prima
2463 5648 2679 5705 illorum
2723 5655 2777 5702 et
2825 5644 3209 5721 antiquissima
3238 5642 3457 5715 Ogdoas
3499 5643 3560 5701 in-

370 5805 382 5835 ⁸
414 5802 574 5861 Deest
601 5802 683 5859 οὐ.
