3982 6432
467 375 563 430 531

1850 379 1909 434 S.
1946 373 2293 433 EPIPHANH

3638 370 3737 425 5-7-2

468 491 703 548 nihilum
740 492 956 549 recidit.
991 491 1262 560 Quoniam
1294 492 1436 549 enim
1467 493 1559 548 uni
1590 493 1878 565 eidemque
1920 508 2039 548 con-

2155 490 2430 562 Σωτῆρος,
2481 489 2576 544 καὶ
2608 486 2868 561 Χριστοῦ,
2906 483 3001 540 καλ⁸
3045 483 3176 538 Υἰοῦ
3227 483 3389 545 Θεοῦ,
3420 481 3519 537 καὶ
3553 483 3738 538 τούτου

465 583 654 637 venire
684 591 1048 638 monstratum
1082 592 1188 649 est,
1235 590 1293 637 ut
1326 591 1379 639 et
1412 582 1757 655 Unigenitus,
1803 593 1857 640 et
1903 584 2048 650 Vita,

405 662 417 675 ”
465 680 519 728 et
555 673 786 738 Lumen,
827 685 880 730 et
930 675 1201 740 Salvator,
1234 684 1288 732 ct
1331 675 1604 741 Christus,
1638 686 1695 732 et
1740 676 1833 733 Dei
1881 676 2049 733 Filius

467 776 633 831 esset,
682 775 737 822 et
780 767 829 823 is
875 767 991 839 ipse
1044 776 1232 824 nostra
1281 783 1450 824 causa
1493 784 1715 825 carnem
1771 769 2047 834 indueret,

468 865 578 911 tota
628 859 719 914 illa
767 858 1043 929 Ogdoadis
1089 858 1272 914 fabula
1327 860 1539 932 dilapsa
1599 860 1874 916 concidet.
1930 860 2048 927 Qua

468 949 743 1016 discussa,
774 952 1085 1008 universam
1127 967 1290 1007 ruere
1330 954 1535 1024 pariter
1574 953 1889 1023 dogmatum
1927 955 2047 1009 illo-

470 1058 590 1097 rum
634 1050 967 1098 structuram
1004 1059 1233 1100 necesse
1277 1052 1385 1109 est,
1427 1060 1590 1115 quam
1640 1046 1717 1102 illi
1770 1046 1873 1101 sibi
1904 1046 2051 1102 velut

467 1150 563 1203 per
593 1134 868 1190 somnium
902 1135 1241 1206 ellingentes,
1268 1153 1456 1194 sacras
1476 1138 1710 1194 Litteras
1725 1139 2046 1209 depravant,

465 1226 591 1280 dum
622 1243 716 1283 eas
751 1227 818 1281 ad
850 1237 1230 1299 argumentum
1262 1245 1425 1285 suum
1463 1233 1880 1288 accommodare
1928 1243 2047 1288 stu—

466 1318 615 1373 dent.
669 1318 873 1376 Deinde
904 1334 1126 1391 Sparsas
1172 1323 1462 1386 dictiones,
1513 1338 1576 1378 ac
1611 1318 1875 1379 vocabula
1923 1339 2049 1394 pas-

465 1409 573 1463 sim
609 1421 823 1480 reperta
853 1412 1199 1484 colligentes,
1242 1415 1312 1470 ab
1337 1414 1525 1470 nativo
1551 1430 1715 1471 sensu
1747 1423 1801 1469 et
1827 1417 2050 1487 proprio

465 1501 523 1556 in
583 1501 860 1568 alienum,
923 1511 984 1557 ut
1048 1503 1323 1571 diximus,
1380 1520 1477 1574 per
1524 1505 1633 1559 vim
1686 1504 2046 1561 transferunt.

465 1590 939 1657 Quemadmodum
1001 1594 1038 1648 ii
1093 1592 1329 1659 faciunt,
1382 1595 1474 1664 qui
1519 1595 1762 1665 qualibet
1822 1596 2047 1650 materia

352 1678 359 1683 ’
467 1685 769 1755 proposita,
792 1685 1127 1757 depromptis
1155 1701 1219 1741 ex
1253 1685 1487 1743 Homero
1516 1688 1785 1749 versibus.
1815 1689 1895 1743 sic
1927 1703 2049 1744 eam

468 1784 707 1832 tractant
741 1787 905 1847 atque
927 1778 1229 1849 expoliunt,
1260 1786 1321 1833 ut
1356 1779 1625 1849 imperitis
1660 1780 2044 1850 persuadeant,

465 1869 533 1924 de
560 1868 769 1924 recenti
798 1870 891 1923 illo
921 1885 1021 1926 suo
1050 1879 1372 1942 argumento
1415 1869 1712 1926 Homerum
1762 1871 1867 1927 ista
1901 1872 2046 1926 ceci-

467 1956 616 2013 nisse
648 1976 661 2012 :
705 1972 769 2012 ac
800 1957 1072 2031 plerisque
1117 1960 1291 2015 series
1321 1960 1438 2030 ipsa
1473 1960 1780 2014 carminum
1828 1975 1891 2015 ac
1917 1976 2049 2015 con-

465 2055 647 2103 textus
680 2048 945 2119 imponat,
976 2048 1132 2118 quasi
1169 2048 1286 2103 haec
1333 2048 1392 2102 in
1431 2064 1557 2105 eum
1590 2050 1810 2105 modum
1845 2048 2051 2106 fuerint

464 2142 533 2195 ab
565 2140 802 2196 Homero
838 2141 1069 2214 digesta.
1104 2140 1195 2197 Sic
1230 2143 1321 2197 ille
1360 2142 1548 2198 nescio
1580 2143 1726 2213 quis,
1777 2142 1869 2212 qui
1911 2142 2049 2198 Her-

461 2232 638 2287 culem
673 2232 743 2287 ab
774 2230 1080 2303 Eurystheo
1109 2232 1173 2287 ad
1210 2232 1486 2289 infernum
1518 2248 1711 2289 canem
1754 2236 2049 2290 extrahen-

459 2322 591 2379 dum
648 2324 881 2381 missum
936 2324 1241 2381 Homericis
1290 2326 1540 2382 versibus
1609 2326 1681 2382 ita
1756 2325 2050 2397 descripsit

463 2414 622 2484 (nihil
666 2415 814 2470 enim
861 2417 1095 2486 exempli
1141 2417 1316 2488 gratia
1360 2417 1614 2487 prohibet
1658 2417 1765 2473 ista
1810 2432 2049 2473 comme-
2116 2414 2124 2421 ’

462 2506 689 2573 morari,
710 2522 837 2563 cum
865 2523 961 2580 par
985 2507 1240 2581 idemque
1266 2510 1336 2566 sit
1368 2511 1655 2566 amborum
1673 2511 2045 2581 institutum);

462 2699 554 2772 Sic
581 2702 678 2767 ait,
713 2711 763 2756 et
795 2703 944 2756 tectis
972 2703 1351 2772 gemebundum
1384 2707 1611 2760 extrusit
1640 2711 1706 2760 ab
1737 2708 1863 2762 altis
1900 2711 1916 2742 ι

462 2768 866 2845 ῌασηςιῃὶηιμηι
897 2768 1411 2845 Alcidettfactorum
1456 2776 1612 2830 laude
1632 2788 1893 2845 potentem
1928 2782 1948 2812 ¹

462 2840 727 2918 Perseida:
760 2840 1083 2913 Eurystheus
1113 2840 1345 2918 Stheneli
1366 2840 1668 2901 clarissima
1697 2851 1871 2918 proles
1906 2853 1925 2881 ³
1957 2873 1973 2913 ς

462 2910 837 2985 (nferuumut
872 2910 1090 2978 superas
1126 2916 1393 2969 custodem
1428 2918 1634 2985 e/ferret
1666 2910 1720 2971 iit
1751 2937 1913 2976 auras
1945 2910 1968 2951 ⁸

463 2980 606 3051 Ergo
635 2983 723 3035 ille
748 2983 1038 3051 intrepidus
1062 2987 1301 3039 montani
1335 2980 1482 3040 more
1514 2988 1678 3042 leonis
1709 2990 1730 3021 ⁵

464 3050 602 3106 Urbe
633 3069 789 3107 ruens
820 3050 952 3120 tota,
985 3057 1141 3109 sociis
1172 3057 1546 3112 comitantibus
1579 3059 1709 3115 ibat.

461 3185 620 3265 Hunc
635 3188 872 3265 juvenes,
920 3191 1196 3265 miserique
1228 3209 1395 3258 senes,
1434 3204 1697 3265 castraque
1726 3195 1916 3262 puella:
1944 3199 1965 3229 ⁵

463 3258 932 3335 Ileducuntlongo
951 3258 1169 3332 gemitu,
1193 3280 1287 3319 ceu
1325 3276 1494 3319 marte
1524 3258 1819 3335 propinqua
1850 3268 1894 3321 ".

463 3332 591 3408 Tum
618 3346 673 3383 se
701 3328 997 3408 Mercurius
1016 3336 1275 3408 Acomitem
1305 3353 1424 3389 cum
1466 3328 1694 3408 Pallade
1716 3328 1896 3408 jungit
1927 3337 1973 3392 ⁸.

462 3400 638 3465 Quam
670 3417 774 3455 non
801 3402 1027 3469 fraterni
1055 3420 1211 3459 casus
1238 3420 1479 3475 curaeque
1501 3400 1734 3462 latebant
1765 3409 1809 3462 ’.

458 3578 631 3645 Quem
657 3595 767 3634 non
799 3579 1102 3651 simplicem
1151 3583 1487 3656 minimeque
1522 3588 1723 3643 malum
1772 3590 2049 3648 hominem

461 3683 652 3723 versus
682 3669 767 3724 isti
809 3668 1105 3741 decipiant,
1160 3682 1221 3727 ut
1250 3688 1345 3728 eos
1376 3674 1837 3745 quemadmodum
1872 3680 2046 3744 audit,

459 3757 527 3814 de
555 3759 658 3814 hoc
689 3769 1014 3832 argumento
1050 3762 1117 3817 ab
1147 3760 1386 3818 Homero
1413 3763 1648 3835 scriptos
1678 3770 2051 3835 assentiatur?

459 3851 528 3905 At
566 3851 659 3922 qui
690 3852 909 3908 llomeri
947 3854 1183 3911 lectione
1218 3855 1381 3912 tritus
1410 3865 1516 3923 est,
1562 3857 1720 3916 facile
1754 3861 1857 3917 ista
1887 3862 2043 3933 201

458 3943 771 4014 discernet;
856 3961 954 4001 nec
1040 3947 1314 4019 ignorabit
1421 3949 1616 4005 horum
1702 3955 1897 4024 partim
1980 3956 2050 4011 de

464 4035 656 4109 Ulysse
700 4036 868 4103 dicta,
919 4041 1115 4110 partim
1151 4040 1219 4097 de
1251 4040 1506 4107 Hercule,
1558 4045 1750 4114 partim
1791 4046 1856 4100 ad
1890 4045 2046 4101 Pria-

458 4143 630 4193 mum,
664 4128 858 4197 partim
889 4129 956 4183 ad
990 4126 1292 4185 Menelaum
1345 4139 1399 4185 et
1431 4132 1892 4204 Agamemnonem
1922 4153 2048 4207 per-

458 4219 654 4275 tinere.
687 4218 897 4286 Quibus
934 4221 1060 4277 inde
1094 4224 1376 4279 translatis
1430 4241 1493 4279 ac
1538 4241 1639 4281 suo
1667 4228 1786 4283 loco
1818 4230 2045 4283 restitu-

459 4309 552 4372 tis,
602 4315 778 4364 totum
818 4309 950 4365 illud
991 4326 1130 4381 opus
1183 4313 1467 4369 dissolvet.
1520 4313 1612 4369 Sic
1656 4316 1905 4381 omnino,
1950 4318 2043 4390 qui

461 4397 705 4476 veritatis
755 4399 999 4469 regulam
1061 4409 1312 4455 neutram
1370 4403 1426 4457 in
1488 4411 1697 4475 partem
1757 4406 2044 4472 inﬂexam,

459 4505 625 4559 quam
655 4491 709 4543 in
741 4489 1017 4560 baptismo
1053 4494 1351 4563 acceperit,
1388 4494 1533 4563 apud
1579 4511 1637 4552 se
1664 4497 1917 4563 retineat,
1951 4498 2047 4554 de-

462 4587 711 4649 prompta
753 4579 928 4634 sacris
950 4596 980 4634 e
1011 4578 1231 4637 Litteris
1261 4566 1551 4649 vocabula,
1580 4598 1644 4638 ac
1673 4585 1962 4651 dictiones,
1993 4598 2047 4643 et

461 4670 754 4740 parabolas
788 4679 1088 4743 agnoscat;
1140 4675 1603 4729 contumeliosum
1654 4676 1758 4732 hoc
1815 4695 1945 4735 vero
1993 4682 2048 4736 in

460 4762 630 4817 Deum
679 4769 1062 4832 argumentum
1121 4764 1397 4833 repudiet,
1445 4773 1611 4835 atque
1659 4765 1713 4820 in
1751 4770 2049 4828 tesserulas

458 4851 879 4917 animadvertet,
928 4869 1208 4924 nunquam
1248 4863 1307 4909 ut
1337 4856 1679 4927 vulpeculam
1732 4874 1830 4929 pro
1877 4861 2049 4932 impe-

458 4947 661 5003 ratoris
687 4946 860 5017 eﬂigie
893 4946 1114 5002 obtrudi
1150 4948 1254 5011 sibi
1290 4949 1551 5019 patiatur.
1603 4948 1803 5007 Verum
1848 4968 2047 5008 unum-

458 5043 712 5113 quodque
743 5056 933 5097 eorum
965 5056 1087 5113 quae
1114 5040 1261 5096 dicta
1288 5049 1417 5097 sunt
1443 5042 1624 5098 ordini
1660 5059 1760 5100 suo
1786 5030 2040 5113 reddens,

459 5151 520 5189 ac
563 5136 811 5191 veritatis
859 5135 1010 5190 velut
1048 5134 1267 5206 corpori
1316 5135 1761 5201 accommodans,
1820 5137 2039 5193 illorum

422 5230 423 5233 ‘
460 5239 627 5294 nugas
655 5226 871 5298 detegat
905 5236 1070 5298 atque
1104 5226 1297 5283 inanes
1326 5243 1447 5283 esse
1476 5229 1835 5287 demonstret.

528 5311 696 5367 XXX.
732 5315 1016 5374 Postremo
1039 5318 1165 5389 quia
1193 5318 1307 5390 jam
1343 5320 1491 5376 velut
1518 5320 1573 5375 in
1601 5336 1789 5390 scena,
1819 5333 2041 5395 peracto

2152 581 2316 636 αὑτοῦ
2378 580 2755 654 σαρκωθέντος
2826 579 2966 650 ὑπὲρ
3014 576 3174 648 ἡμῶν
3199 616 3215 641 ,
3276 576 3499 631 λέλυται
3555 580 3589 647 ἡ
3648 577 3741 647 τῆς

2165 671 2444 742 Ὀγδοάδος
2493 673 2856 744 σκηνοπηγία.
2909 671 3122 743 Ταύτης
3164 671 3223 725 δὲ
3269 671 3599 743 λελυμένης,
3629 672 3742 727 διας

2154 766 2447 819 πέπτωκεν
2476 765 2657 819 αὐτῶν
2689 767 2839 819 πᾶσα
2865 766 2899 836 ἡ
2933 764 3210 828 ὑπόθεσις,
3257 765 3325 837 ἢν
3350 765 3567 835 ψευδῶς
3609 768 3744 821 ὀνει-

2156 856 2451 931 ρώττοντες
2477 856 2871 928 κατατρέχουσι
2892 856 3001 910 τῶν
3028 856 3283 928 Γραφῶν,
3310 857 3451 910 ίδίαν
3474 856 3739 911 ὑπόθεσιν

2151 949 2616 1020 ἀναπλασάμενοι.
2658 950 2892 1002 Ἔπειτα
2919 947 3097 1015 λέξεις
3124 949 3220 1002 καὶ
3256 948 3505 1019 ὀνόματα
3534 949 3746 1020 σπορά-

2151 1044 2247 1115 δην
2278 1042 2507 1113 κείμενα
2538 1041 2909 1111 συλλέγοντες,
2955 1043 3344 1113 μεταφέρουσι,
3378 1040 3570 1105 καθὼς
3612 1059 3746 1113 προ-

2153 1136 2478 1207 ειρήκαμεν,
2513 1135 2579 1187 ἐκ
2620 1131 2715 1186 τοῦ
2760 1132 2903 1187 κατὰ
2932 1132 3096 1201 φύσιν
3141 1134 3223 1198 είς
3251 1132 3314 1186 τὸ
3358 1133 3513 1204 παρὰ
3546 1131 3746 1203 φύσινο

2151 1230 2312 1299 ὅμοια
2348 1226 2631 1290 ποιοῦντες
2654 1227 2768 1289 τοῖς
2807 1225 3093 1289 ὑποθέσεις
3122 1226 3219 1290 τὰς
3255 1226 3530 1296 τυχούσας
3563 1226 3750 1290 αὑτοῖς

2153 1318 2635 1392 προϐαλλομένοις,
2683 1318 2875 1372 ἔπειτα
2908 1318 3273 1390 πειρωμένοις
3315 1318 3381 1373 ὲκ
3423 1318 3539 1372 τῶν
3578 1318 3749 1389 Ὀμήο

2156 1426 2247 1481 pou
2283 1407 2605 1479 ποιημάτων
2640 1408 2869 1479 μελετᾷν
2900 1409 3091 1472 αὑτάς,
3121 1407 3266 1461 ὥστε
3301 1409 3428 1472 τοὺς
3458 1408 3751 1479 ἀπειροτέο

2154 1518 2278 1572 ρους
2323 1500 2499 1555 δοκεῖν
2533 1503 2618 1553 ἐπ’
2647 1502 2864 1573 ἐκείνης
2895 1502 2995 1572 τῆς
3041 1500 3101 1567 ἐξ
3137 1502 3399 1569 ὑπογυίου
3435 1500 3747 1572 μεμελετη-

2155 1593 2321 1664 μένης
2354 1592 2666 1657 ὑποθέσεως
2692 1593 2940 1664 Ὅμηρον
2960 1593 3030 1646 τά
3078 1592 3184 1663 ἔπη
3212 1592 3601 1662 πεποιηκέναι.
3654 1592 3749 1646 καὶ

2151 1686 2381 1751 πολλοὺς
2416 1684 2860 1757 συναρπάζεσθαι
2902 1684 2993 1738 διὰ
3034 1685 3137 1755 τῆς
3170 1685 3278 1738 τῶν
3308 1684 3459 1738 ἐπῶν
3488 1684 3747 1737 συνθέται

2151 1776 2490 1841 ἀκολουθίας,
2526 1780 2600 1850 μὴ
2626 1778 2735 1850 ἄρα
2762 1777 2914 1832 ταῦθ’
2937 1776 3109 1840 οὕτως
3132 1778 3378 1848 Ὄμηρος
3399 1777 3489 1848 εἴη
3518 1793 3747 1847 πεποιη-

2132 1872 2298 1932 ’κώςο
2354 1868 2429 1931 ὡς
2477 1870 2507 1921 ὁ
2549 1869 2641 1921 τὸν
2684 1866 2955 1939 Ἠρακλέα
2992 1867 3097 1923 ὑπὸ
3142 1866 3467 1938 Εὐρυσθέως
3516 1867 3613 1919 ἐπὶ
3654 1865 3748 1918 τὸν

2152 1960 2209 2012 ἐν
2234 1956 2314 2029 τῷ
2344 1958 2483 2031 ᾊδῃ
2537 1957 2673 2011 κύνα
2727 1957 3083 2029 πεμπόμενον
3123 1957 3211 2012 διὰ
3256 1958 3367 2012 τῶν
3428 1957 3747 2029 Ὁμηρικῶν

2154 2051 2352 2121 στίχων
2408 2050 2635 2122 γράφων
2703 2049 2878 2113 οὓτως
2920 2050 3093 2119 (οὐδὲν
3150 2049 3259 2121 γὰρ
3312 2048 3516 2104 κωλύει
3565 2065 3747 2120 παρα.

2150 2142 2442 2213 δείγματος
2492 2144 2651 2214 χάριν
2681 2141 3088 2213 ἐπιμνησθῆναι
3134 2143 3230 2195 καὶ
3278 2141 3511 2205 τούτων,
3554 2140 3747 2212 ὁμοίας

2154 2234 2248 2288 καὶ
2304 2234 2404 2305 τῆς
2461 2235 2634 2306 αὑτῆς
2696 2232 2864 2302 οῠσης
2924 2235 3320 2306 ἐπιχειρήσεως
3384 2236 3503 2298 τοῖς
3571 2235 3746 2303 ἀμφο-

2152 2325 2351 2397 τέροις)
2373 2342 2385 2355 ·

2157 2712 2259 2776 Ὠς
2291 2710 2495 2774 εἰπὼν,
2541 2709 2857 2779 ἀπέπεμπε
2896 2708 3095 2777 δόμων
3131 2707 3328 2775 βαρέα
3352 2706 3746 2779 ,στενάχοντα

2152 2779 2299 2834 Φώ0“
2338 2780 2656 2846 Ἡρακλῆα,
2685 2776 2973 2847 μεγάλων-ί
2994 2779 3327 2847 ἐπιίστορα,
3343 2776 3557 2845 ἔργων,

2148 2852 2521 2917 Εὐρυσθεὺς,
2553 2846 2869 2904 Σθενέλοιο
2903 2848 3043 2913 πάϊς
3071 2846 3447 2916 Περσηιὰδαο

2164 2915 2265 2984 Ἐξ
2307 2921 2565 2988 Ἐρέϐεος
2598 2920 2823 2984 ἄξοντα
2855 2919 3011 2971 κύνα
3044 2915 3339 2986 στυγεροῦ
3379 2915 3599 2988 ΪΑΐδαο.

2154 2990 2239 3058 Βῆ
2254 2993 2312 3057 ρ’
2344 2984 2497 3059 (iter,
2514 2984 2670 3044 ὥστε
2685 2991 2845 3044 λέων
2859 2984 3246 3059 ὀρεσίτροφος
3261 2986 3399 3059 ἀλκὶ
3425 2984 3739 3059 πεποιθὼς,

2150 3055 2548 3131 Καρπαλίμως
2593 3063 2711 3115 ἀνὰ
2760 3055 2950 3131 ᾶοζτὺ,
3001 3055 3167 3128 φίλοι
3192 3057 3246 3109 δ’
3280 3057 3321 3088 ¹⁰
3360 3057 3508 3197 ἀῖχᾲπ
3523 3055 3743 3121 πάντες

3433 3146 3462 3178 ε
3510 3143 3673 3189 orto,

3433 3142 3673 3189 εποντο,

2076 3208 2118 3267 C
2151 3202 2391 3272 Νύμφαι
2427 3203 2477 3255 τ’
2514 3201 2703 3270 ἠΐθεοι
2740 3217 2824 3263 τε,
2859 3198 3229 3272 πολύτλητοί
3267 3214 3331 3272 τε·
3374 3197 3670 3272 γέροντες,

2158 3267 2351 3344 Olkrp’
2395 3267 2856 3344 ὀλοφυρόμενοι,
2904 3270 3047 3344 ὡσεί
3097 3267 3356 3344 deirath
3404 3283 3468 3319 τε
3500 3267 3738 3344 emigra.

2165 3335 2438 3410 Ἐριὶείας
2473 3335 2525 3396 6"
2567 3335 2920 3410 ἀπέπεμπεν
2962 3339 3050 3410 ἰδὲ
3092 3335 3470 3410 γλαυκῶπις-
3500 3335 3741 3410 Ἀθήξη.

2158 3406 2333 3483 ’ῌδεε
2382 3406 2498 3482 τῖιρ
2548 3414 2698 3467 κατὰ
2741 3406 2933 3481 θυμὸν
2975 3406 3277 3478 ἀδελφεὸν
3319 3409 3400 3474 ὡς
3447 3406 3738 3461 ἐπονεῖτο.

2152 3584 2247 3650 Τίς
2271 3586 2371 3640 οὐκ
2402 3583 2468 3640 ἂν
2501 3585 2608 3639 τῶν
2657 3584 3020 3657 ἀπανούργων
3066 3582 3442 3657 συναρπαγείη
3495 3582 3599 3636 ὑπὸ
3632 3579 3740 3637 τῶν

2152 3676 2300 3730 ἐπῶν
2342 3678 2572 3744 τούτων,
2620 3678 2714 3731 καὶ
2762 3678 3037 3747 νομίσειεν
3084 3676 3258 3740 οὕτως
3312 3676 3453 3731 αὑτὰ
3494 3675 3739 3749 ’Όμηρον

2152 3770 2244 3821 ἐπὶ
2276 3769 2480 3840 ταύτης
2517 3770 2618 3841 τῆς
2658 3768 2972 3831 ὑποθέσεως
3002 3767 3402 3840 πεποιηκέναι;
3469 3767 3527 3820 '0
3560 3766 3601 3817 δ’
3642 3763 3741 3834 ἐμ-

2152 3875 2341 3931 πειρος
2397 3859 2500 3929 τῆς
2540 3859 2846 3929 Ὁμηρικῆς
2890 3857 3199 3921 ὑποθέσεως
3234 3854 3598 3924 ἐπιγνώσεται
3664 3855 3731 3916 “,

2150 3949 2329 4016 εἰδὼς,
2369 3950 2451 4003 ὃτι
2480 3949 2539 4003 τὸ
2568 3950 2667 4020 μέν
2725 3967 2777 4002 τι
2808 3948 2987 4004 αὐτῶν
3013 3950 3129 4002 ἐστι
3161 3949 3287 4020 περὶ
3332 3947 3630 4009 Ὀδυσσέως
3667 3948 3742 3999 εί-

2154 4041 2409 4113 ρημένον,
2452 4041 2513 4096 τὸ
2550 4041 2608 4094 δὲ
2652 4042 2783 4114 περὶ
2832 4041 2998 4093 αὑτοῦ
3050 4039 3144 4093 τοῦ
3209 4039 3528 4111 Ἡρακλέος,
3578 4037 3643 4090 τὸ
3684 4037 3742 4091 δὲ

2152 4133 2283 4204 περὶ
2311 4133 2586 4205 Πριάμου,
2638 4132 2701 4186 τὸ
2733 4134 2792 4185 δὲ
2822 4134 2951 4204 περὶ
3001 4132 3279 4186 Μενελάου
3318 4132 3415 4185 καὶ
3460 4129 3740 4202 Ἀγαμέμο

2150 4243 2322 4291 νονος.
2375 4227 2549 4297 Ἀρας
2576 4225 2634 4278 δὲ
2682 4225 2845 4291 αὑτὰ,
2883 4227 2977 4279 καὶ
3020 4224 3078 4278 ἓν
3118 4226 3349 4279 ἕκαστον
3400 4222 3634 4286 ἀποδοὺς
3673 4224 3737 4294 τῇ

2154 4318 2259 4389 ἰδία
2288 4321 2331 4367 ‘.'
2364 4319 2609 4374 ἐκποδὼν
2633 4321 2850 4392 ποιήσει
2877 4319 2975 4390 τὴν
3015 4317 3292 4374 ὑπόθεσιν.
3329 4316 3487 4371 Οὕτω
3535 4315 3593 4369 δὲ
3648 4314 3738 4369 καὶ

2148 4414 2177 4464 ὁ
2210 4411 2301 4464 τὸν
2349 4412 2551 4467 κανόνα
2578 4411 2679 4482 τῆς
2720 4410 2979 4482 ἀληθείας
3032 4410 3225 4480 ἀκλινῆ
3285 4410 3342 4462 ἐν
3392 4406 3573 4477 ἑαυτῷ
3601 4422 3734 4460 κατ-

2152 4501 2314 4572 έχων,
2337 4502 2394 4556 ὃν
2422 4502 2510 4557 διὰ
2534 4501 2628 4557 τοῦ
2664 4498 3042 4574 βαπτίσματος
3075 4501 3286 4571 εἴληφε,
3306 4499 3375 4553 τὰ
3407 4499 3506 4570 μὲν
3536 4502 3601 4553 ὲκ
3630 4498 3733 4569 τῶν

2150 4594 2384 4666 Γραφῶν
2411 4594 2674 4666 ὀνόματα,
2709 4594 2804 4648 καὶ
2842 4592 2942 4657 τὰς
2991 4592 3185 4660 λέξεις,
3219 4592 3311 4645 καὶ
3346 4590 3447 4653 τὰς
3494 4590 3733 4661 παραϐο-

2147 4686 2246 4751 λὰς
2277 4687 2664 4756 ἐπιγνώσεται,
2697 4686 2796 4757 τὴν
2821 4685 2878 4738 δὲ
2921 4684 3244 4755 βλάσφημον
3312 4680 3569 4734 ὑπόθεσιν
3607 4676 3734 4732 ταύ-

2145 4794 2246 4849 την
2284 4780 2385 4832 οὑκ
2414 4777 2796 4847 ἐπιγνώσεται.
2825 4778 2935 4830 Καὶ
2968 4777 3078 4849 γὰρ
3105 4776 3154 4829 εἰ
3185 4774 3286 4838 τὰς
3330 4772 3570 4844 ψηφῖδας
3599 4787 3728 4839 γνω-

2150 4869 2313 4940 ρίσει,
2344 4869 2483 4924 ἀλλὰ
2523 4870 2624 4941 τὴν
2653 4868 2916 4922 ἀλώπεκα
2941 4869 3064 4923 ἀντὶ
3093 4867 3191 4937 τῆς
3221 4864 3504 4936 βασιλικῆς
3529 4861 3732 4923 εἰκόνος

2152 4960 2213 5013 οὑ
2246 4959 2631 5032 παραδέξεται.
2671 4958 2768 5011 Ἓν
2793 4957 3025 5011 ἕκαστον
3052 4956 3109 5010 δὲ
3130 4955 3239 5009 τῶν
3268 4952 3576 5025 εἰρημένων
3605 4952 3730 5035 ἀπο-

2150 5051 2273 5117 δοὺς
2317 5053 2383 5124 τῇ
2434 5050 2539 5122 ἰδίᾳ
2572 5047 2745 5118 τάξει,
2788 5048 2884 5102 καὶ
2924 5047 3314 5121 προσαρμόσας
3360 5043 3438 5114 τῷ
3478 5043 3576 5114 τῆς
3609 5042 3730 5111 ἀλη-

2150 5144 2301 5209 θείας
2333 5143 2621 5215 σωματείῳ
2645 5142 2689 5174 “
2734 5139 3033 5212 γυμνώσει,
3068 5140 3162 5195 καὶ
3201 5136 3573 5192 ἀνυπόστατον
3614 5136 3728 5188 ἐπι-

2147 5235 2307 5302 δείξει
2341 5235 2402 5289 τὺ
2430 5235 2657 5305 πλάσμα
2690 5232 2888 5288 αὑτῶν.

2222 5328 2299 5380 Λ⁹.
2342 5325 2560 5396 Ἐπειδὴ
2604 5322 2648 5355 ³⁸
2684 5326 2751 5394 τῇ
2785 5323 2957 5392 σκηνῇ
2987 5321 3162 5392 ταύτῃ
3195 5318 3307 5390 (Si)
3349 5316 3524 5369 λείπει
3553 5316 3727 5388 ὴάπο-

456 5570 475 5590 ,Α
718 5528 773 5590 δε.
794 5513 914 5590 16.-
966 5517 1113 5590 ξοδ.
1138 5536 1198 5589 φ,
1226 5518 1315 5590 26.
1400 5520 1417 5553 ³
1448 5520 1516 5576 ll.
1552 5540 1604 5585 τ,
1642 5523 1763 5580 123.
1841 5525 1861 5556 ⁸
1891 5527 1941 5581 ll
1986 5526 2035 5590 0,

2152 5526 2198 5580 ες.
2238 5525 2295 5569 .·
2328 5522 2505 5588 olnt.
2538 5524 2623 5578 ts.
2702 5520 2846 5575 σοιι.
2879 5521 3044 5584 1,53.
3113 5519 3139 5590 ,τ
3177 5513 3244 5569 ιι.
3273 5514 3499 5590 ῳ,ᾕ”28.
3526 5510 3595 5590 __'
3629 5508 3724 5590 οιιτ

458 5578 656 5667 1:325-
727 5580 855 5667 ,Ἤν
892 5584 940 5653 β’
964 5586 1089 5667 ‘99-
1150 5578 1213 5621 ’¹’⁰
1238 5587 1366 5667 Lee-
1390 5590 1538 5667 ἅμαι,
1560 5578 1613 5667 ,¹’¹
1648 5578 1786 5651 πνοή.
1822 5578 2039 5667 usi/ti?

2152 5578 2161 5655 ,
2395 5578 2648 5648 ύπδθεσιν
2679 5594 2776 5647 οὑκ
2804 5578 2954 5660 ἐπιγ.
3014 5593 3054 5623 ¹¹
3086 5589 3211 5643 For.
3244 5588 3309 5655 τῇ
3344 5584 3450 5655 ἰδία
3479 5582 3627 5650 τάξει
3651 5578 3723 5633 vel

461 5646 643 5721 ϐίϐλῳ.
727 5650 772 5681 ι’
796 5646 936 5705 ιτοιί(
955 5655 1187 5725 σώματι.
1264 5646 1492 5715 "‘oee'st
1516 5662 1593 5715 δέ.

513 5828 623 5906 (81)
678 5831 1025 5908 Ἐπειδὴτῇ
1060 5840 1259 5911 σκηνῇ
1309 5843 1513 5912 ταύτῃ.
1565 5843 1970 5916 Ἀπολύτρνιιςιν
2020 5844 2033 5900 l

2163 5841 2564 5913 redemptionem
2613 5858 2733 5903 esse
2765 5842 2934 5901 credit
2969 5840 3191 5909 “illius,
3240 5839 3306 5898 de
3339 5854 3445 5912 qua
3497 5830 3716 5895 [renisus
