3982 6478
302 393 414 449 533

1060 395 1435 455 ADVERSUS
1472 398 1819 456 HASRESES
1858 399 1881 454 l

1985 442 1987 455 .
2032 403 2073 455 1.
2122 401 2289 459 ΤΟΜ.
2329 402 2474 458 ll.——
2513 402 2793 459 IMZRES.
2833 403 3023 460 XXXI.
3494 409 3605 466 εει

301 513 598 585 λύτρωσις,
655 512 740 569 ἵνα
787 530 870 578 τις
911 512 1000 569 τὸν
1046 516 1210 586 μῖμον
1248 516 1422 571 αὐτὸν.
1452 514 1767 589 περαιώσας
1803 516 1881 573 τοι

2002 520 2200 576 fabulae
2252 519 2471 587 exodio,
2511 518 2821 575 dimittendi
2872 527 3091 591 tempus
3133 529 3242 586 est,
3279 523 3590 581 consultum

302 610 751 677 άνασκευάζοντα
774 611 930 680 λόγον
960 613 1280 682 ἐπενεγκεῖν
1304 616 1345 677 ι.
1371 615 1553 681 καλῶς
1611 616 1757 688 ἔχειν
1801 618 1902 671 ὑπ-

302 700 580 774 ελάϐομεν
604 701 866 766 ἐπιδεῖξαι
892 702 1178 775 πρότερον,
1215 705 1274 758 ὲν
1300 698 1382 768 οἷς
1412 708 1459 759 οί
1483 705 1720 778 πατέρες
1748 709 1903 763 αὐτοὶ

300 793 460 849 τοῦδε
494 782 591 849 τοῦ
627 794 799 865 θυμοῦ
827 797 848 828 ²
880 795 1231 867 διαφέρονται
1256 797 1396 868 πρὸς
1428 797 1709 870 ἀλλήλους,
1733 800 1810 864 ὡς
1837 801 1901 853 ἐκ

296 884 580 958 διαφόρων
602 884 932 956 πνευμάτων
952 885 1052 956 τῆς
1075 884 1283 957 πλάνης
1298 886 1470 951 ὄντες.
1495 888 1605 940 Καὶ
1625 889 1689 942 ὲκ
1710 886 1898 941 τούτου

299 978 416 1050 γὰρ
447 977 695 1046 ἀκριϐῶς
730 978 962 1032 συνιδεῖν
984 977 1158 1046 ἔσται,
1184 980 1278 1033 καὶ
1306 979 1413 1051 πρὸ
1437 980 1538 1052 τῆς
1571 981 1899 1047 ἀποδείξεως

302 1069 531 1141 βεϐαίαν
547 1070 647 1140 τὴν
673 1068 778 1123 ὑπὸ
798 1070 901 1140 τῆς
943 1070 1272 1142 Ἐκκλησίας
1320 1072 1740 1146 κηρυσσομένην
1771 1075 1900 1146 ἀλή-

298 1161 479 1228 θειαν,
508 1161 603 1216 καὶ
634 1160 733 1233 τὴν
762 1159 867 1215 ὑπὸ
898 1158 1105 1214 τούτων
1128 1178 1484 1235 παραπεποιη
1495 1163 1663 1235 μένην
1692 1163 1897 1236 ψευδη-

296 1255 513 1327 γορίαν.
548 1255 613 1308 Ἠ
652 1253 752 1326 μὲν
780 1252 890 1325 γὰρ
919 1253 1236 1325 Ἐκκλησία,
1270 1254 1471 1326 καίπερ
1493 1255 1614 1309 καθ’
1644 1257 1774 1329 ὅλης
1795 1257 1896 1329 τῆς

294 1347 628 1419 οἰκουμένης
657 1345 763 1409 ἕως
787 1344 1040 1416 περάτων
1066 1345 1166 1415 τῆς
1199 1345 1300 1413 γῆς
1321 1345 1720 1420 διεσπαρμένῃ,
1743 1348 1894 1420 παρὰ

293 1439 357 1492 δὲ
379 1438 493 1492 τῶν
533 1437 846 1492 ἀποστόλων
898 1439 993 1492 καὶ
1024 1436 1135 1492 τῶν
1160 1436 1384 1491 ἐκείνων
1421 1438 1681 1510 μαθητῶν
1714 1457 1894 1512 παρα-

294 1530 545 1584 λαϐοῦσα
570 1529 669 1602 τὴν
696 1531 775 1594 είς
804 1529 903 1584 ἕνα
941 1530 1074 1585 Θεὸν
1116 1531 1338 1603 Πατέρα
1361 1532 1779 1604 παντοκράτορα
1801 1532 1891 1587 τὸν

296 1620 644 1692 πεποιηκότα
680 1619 771 1674 τὸν
823 1618 1052 1692 οὐρανὸν
1106 1620 1199 1673 καὶ
1244 1619 1342 1691 τὴν
1373 1619 1500 1689 γῆν,
1537 1620 1631 1672 καλ⁸
1670 1620 1769 1683 τὰς
1797 1618 1890 1673 θα-

292 1713 528 1776 λάσσας,
562 1712 660 1766 καὶ
692 1711 870 1766 πάντα
897 1710 969 1764 τὰ
998 1711 1057 1771 ὲν
1082 1712 1288 1776 αὐτοῖς,
1326 1713 1530 1779 πίστιν,
1564 1713 1659 1766 καὶ
1685 1713 1767 1775 είς
1794 1712 1890 1767 ἕνα

291 1804 534 1874 Χριστὸν
581 1801 790 1872 Ἰησοῦν
821 1803 912 1857 τὸν
953 1802 1087 1856 Υίὸν
1122 1802 1217 1856 τοῦ
1247 1802 1382 1856 Θεοῦ
1410 1802 1500 1856 τὸν
1535 1802 1890 1875 σαρκωθέντα

291 1895 440 1967 ὑπὲρ
466 1895 569 1964 τῆς
592 1892 867 1965 ἡμετέρας
899 1893 1195 1963 σωτηρίας,
1240 1893 1335 1948 καὶ
1378 1892 1708 1969 εἰςΠνεῦμα
1732 1895 1887 1965 ἅγιον
1920 1884 1960 1938 Β

289 1987 354 2041 τδ
381 1987 473 2041 διὰ
500 1987 610 2040 τῶν
639 1983 938 2057 προφητῶν
965 1984 1271 2057 κεκηρυχός
1296 1985 1398 2051 τὰς
1429 1986 1761 2058 οίκονομίας,
1789 1988 1885 2041 καὶ

288 2081 395 2144 τὰς
424 2079 684 2143 ὲλεύσεις,
717 2079 813 2133 καὶ
850 2078 949 2150 τὴν
975 2078 1041 2131 ὲκ
1072 2079 1345 2150 παρθένου
1382 2078 1659 2150 γέννησιν,
1699 2080 1795 2134 καὶ
1824 2079 1885 2133 τὸ

289 2172 488 2237 πάθος,
514 2173 608 2226 καὶ
632 2171 731 2242 τὴν
757 2170 977 2241 ἔγερσιν
1009 2171 1075 2223 ὲκ
1096 2168 1329 2241 νεκρῶν,
1365 2171 1461 2225 καὶ
1492 2171 1591 2243 τὴν
1617 2170 1883 2243 ἕνσαρκον

285 2265 373 2328 εἰς
393 2265 518 2327 τοὺς
534 2262 807 2335 οὐρανοὺς
836 2260 1101 2331 ἀνάληψιν
1130 2260 1226 2313 τοῦ
1257 2262 1620 2333 ἠγαπημένον
1643 2260 1882 2334 Χριστοῦ

298 2355 481 2426 Ἰησοῦ
501 2354 595 2409 τοῦ
635 2354 840 2426 Κυρίου
870 2352 1049 2426 ἡμῶν,
1076 2353 1174 2408 καὶ
1203 2353 1301 2424 τὴν
1323 2355 1388 2407 ὲκ
1406 2355 1529 2408 τῶν.
1548 2354 1792 2425 οὐρανῶν
1824 2355 1883 2408 ἐν

284 2457 350 2524 τῇ
380 2451 509 2522 δόξῃ
537 2449 632 2504 τοῦ
666 2449 878 2521 [ἰατρὸς
910 2450 1216 2521 παρουσίαν
1249 2448 1437 2512 αὐτοῦ,
1474 2450 1566 2502 ἐπὶ
1586 2449 1646 2504 τὸ
1677 2451 1880 2504 ἀνακε-

285 2543 704 2617 φαλαιώσασθαι
725 2543 794 2597 τὰ
828 2543 1027 2609 πάντα,
1053 2544 1150 2599 καὶ
1169 2544 1472 2613 ἀναστῆσαι
1500 2544 1667 2597 πᾶσιν
1701 2544 1881 2615 σάρκα

284 2638 472 2709 πάσης
504 2636 944 2707 ἀνθρωπότητος,
987 2636 1077 2690 ἵνα
1120 2635 1342 2708 Χριστῷ
1372 2634 1550 2707 Ἰησοῦ
1580 2635 1657 2707 τῷ
1690 2637 1882 2707 Κυρίῳ

281 2732 470 2804 ἡμῶν,
497 2733 591 2786 καί⁵
609 2730 730 2801 Θεῷ
753 2731 846 2784 καὶ
874 2730 1089 2801 Σωτῆρι
1116 2730 1211 2784 καὶ
1241 2729 1452 2800 βασιλεί
1487 2729 1629 2784 κατὰ
1668 2729 1767 2800 τὴν
1790 2731 1882 2784 εύ-

282 2825 475 2881 δοκίαν
531 2822 624 2876 τοῦ
679 2823 892 2894 [ἰατρὸς
928 2820 1022 2876 τοῦ
1052 2824 1286 2894 ἀοράτου
1328 2820 1452 2876 πᾶν
1484 2824 1633 2891 γόνυ
1668 2821 1877 2891 κάμψῃ

282 2916 680 2984 ἐπουρανίων,
714 2914 815 2968 καί
852 2913 1161 2984 ἐπιγείων,
1181 2913 1281 2967 καὶ
1318 2914 1752 2981 καταχθονίων,
1779 2914 1878 2969 καί

281 3009 457 3064 πᾶσα
488 3006 745 3073 γλῶσσα
792 3005 1312 3076 ἐξομολογήσηται
1344 3002 1525 3071 αὐτῷ,
1576 3006 1669 3058 καὶ
1696 3006 1877 3075 κρίσιν

279 3102 499 3156 δικαίαν
530 3102 589 3154 ὲν
619 3102 732 3162 τοῖς
765 3100 899 3152 πᾶσι
939 3099 1267 3169 ποιήσηται·
1304 3096 1374 3150 τὰ
1402 3096 1501 3168 μὲν
1528 3098 1877 3168 πνευματικὰ

278 3193 382 3262 τῆς
405 3190 693 3263 πονηρίας,
723 3191 815 3245 καὶ
842 3190 1105 3259 ἀγγέλους
1132 3191 1261 3254 τοὺς
1284 3188 1761 3260 παραϐεϐηκότας,
1782 3191 1876 3244 καὶ

278 3287 341 3338 ἐν
364 3284 671 3355 ἀποστασία
697 3284 1013 3352 γεγονότας,
1065 3265 1160 3336 καὶ
1194 3283 1323 3346 τοὺς
1354 3282 1594 3347 ἀσεϐεῖς,
1631 3283 1725 3336 καὶ
1758 3282 1875 3355 dot-

274 3393 434 3440 κους,
469 3377 564 3429 καὶ
611 3376 865 3446 ἀνόμους,
918 3376 1014 3428 καὶ
1044 3374 1400 3447 βλασφήμους
1428 3373 1536 3429 τῶν
1572 3374 1876 3447 ἀνθρώπων

274 3471 362 3532 είς
382 3468 444 3522 τὸ
470 3468 685 3521 αἰώνιον
709 3467 819 3539 πῦρ
838 3465 1030 3537 πέμψῃ
1054 3483 1068 3497 ο
1087 3469 1201 3529 τοῖς
1224 3466 1280 3520 δὲ
1304 3465 1555 3530 δικαίοις,
1575 3468 1669 3521 καὶ
1684 3467 1874 3532 ὁσίοις,

275 3559 503 3624 καὶτὰς
536 3559 757 3623 ἐντολάς
787 3556 953 3612 αὑτοῦ
994 3575 1122 3628 τετη
1134 3559 1351 3630 ρηκόσι,
1380 3561 1476 3613 καὶ
1498 3561 1555 3613 ὲν
1587 3561 1654 3629 τῇ
1686 3559 1874 3630 ἀγάπῃ

274 3649 451 3705 αὐτοῦ
497 3649 928 3721 διαμεμενηκόσι
981 3651 1098 3711 τοῖς
1147 3649 1244 3703 ἀπ’
1293 3649 1494 3721 ἀρχῆς,
1542 3652 1655 3713 τοῖς
1694 3649 1751 3703 δὲ
1810 3653 1876 3703 ὲκ

278 3742 577 3812 μετανοίας
590 3743 611 3772 ³
629 3740 775 3805 ζωὴν
798 3739 1187 3811 χαρισάμενος,
1213 3740 1525 3812 ἀφθαρσίαν
1538 3740 1874 3815 δωρήσηται,

276 3833 553 3899 καὶδόξαν
588 3831 814 3887 αἰωνίαν
847 3833 1203 3905 περιποιήσῃ.
1260 3856 1267 3859 ·
1614 3816 1623 3833 ’

352 4009 479 4062 AA’.
512 4006 684 4062 Τοῦτο
710 4007 771 4062 τὸ
811 4009 1075 4080 κήρυγμα
1112 4008 1507 4080 παρειληφυῖα,
1549 4008 1642 4061 καὶ
1672 4007 1875 4080 ταύτην

238 4152 245 4161 ,
280 4101 380 4170 τὴν
422 4100 628 4166 πίστιν,
660 4100 737 4163 ὡς
783 4099 1123 4172 προέφαμεν,
1159 4101 1192 4171 ἡ
1231 4099 1548 4169 Ἐκκλησία,
1579 4100 1782 4173 καίπερ
1816 4101 1875 4155 ὲν

283 4193 393 4264 ὅλῳ
405 4192 482 4263 τῷ
514 4193 704 4264 κόσμῳ
727 4192 1124 4263 διεσπαρμένη,
1169 4191 1448 4261 ἐπιμελῶς
1477 4192 1763 4261 φυλάσσει,
1798 4192 1875 4257 ὡς

274 4287 377 4340 ἕνα
411 4280 561 4340 οἶκον
583 4283 833 4339 οἰκοῦσα*
879 4286 973 4338 καὶ
1014 4283 1217 4353 ὁμοίως
1250 4283 1496 4337 πιστεύει
1542 4284 1772 4349 τούτοις,
1798 4284 1874 4348 ὡς

275 4378 413 4450 μίαν
431 4377 610 4449 ψυχὴν
635 4378 729 4430 καὶ
759 4377 860 4448 τὴν
880 4376 1047 4448 αὐτὴν
1085 4375 1286 4446 ἔχουσα
1319 4374 1569 4449 καρδίαν·
1605 4375 1702 4431 καὶ
1737 4393 1875 4447 συμ-

274 4469 476 4539 φώνως
495 4469 670 4523 ταῦτα
696 4469 984 4541 κηρύσσει,
1025 4467 1121 4521 καὶ
1144 4467 1407 4532 διδάσκει,
1440 4467 1537 4522 καὶ
1568 4467 1876 4539 παραδίδω-

2006 614 2123 669 fore
2148 613 2426 680 duximus,
2466 614 2511 671 si
2542 614 2608 669 ad
2655 614 2872 669 illorum
2911 614 3314 669 confutanilum
3348 631 3596 670 errorem

2003 705 2209 777 aliquid
2260 706 2679 775 subjiceremus.
2713 702 2820 760 Sed
2854 704 3010 774 prius
3055 715 3239 761 tamen
3295 707 3587 762 ostenden-

1999 798 2131 854 dum
2162 798 2299 854 illud
2332 810 2435 865 est,
2473 798 2675 869 quibus
2720 798 2776 854 in
2805 799 2972 854 rebus
3002 797 3200 854 fabulas
3236 798 3387 854 illius
3409 808 3604 853 aucto-

1999 906 2090 946 res
2119 905 2151 945 a
2183 906 2243 946 se
2276 890 2515 946 invicem
2556 889 2882 955 dissideant,
2909 904 3049 961 quos
3078 888 3281 945 diversi
3315 889 3464 944 velut
3490 887 3586 943 fal-

1999 984 2178 1038 sitatis
2207 983 2436 1054 spiritus
2474 981 2784 1037 contrarias
2822 982 2877 1036 in
2922 989 3106 1053 partes
3141 981 3440 1052 abripiunt.
3476 978 3585 1036 Hoc
3618 1009 3623 1014 -

1996 1075 2141 1130 enim
2170 1090 2243 1130 ex-
2263 1075 2442 1145 capite
2478 1074 2562 1130 vel
2610 1074 2746 1129 citra
2777 1074 3153 1145 probationem
3186 1073 3353 1128 ullam
3396 1071 3580 1128 certis-

2000 1166 2138 1222 sime
2168 1166 2464 1231 constabit,
2497 1181 2622 1222 eum
2646 1165 2877 1221 solidam
2914 1180 2978 1220 ac
3007 1165 3419 1239 stabilem’esse
3446 1163 3583 1219 veri.

1996 1266 2163 1314 tatem
2202 1258 2374 1323 illam,
2407 1274 2574 1329 quam
2621 1256 2867 1314 Ecclesia
2888 1257 3179 1328 praedicat,
3225 1264 3339 1311 tum
3372 1256 3584 1313 adulte-

1996 1351 2172 1405 rinam
2203 1365 2267 1405 ac
2291 1348 2609 1405 mendacem
2638 1349 2855 1405 illorum
2894 1364 3018 1407 esse
3043 1349 3371 1405 doctrinam.
3406 1347 3595 1420 Siqui—

1994 1442 2117 1498 dem
2154 1441 2402 1498 Ecclesia
2465 1451 2580 1497 toto
2613 1440 2742 1498 licet
2794 1441 2930 1497 orbe
2985 1441 3055 1497 ad
3098 1448 3371 1498 extremos
3413 1455 3585 1512 usque

1995 1543 2269 1590 terrarum
2324 1533 2527 1589 limites
2579 1532 2856 1604 dispersa,
2894 1549 3019 1590 cum
3076 1533 3145 1588 ab
3191 1534 3454 1603 apostolis
3490 1549 3581 1590 eo-

1994 1641 2226 1696 rumque
2255 1625 2543 1695 discipulis
2605 1624 2763 1681 ﬁdem
2813 1624 3088 1695 acceperit
3128 1625 3182 1680 in
3219 1641 3389 1679 unum
3419 1625 3582 1682 Deum

1991 1717 2211 1774 Patrem
2258 1718 2717 1790 omnipotentem,
2769 1718 2865 1788 qui
2913 1718 3139 1783 coelum,
3173 1724 3491 1788 terramque
3510 1734 3589 1776 .ac

1992 1810 2188 1875 maria,
2249 1825 2375 1865 cum
2433 1810 2709 1867 universis
2771 1825 2894 1880 quae
2947 1810 3002 1865 in
3047 1808 3157 1866 illis
3190 1809 3582 1880 comprehensa

1993 1912 2140 1971 sunt,
2178 1902 2465 1969 condidit;
2494 1912 2549 1958 et
2594 1903 2649 1957 in
2683 1918 2850 1957 unum
2884 1900 3073 1957 Iesum
3109 1900 3308 1956 Filium
3344 1902 3464 1967 Dei,
3494 1904 3583 1974 qui

1993 2014 2092 2068 pro
2126 2006 2315 2054 nostra
2347 1998 2524 2054 salute
2545 2009 2768 2051 carnem
2802 1994 3011 2061 induit;
3044 1996 3279 2066 atquein
3321 1993 3586 2066 Spiritum

1992 2100 2270 2156 sanctum,
2321 2089 2416 2159 qui
2447 2104 2664 2144 onmem
2730 2088 2879 2141 illam
2939 2087 3103 2143 unice
3151 2087 3337 2142 dilecti
3378 2086 3582 2143 Christi

1987 2182 2119 2238 Jesu
2150 2180 2370 2235 Domini
2398 2179 2573 2234 nostri
2598 2177 3159 2241 administrationem,
3187 2184 3242 2232 et
3262 2175 3580 2245 adventum,

1986 2283 2279 2344 ortumque
2320 2270 2389 2327 de
2422 2271 2649 2342 Virgine
2681 2285 2776 2341 per
2810 2269 3107 2340 prophetas
3153 2270 3582 2339 praenuntiavit;

1990 2380 2205 2423 necnon
2237 2370 2292 2421 et
2334 2362 2744 2435 perpessionem
2775 2376 2840 2416 ac
2872 2360 3342 2417 resurrectionem
3362 2401 3377 2426 ,
3440 2369 3495 2417 et
3528 2362 3581 2418 iu

1988 2458 2187 2513 coelum
2221 2453 2602 2512 ascensionem
2634 2467 2761 2511 cum
2781 2467 3049 2522 corpore;
3078 2451 3430 2522 futurumque
3450 2453 3580 2507 olim

1988 2548 2231 2605 indidem
2283 2558 2511 2618 paterna
2550 2561 2676 2601 cum
2724 2545 3015 2615 majestate
3044 2546 3391 2613 descensum,
3432 2555 3489 2602 ut
3526 2547 3580 2603 in

1987 2656 2260 2697 su-mmam
2289 2640 2439 2695 velut
2477 2639 2731 2695 universa
2778 2639 3091 2705 contrahat,
3122 2647 3177 2696 et
3206 2640 3453 2696 omnium
3491 2642 3595 2697 ho-x

1986 2732 2195 2786 mitium
2224 2745 2459 2803 corpora
2491 2716 2803 2785 revocefad
2840 2731 3046 2793 vitam;
3075 2739 3239 2802 atque
3271 2741 3331 2787 ut
3362 2732 3583 2789 Christo

1985 2823 2118 2879 .lesu
2148 2823 2380 2878 Domino
2409 2831 2602 2880 nostro
2630 2827 2709 2877 ac'
2727 2822 2839 2879 Deo
2868 2831 2925 2879 et
2954 2823 3227 2881 Salvatori
3259 2822 3488 2897 regique
3514 2827 3580 2882 de

1985 2916 2135 2971 illius
2167 2915 2261 2985 qui
2293 2913 2468 2968 videri
2500 2929 2608 2969 non
2642 2922 2843 2984 potest,
2875 2916 3165 2971 voluntate
3192 2916 3395 2985 Patris,
3424 2936 3579 2973 omne

1985 3004 2147 3073 20g
2193 3020 2326 3074 genu
2372 3004 2621 3071 ﬂectatur
2659 3004 2982 3071 cmlestium,
3034 3008 3366 3061 terrestrium
3422 3018 3469 3063 et
3498 3010 3579 3064 in—

1986 3098 2280 3164 fernarum,
2310 3102 2361 3147 et
2396 3095 2568 3148 omnis
2600 3095 2775 3162 ipsum
2814 3094 2997 3165 lingua
3027 3099 3347 3167 conﬁteatur
3376 3098 3434 3167 ‘;
3471 3101 3577 3155 uti-

1984 3199 2091 3255 que
2123 3191 2335 3238 rectum
2368 3183 2423 3237 in
2463 3197 2658 3239 omnes
2686 3182 2961 3253 judicium
3009 3195 3287 3252 exerceat,
3322 3203 3387 3243 ac
3416 3188 3578 3259 spiri-

1981 3275 2111 3330 talia
2155 3273 2435 3345 nequitiae,
2471 3273 2575 3328 hoc
2629 3282 2717 3330 est
2748 3274 3062 3329 desertores
3108 3277 3334 3347 angelos
3395 3293 3461 3333 ac
3490 3294 3578 3335 re-

1978 3367 2173 3432 belles,
2206 3375 2261 3421 et
2292 3365 2493 3435 impios
2513 3380 2728 3430 omnes,
2758 3380 2823 3420 ac
2858 3367 3180 3432 sceleratos,
3216 3378 3270 3424 et
3300 3368 3576 3426 facinoro-

1940 3468 1941 3473 ‘
1979 3473 2096 3522 sos,
2134 3472 2199 3512 ac
2228 3457 2664 3513 contumeliosos
2688 3456 2744 3512 in
2781 3457 2953 3512 Deum
2997 3457 3251 3515 homines
3280 3461 3575 3531 sempiter-

1979 3551 2067 3605 nis
2114 3548 2351 3604 tlammis
2397 3549 2644 3615 addicat;
2677 3548 2848 3619 justis
2882 3565 3038 3613 vero,
3093 3552 3438 3623 sanctisque,
3469 3555 3568 3624 qui

1979 3643 2240 3699 mandata
2295 3656 2396 3698 sua
2444 3641 2739 3712 diligenter
2789 3641 3229 3708 observaverint,
3275 3654 3329 3699 et
3366 3644 3422 3699 in
3455 3645 3577 3715 ejus

1976 3732 2251 3790 charitate
2298 3733 2415 3789 sive
2458 3734 2575 3802 jam
2617 3731 2745 3788 inde
2791 3732 2861 3788 ab
2892 3734 3070 3798 initio,
3105 3735 3222 3791 sive
3255 3744 3380 3807 post
3403 3739 3576 3808 paeni-

1978 3826 2208 3883 tentiam
2242 3827 2754 3897 perseveraverint,
2791 3825 2960 3880 vitam
2996 3827 3577 3901 immortalitatemque

1979 3918 2269 3988 largiatur,
2321 3926 2489 3987 atque
2530 3925 2792 3974 aeternam
2843 3919 2952 3975 illis
2982 3920 3218 3991 gloriam
3268 3923 3568 3994 impertiat.

2050 4008 2242 4063 XXXI.
2275 4008 2412 4065 Cum
2443 4009 2608 4079 igitur
2637 4008 2891 4065 Ecclesia
2933 4012 3241 4068 doctrinam
3276 4015 3572 4085 ejusmodi,

1980 4097 2274 4168 iidemque,
2343 4098 2422 4152 uti
2472 4098 2737 4165 diximus,
2794 4100 3089 4170 acceperit,
3141 4091 3261 4156 eam
3308 4104 3394 4159 vel
3442 4106 3576 4160 orbe

1981 4195 2096 4244 toto
2129 4187 2331 4245 diﬂ'usa
2366 4187 2617 4245 studiose
2657 4197 2970 4254 conservat,
3004 4192 3165 4260 quasi
3199 4192 3256 4246 in
3298 4209 3403 4248 una
3436 4210 3573 4264 qua-

1977 4283 2106 4338 dam
2139 4283 2304 4338 domo
2328 4281 2608 4347 habitans,
2649 4298 2714 4337 ac
2753 4283 3006 4339 similiter
3040 4284 3299 4341 omnibus
3329 4287 3440 4342 illis
3481 4303 3572 4343 asc

1980 4376 2238 4440 sentitur,
2267 4383 2527 4447 tanquam
2551 4377 2732 4431 anima
2754 4391 2882 4443 una,
2915 4378 3219 4448 eodemque
3246 4378 3414 4434 corde
3433 4396 3571 4449 prae-

1980 4469 2091 4525 dita
2116 4485 2130 4536 ;
2159 4468 2461 4539 eademque
2498 4468 2939 4526 concordissime
2971 4469 3072 4536 sic,
3109 4470 3269 4540 quasi
3298 4486 3467 4526 unum
3506 4490 3569 4529 us

275 4580 385 4626 σιν,
444 4562 519 4627 ὠς
568 4562 627 4616 ἓν
682 4563 856 4633 στόμα
885 4565 1220 4633 κεκτημένη.
1255 4546 1504 4633 Καῖγὰρ
1533 4562 1588 4615 αί
1613 4561 1756 4615 κατὰ
1781 4559 1871 4614 τὸν

1985 4561 2200 4627 habeat,
2231 4560 2390 4617 docet
2413 4576 2477 4615 ac
2493 4561 2774 4631 praedicat.
2804 4560 3014 4616 Etenim
3047 4562 3265 4618 tametsi
3282 4562 3566 4622 hominum

277 4653 485 4723 κόσμον
509 4653 780 4707 διάλεκτοι
807 4654 1050 4724 ἀνόμοιοι
1069 4672 1083 4685 ·
1106 4653 1221 4708 ἀλλ’
1253 4655 1287 4724 ἡ
1312 4653 1540 4731 δύναμις
1563 4654 1661 4724 τῆς
1687 4670 1869 4725 παρα-

178 4790 191 4795 -
274 4746 479 4810 δόσεως
527 4747 626 4818 μία
655 4747 751 4801 καὶ
790 4747 824 4818 ἡ
868 4748 1005 4819 αὐτή
1033 4762 1046 4776 ’
1084 4748 1180 4802 καὶ
1204 4746 1327 4801 οὔτε
1361 4749 1417 4801 al
1453 4748 1510 4801 ἐν
1541 4747 1873 4818 Γερμανίαις

278 4837 566 4909 ἱδρυμέναι
605 4838 918 4909 Ἐκκλησίαι
951 4839 1128 4902 ἄλλως
1154 4838 1668 4910 πεπιστεύκασιν,ἢ
1696 4838 1873 4904 ἄλλως

280 4929 688 5000 παραδιδόασιν,
736 4929 861 4984 οὔτε
912 4932 970 4985 ὲν
1018 4934 1138 4995 ταῖς
1170 4930 1445 5002 ἰϐερίαις,
1473 4930 1599 4985 οὕτε
1631 4932 1692 4986 ὲν
1730 4931 1872 4985 Κελ-

279 5025 411 5088 τοῖς,
436 5022 559 5077 οὔτε
592 5023 732 5078 κατὰ
750 5024 848 5088 τὰς
869 5023 1158 5091 ἀνατολάς,
1188 5025 1313 5079 οὔτε
1343 5025 1716 5096 ὲνΆίγύπτῳ,
1747 5022 1873 5077 οὔτε

270 5120 337 5170 ἐν
362 5114 565 5187 Λιϐύῃ,
595 5114 719 5168 οὔτε
748 5118 803 5169 αἱ
828 5116 970 5171 κατὰ
1006 5116 1150 5188 μέσα
1168 5117 1263 5171 τοῦ
1306 5118 1514 5188 κόσμου
1543 5116 1827 5189 ἱδρυμέναι
1853 5132 1866 5148 ⁸

263 5204 395 5258 ἀλλ’
424 5203 614 5278 ὥσπερ
638 5206 836 5276 όῆλιος
876 5207 938 5262 τὸ
965 5208 1172 5279 κτίσμα
1206 5209 1300 5262 τοῦ
1344 5208 1482 5263 Θεοῦ
1532 5210 1592 5264 ἐν
1640 5207 1748 5280 ὅλῳ
1791 5207 1871 5280 τῷ

270 5300 471 5371 κόσμῳ
499 5294 580 5365 εἷς
645 5300 742 5354 καὶ
769 5302 797 5353 ὁ
844 5301 1007 5365 αὑτός
1033 5317 1046 5330 ·
1095 5301 1239 5355 οὕτω
1267 5301 1362 5355 καὶ
1395 5301 1456 5355 τὸ
1487 5301 1749 5373 κήρυγμα
1772 5300 1871 5371 τῆς

270 5391 539 5463 ἀληθείας
552 5394 804 5463 πανταχῆ
827 5392 1027 5463 φαίνει,
1056 5393 1152 5447 καὶ
1164 5391 1390 5463 φωτίζει
1418 5391 1627 5456 πάντας
1655 5386 1872 5462 ἀνθρὼο

274 5499 416 5547 πους
464 5484 591 5548 τοὺς
630 5483 988 5556 βουλομένους
1024 5486 1104 5549 είς
1152 5485 1450 5554 ἐπίγνωσιν
1479 5482 1740 5556 ἀληθείας
1782 5483 1871 5537 ἐλ-

1979 4654 2178 4725 lingute
2196 4654 2306 4709 sint
2321 4654 2640 4718 dissimiles,
2663 4654 2852 4710 eadem
2870 4661 3050 4709 tamen
3073 4655 3287 4711 tradita:
3306 4656 3568 4712 doctrinae

1970 4745 2056 4801 vis
2082 4752 2167 4801 est
2198 4745 2403 4816 ubique
2436 4764 2448 4796 :
2480 4760 2660 4815 neque
2701 4754 2795 4799 aut
2833 4745 3153 4800 constitutae
3179 4746 3236 4801 in
3274 4745 3565 4803 Germania

1972 4835 2231 4895 Ecclesiae
2283 4835 2518 4892 credunt
2566 4837 2745 4903 aliter,
2790 4850 2857 4891 ac
2899 4851 3032 4893 suos
3075 4836 3407 4906 perdocent;
3470 4846 3565 4892 aut

1972 4944 2094 5000 quae
2120 4928 2176 4984 in
2193 4928 2473 5000 Hispaniis
2498 4942 2565 4983 ac
2591 4927 2804 4995 Galliis,
2829 4939 2924 4983 aut
2946 4928 3015 4982 ad
3052 4926 3354 4992 Orientem,
3388 4937 3482 4983 aut
3509 4929 3564 4983 in

1974 5021 2234 5092 Egypto,
2299 5021 2385 5076 vel
2419 5019 2613 5090 Lybia,
2671 5019 2922 5076 mediove
2968 5021 3104 5077 orbe
3143 5021 3419 5076 stabilitze.
3455 5018 3567 5080 Sed

1973 5112 2441 5184 quemadmodum
2472 5113 2556 5168 sol
2592 5111 3003 5169 nobilissimum
3044 5111 3141 5168 Dei
3165 5127 3317 5181 opus.
3338 5127 3481 5167 unus
3509 5112 3563 5167 in

1970 5212 2087 5261 toto
2133 5203 2343 5260 mundo
2396 5213 2562 5275 atque
2612 5202 2755 5260 idem
2797 5211 2884 5260 est
2924 5219 3176 5273 semper;
3212 5203 3294 5260 sic
3322 5205 3563 5260 veritatis

1971 5296 2286 5368 praedicatio
2308 5296 2511 5367 ubique
2557 5304 2829 5352 terrarum
2864 5296 3140 5351 illucescit
3190 5309 3257 5350 ac
3304 5296 3562 5351 mortales

1971 5405 2162 5447 omnes
2188 5390 2447 5452 illustrat,
2477 5388 2570 5459 qui
2603 5389 2825 5459 quidem
2871 5387 3023 5443 illius
3050 5387 3120 5443 ad
3153 5387 3405 5444 notitiam
3441 5404 3575 5459 per-

1970 5481 2159 5538 venire
2190 5480 2484 5537 voluerint.
2504 5479 2657 5535 Adeo
2690 5485 2748 5535 ut
2783 5493 2960 5549 neque
2990 5478 3039 5534 is
3078 5480 3171 5551 qui
3198 5478 3340 5535 inter
3381 5478 3560 5538 Eccle-

350 5644 365 5674 '
395 5641 521 5698 For.
556 5640 852 5717 ἐπενέγκῃ.
929 5647 949 5677 ²
979 5643 1104 5700 For.
1139 5644 1231 5698 τοῦ
1256 5645 1312 5699 δὲ
1347 5643 1541 5715 μύθου.
1605 5612 1642 5674 ’³
1676 5641 1806 5697 For.
1837 5660 1881 5697 ‘tt

1985 5641 2098 5713 μέν.
2182 5641 2203 5671 ⁸
2233 5638 2467 5710 Philipp.
2503 5655 2560 5707 ιι,
2598 5637 2683 5703 10,
2722 5638 2805 5692 ll.

273 5770 400 5825 cap.
456 5753 544 5808 18.
597 5752 707 5811 Nos
757 5763 938 5811 autem
990 5756 1136 5810 aliud
1176 5760 1450 5825 essehoc
1487 5756 1706 5825 quidem
1742 5756 1863 5810 loco

274 5824 727 5892 suSpicabamur,
764 5842 958 5892 nempe
989 5827 1276 5885 exordium
1312 5824 1531 5883 fabula);
1572 5825 1690 5884 Non
1723 5826 1867 5884 enim

1973 5754 2041 5833 de
2072 5751 2445 5878 dl‘n‘ohltptiJO'Et
2476 5755 2569 5807 illa
2602 5750 2984 5809 hmreticorum
3015 5752 3249 5810 aliorum
3284 5751 3450 5809 verba
3481 5750 3553 5805 fa-

1980 5832 2055 5878 crt
2123 5839 2352 5878 ruimus.

1980 5832 2055 5881 cit
2096 5832 2352 5880 lrenmus.
