3982 6426
455 370 559 422 535

1864 370 1919 424 S.
1967 368 2308 424 l‘.l’ii’l1.—\Nll

3630 362 3727 418 Ξῖῖϐ

456 492 667 545 siarum
726 491 1006 547 antistites
1040 489 1258 545 dicendi
1294 490 1553 544 facultate
1600 490 1785 559 pollet,
1832 492 1901 544 ah
1938 491 2045 545 illis

2161 484 2283 547 θεῖν.
2326 491 2436 545 Καὶ
2488 491 2609 545 οὔτε
2639 494 2669 545 ό
2710 491 2851 545 πάνυ
2876 490 3096 554 δυνατὸς
3124 491 3182 544 ἐν
3216 488 3364 560 λόγῳ
3386 486 3497 541 τῶν
3523 487 3582 540 ἐν
3619 488 3728 548 ταῖς

457 583 676 638 diversa
713 582 1051 653 proﬁteatur.
1083 581 1253 636 Nemo
1286 583 1430 638 enim
1463 592 1547 637 est
1580 592 1911 652 praeceptore
1940 599 2042 636 suo

459 676 731 745 superior.
763 674 951 745 Neque
982 677 1075 745 qui
1108 675 1289 729 infans
1317 684 1401 729 est
1430 683 1483 728 et
1512 674 1812 730 indisertus
1835 673 1904 729 de
1935 684 2041 728 tra—

459 762 572 816 dita
619 763 722 817 sibi
764 764 1052 835 disciplina
1092 765 1390 835 quidquam
1440 764 1731 819 diminuat.
1765 764 2042 830 Quoniam

458 854 603 908 enim
634 870 739 908 una
768 864 853 910 est
885 859 1183 927 eademque
1221 857 1389 921 fides;
1422 872 1599 927 neque
1627 856 1721 926 qui
1761 856 1828 911 de
1859 871 1922 919 ea
1958 871 2045 910 co-

461 945 613 1015 piose
644 954 825 1015 potest
849 946 1032 1001 dicere
1064 948 1186 1019 plus
1224 949 1430 1019 aliquid
1465 949 1696 1009 ohtinet,
1730 963 1905 1018 neque
1940 948 2045 1001 mi-

460 1053 585 1101 nus,
617 1040 707 1108 qui
740 1055 915 1109 pauca
941 1041 1206 1095 duntaxat
1238 1042 1421 1112 eloqui
1453 1049 1649 1112 potest.
1673 1040 1831 1107 Quod
1862 1047 2045 1093 autem

460 1132 848 1201 plusminusve
881 1135 1130 1189 nonnulli
1160 1135 1525 1205 intelligentia
1566 1149 1628 1188 ac
1657 1134 1887 1191 scientia
1917 1149 2049 1189 con-

461 1233 806 1294 sequantur,
836 1227 973 1282 nihil
1021 1228 1125 1282 hoc
1176 1228 1243 1281 ad
1293 1226 1692 1282 immutandam
1739 1224 2045 1279 doctrinam

462 1319 697 1387 pertinet
728 1335 740 1371 :
777 1336 956 1390 neque
987 1321 1194 1377 idcirco
1222 1320 1390 1375 Deum
1427 1320 1595 1373 alium
1625 1328 1822 1387 prmter
1855 1318 2048 1372 condi-

461 1417 634 1465 torem
648 1410 985 1479 excogitant,
1004 1419 1166 1481 atque
1185 1412 1347 1481 hujus
1365 1409 1741 1464 universitatis
1759 1408 2046 1470 artiticem,

461 1512 515 1557 et
537 1502 787 1565 altorem,
817 1503 976 1571 quasi
1017 1504 1242 1558 minime
1292 1504 1402 1558 sint
1431 1502 1606 1557 altero
1638 1502 1731 1554 illo
1761 1501 2004 1556 contenti
2034 1516 2047 1565 ;

462 1610 643 1665 neque
672 1609 838 1664 porro
870 1592 1220 1666 Unigenitum
1252 1595 1442 1650 alium.

530 1686 723 1753 Sedin
754 1686 805 1740 id
833 1685 1101 1741 duntaxat
1143 1686 1359 1741 illorum
1403 1687 1651 1742 elaborat
1671 1684 1963 1746 industria,
1994 1692 2054 1737 ut

460 1794 587 1849 qua:
607 1779 954 1850 :cnigmatum
986 1779 1314 1850 quibusdam
1342 1780 1642 1835 involucris
1663 1779 1878 1834 obtecta
1903 1785 2052 1845 sunt,

2150 585 2502 656 Ἐκκλησίαις
2531 588 2889 657 προεστώτων
2938 584 3101 653 ἕτερα
3137 582 3343 637 τούτων
3378 583 3530 653 ἐρεῖ·
3563 580 3731 644 οὐδεὶς

2149 684 2259 753 γὰρ
2288 683 2430 753 ὑπὲρ
2459 682 2551 735 τὸν
2578 681 2935 735 διδάσκαλον·
2966 679 3087 733 οὔτε
3110 682 3139 733 ό
3164 679 3395 750 ἀσθενὴς
3415 675 3573 746 ἐντῷ
3595 660 3734 746 λόγῴ

2148 774 2441 827 ἐλαττώσει
2489 774 2588 843 τὴν
2623 773 2923 843 παράδοσιν
2947 790 2961 802 ·
3003 773 3130 841 μιᾶς
3158 770 3269 841 γὰρ
3298 768 3395 822 καὶ
3433 767 3535 838 τῆς
3568 766 3733 835 αὐτῆς

2150 869 2387 931 πίστεως
2431 866 2617 938 οὔσης,
2648 866 2769 920 οὔτε
2814 867 2843 919 6
2881 864 3016 919 πολὺ
3060 864 3188 933 περὶ
3229 861 3400 931 αὐτῆς
3438 859 3735 930 δυνάμενος

2151 964 2329 1015 εἰπεῖν
2370 961 2716 1025 ἐπλεόνασεν,
2766 956 2889 1012 οὔτε
2927 959 2957 1011 6
2987 957 3048 1009 τὸ
3070 938 3247 1024 ὸλίγον
3271 952 3630 1022 ἡλαττάνησε.
3665 950 3734 1003 Τὸ

2150 1054 2208 1107 δὲ
2249 1053 2434 1106 πλεῖον
2465 1052 2498 1123 ἢ
2533 1050 2751 1104 ἔλαττον
2782 1048 2925 1103 κατὰ
2971 1046 3189 1101 σύνεσιν
3218 1044 3415 1098 είδέναι
3446 1043 3606 1106 τινὰς
3638 1041 3736 1095 οὐκ

2153 1149 2211 1200 ἐν
2257 1145 2335 1216 τῷ
2390 1145 2491 1216 τὴν
2545 1143 2803 1197 ὑπόθεσιν
2852 1140 3021 1211 αὐτὴν
3054 1139 3342 1193 ἀλλάσσειν
3370 1137 3607 1205 γίνεται.
3643 1134 3736 1188 καὶ

2151 1238 2309 1293 ἄλλον
2367 1236 2501 1289 Θεὸν
2540 1234 2891 1304 παρεπινοεῖν
2921 1230 3073 1302 παρά
3113 1229 3205 1283 τὸν
3248 1226 3605 1298 δημιουργὸν,
3644 1223 3737 1277 καὶ

2153 1331 2402 1403 ποιητὴν,
2432 1329 2525 1383 καὶ
2548 1327 2753 1399 τροφέα
2780 1326 2933 1379 τοῦδε
2964 1324 3057 1378 τοῦ
3080 1322 3299 1386 παντὸς,
3323 1321 3399 1384 ὡς
3429 1319 3507 1391 μὴ
3536 1320 3738 1389 ἀρκου-

2157 1425 2349 1495 μένους
2403 1421 2627 1484 τούτους
2651 1419 2689 1485 ⁸,
2723 1418 2755 1491 ἢ
2790 1418 2947 1472 ἄλλον
2992 1415 3248 1489 Χριστὸν,
3281 1412 3315 1468 ἢ
3363 1411 3525 1467 ἄλλον
3574 1411 3740 1465 Μονο-

2151 1532 2303 1585 γενη.

2223 1695 2383 1749 Ἀλλὰ
2411 1696 2469 1748 ἐν
2494 1693 2572 1765 τῷ
2620 1693 2691 1748 τά
2720 1694 2819 1747 ὅσα
2849 1692 2908 1744 ἐν
2936 1688 3276 1761 παραϐολαῖς
3317 1686 3539 1757 εἴρηται
3571 1698 3737 1752 προσ-

2156 1785 2575 1857 επεργάζεσθαι,
2600 1786 2695 1839 καὶ
2726 1782 2958 1838 οἰκειοῦν
2974 1784 3039 1852 τῇ
3073 1781 3170 1850 τῆς
3191 1777 3425 1840 πίστεως
3458 1772 3732 1828 ὑποθέσειο

463 1872 773 1942 exspoliant
803 1881 965 1943 atque
984 1873 1352 1943 explicent,et
1385 1873 1453 1928 ad
1483 1872 1792 1928 communis
1821 1871 1942 1926 fidei
1970 1871 2053 1923 in-

2161 1851 2339 1933 καὶέν
2369 1877 2448 1949 τῷ
2480 1878 2580 1949 τήν
2635 1894 2694 1930 τε
2744 1874 3123 1948 πραγματείαν
3156 1871 3249 1925 καὶ
3287 1867 3603 1937 οἰκονομίαν
3640 1863 3736 1917 τοῦ

465 1963 715 2018 stitutum
742 1964 1192 2030 accommodent;
1222 1965 1337 2019 sive
1363 1973 1424 2019 ut
1451 1963 1611 2034 203
1647 1963 1892 2017 divinum
1915 1960 2048 2016 illud

463 2057 517 2110 in
550 2056 833 2111 hominum
893 2058 1070 2113 salute
1100 2057 1446 2127 procuranda
1482 2057 1785 2127 negotium,
1814 2054 2052 2109 admini-

463 2150 898 2221 strationemque
947 2165 1166 2206 omnem
1198 2161 1506 2221 exponant;
1550 2150 1715 2219 idque
1756 2150 1934 2220 ipsum
1958 2150 2051 2203 de-

461 2242 694 2306 clarent,
718 2240 991 2310 quomodo
1041 2239 1190 2294 illam
1225 2239 1508 2295 rebellium
1555 2240 1848 2310 spirituum
1900 2238 2052 2293 dele-

463 2334 700 2387 ctionem
766 2332 1165 2402 hominumque
1221 2332 1629 2387 contumaciam
1658 2330 1801 2387 Deus
1842 2334 2052 2400 patien-

463 2423 677 2478 tissime
705 2423 892 2479 tulerit
922 2440 937 2487 ;
972 2422 1104 2493 quid
1143 2438 1326 2478 causze
1362 2424 1456 2491 sit,
1489 2438 1590 2478 cur
1624 2439 1770 2478 unus
1800 2422 2053 2493 idemque

464 2512 610 2570 Deus
664 2515 771 2568 alia
835 2513 1211 2584 temporaria,
1273 2514 1381 2567 alia
1436 2514 1772 2584 sempiterna
1826 2513 2048 2568 leceiit:

465 2605 705 2676 itemque
758 2606 1004 2661 cmlestia
1047 2605 1321 2676 quaedam,
1375 2605 1482 2660 alia
1537 2616 1799 2671 terrena;
1835 2620 1935 2659 cur
1960 2604 2052 2674 qui

465 2698 644 2751 oculis
687 2697 859 2767 aspici
914 2697 1127 2767 nequit,
1159 2697 1444 2767 prophetis
1474 2711 1584 2751 non
1620 2711 1727 2750 una
1760 2696 1943 2766 specie
1971 2695 2053 2748 vi-

464 2789 700 2844 sendum
727 2803 786 2843 se
815 2789 1131 2859 praebuerit,
1149 2787 1244 2843 sed
1272 2790 1395 2844 aliis
1425 2789 1534 2844 alio
1559 2788 1720 2843 modo
1749 2802 1871 2858 quae
1897 2788 2055 2841 vellet

466 2880 875 2952 signiﬁcaverit.
904 2880 1016 2936 Cur
1047 2879 1397 2936 Testamenta
1420 2881 1575 2950 plura
1606 2881 1715 2934 sint
1739 2878 2054 2933 hominibus

464 2971 710 3034 condita,
750 2986 939 3041 qureve
986 2969 1276 3039 utriusque
1326 2977 1471 3024 notae
1525 2985 1589 3024 ac
1617 2968 1837 3039 propria
1886 2968 2051 3022 veluti

466 3064 796 3118 lineamenta
819 3063 949 3119 sint.
974 3060 1042 3116 Ut
1071 3060 1204 3115 illud
1223 3061 1387 3115 etiam
1421 3060 1725 3131 inquirant,
1745 3076 1843 3115 cur
1869 3059 2054 3115 omnia

2151 1968 2288 2022 Θεοῦ
2317 1968 2414 2039 τὴν
2435 1967 2528 2022 ἐπὶ
2546 1971 2612 2038 τῇ
2640 1964 3020 2037 ἀνθρωπότητι
3033 1962 3324 2033 γινομένην
3342 1955 3735 2026 ἐκδιηγεῖσθαι,

2153 2063 2249 2116 καὶ
2275 2062 2357 2114 ὅτι
2395 2059 2854 2132 ἐμακροθύμησεν
2890 2060 2920 2113 6
2951 2057 3082 2120 Θεὸς
3116 2054 3207 2107 ἐπί
3234 2070 3295 2106 τε
3327 2055 3396 2124 τῇ
3418 2051 3529 2104 τῶν
3560 2066 3733 2120 παρα-

2154 2153 2468 2225 ϐεϐηκότων
2508 2152 2759 2222 ἀγγέλων
2785 2148 3111 2217 ἀποστασία,
3143 2146 3238 2201 καὶ
3268 2148 3360 2198 ἐπὶ
3387 2146 3453 2215 τῇ
3482 2146 3734 2215 παρακοῇ

2153 2246 2263 2301 τῶν
2317 2244 2619 2317 ἀνθρώπων
2649 2243 2994 2315 σαφηνίζειν·
3024 2239 3120 2293 καὶ
3151 2238 3238 2291 διὰ
3258 2237 3311 2290 τί
3338 2236 3408 2289 τὰ
3439 2235 3540 2307 μὲν
3568 2234 3732 2304 πρόσο

2157 2357 2345 2410 γαιρα,
2377 2339 2447 2391 τὰ
2484 2338 2541 2391 δὲ
2582 2336 2792 2400 αἰώνια,
2829 2334 2924 2388 καὶ
2950 2332 3020 2386 τά
3054 2332 3153 2403 μὲν
3184 2328 3432 2400 οὐράνια,
3465 2328 3562 2381 καὶ
3581 2326 3650 2379 τά
3676 2323 3733 2377 δέ

2156 2433 2373 2502 ἐπίγεια
2396 2425 2475 2494 εἷς
2502 2432 2596 2485 καὶ
2620 2432 2648 2483 6
2675 2429 2836 2491 αὐτὸς
2856 2426 2988 2490 Θεὸς
3011 2423 3330 2495 πεποίηκεν,
3347 2417 3732 2487 ἀπαγγέλλειν

2154 2527 2251 2581 καὶ
2276 2525 2366 2579 διὰ
2393 2524 2445 2578 τί
2479 2525 2710 2594 ἀόρατος
2736 2520 2813 2574 ὢν
2846 2520 3019 2590 ἐφάνη
3051 2520 3165 2580 τοῖς
3186 2514 3493 2586 προφήταις
3519 2511 3549 2564 6
3579 2509 3734 2573 Θεὸς.

2153 2618 2253 2670 οὐκ
2285 2618 2343 2669 ἐν
2370 2615 2469 2685 μιᾷ
2501 2614 2630 2684 ἰδέᾳ,
2656 2611 2790 2665 ἀλλά
2815 2609 2988 2672 ἄλλως
3035 2606 3234 2670 ἄλλοις,
3263 2606 3486 2658 συνιεῖν’
3516 2603 3613 2655 καὶ
3647 2599 3738 2654 διὰ

2154 2710 2207 2764 τί
2239 2708 2501 2780 Διαθῆκαι
2541 2705 2758 2769 πλείους
2796 2703 3049 2772 γεγόνασι
3092 2702 3161 2770 τῇ
3198 2697 3598 2769 ἀνθρωπότητι,
3642 2712 3743 2764 μη-

2155 2799 2323 2858 νύειν,
2369 2798 2465 2852 καὶ
2496 2796 2580 2859 τίς
2628 2795 2867 2863 ἑκάστης
2892 2791 3001 2844 τῶν
3047 2786 3331 2859 Διαθηκῶν
3359 2788 3389 2839 6
3427 2782 3733 2856 χαρακτὴρ,

2154 2891 2429 2946 διδάσκειν
2446 2906 2461 2922 ο
2499 2887 2597 2943 καὶ
2619 2886 2707 2941 διὰ
2732 2886 2784 2939 τί
2813 2883 3121 2938 συνέκλεισε
3147 2880 3325 2934 πάντα
3350 2881 3431 2943 είς
3454 2877 3734 2932 ἀπείθειαν

2155 2984 2184 3038 6
2208 2981 2362 3046 Θεὸς,
2392 2980 2479 3032 ἵνα
2527 2979 2654 3040 τοὺς
2701 2976 2910 3057 πάντας
2936 2974 3155 3044 ἐλεήσῃ,
3183 2970 3493 3042 ἐξερευνᾷν,
3522 2969 3618 3021 καὶ
3652 2966 3737 3019 διὰ

2155 3074 2209 3127 τί
2236 3075 2265 3127 6
2312 3072 2485 3140 Λόγος
2516 3069 2611 3123 τοῦ
2643 3066 2781 3122 Θεοῦ
2831 3067 2965 3138 σάρξ
3002 3065 3237 3133 ἐγένετο,
3269 3063 3365 3116 καὶ
3391 3058 3617 3119 ἔπαθεν.
3647 3058 3736 3110 £6-

469 3154 614 3211 Deus
682 3154 1058 3226 perduellione
1109 3152 1469 3214 concluserit,
1502 3160 1563 3206 ut
1604 3151 1852 3205 omnium
1889 3150 2054 3205 mise-

2161 3164 2461 3234 χαριστεῖν·
2526 3160 2617 3215 καὶ
2665 3158 2756 3213 διὰ
2789 3159 2842 3211 τί
2895 3157 2981 3243 ἐπ’
3030 3155 3273 3225 ἐσχάτων
3310 3150 3419 3206 τῶν
3461 3147 3738 3220 καιρῶνμή

469 3248 574 3302 reri
602 3250 808 3318 posset;
833 3255 998 3318 atque
1026 3247 1098 3301 ob
1141 3246 1193 3300 id
1231 3246 1456 3314 insuper
1469 3244 1676 3316 gratias
1697 3250 1880 3313 agant,
1911 3241 2057 3312 quod

472 3336 707 3392 Verbum
734 3336 828 3391 Dei
860 3352 989 3391 caro
1014 3336 1239 3399 factum,
1263 3350 1328 3389 ac
1359 3333 1634 3405 supplicio
1658 3338 1743 3388 est
1765 3332 2056 3387 allectum:

469 3428 604 3483 illud
640 3428 807 3483 etiam
830 3424 1162 3492 edisserant,
1184 3441 1285 3481 cur
1309 3426 1362 3479 in
1393 3435 1639 3480 extrema
1670 3431 1915 3493 tempora
1934 3420 2059 3476 Filii

470 3520 566 3576 Dei
630 3520 899 3575 adventus
930 3519 1208 3581 inciderit,
1245 3518 1349 3572 hoc
1398 3524 1484 3572 est
1528 3531 1629 3571 cur
1658 3516 1907 3569 omnium
1939 3528 2060 3569 sese

473 3611 809 3681 Principium
861 3612 917 3664 in
978 3610 1085 3666 line
1142 3609 1470 3680 prodiderit.
1511 3608 1593 3664 Ad
1623 3608 1738 3662 hinc
1769 3608 1837 3663 de
1868 3606 2058 3662 mundi

469 3704 641 3769 exitu,
672 3703 981 3774 futurisque
1004 3702 1171 3758 rebus
1208 3716 1550 3774 quaecunque
1581 3700 1754 3756 sacris
1777 3701 2058 3770 reperiun-

472 3807 565 3853 tur
595 3797 648 3852 in
675 3796 1207 3864 Libris,excutiant;
1236 3812 1337 3853 nec
1372 3796 1507 3851 illud
1542 3802 1782 3861 taceant,
1810 3810 1911 3851 cur
1963 3796 2060 3852 de-

470 3895 705 3959 speratae
728 3888 880 3958 prius
895 3894 1088 3959 gentes
1117 3888 1170 3942 in
1204 3888 1346 3943 idem
1378 3902 1502 3942 cum
1533 3888 1740 3943 sanctis
1764 3888 1858 3957 jus
1889 3886 2060 3943 haere-

470 3976 683 4041 ditatis,
708 3992 772 4031 ac
796 3977 967 4031 veluti
1000 3992 1203 4048 corpus
1228 3985 1283 4033 et
1304 3978 1623 4033 societatem
1656 3993 1687 4031 a
1716 3976 1828 4032 Deo
1857 3976 2061 4032 fuerint

471 4070 679 4123 ascita.
714 4068 819 4135 Qui
858 4068 977 4123 fieri
1013 4070 1207 4139 possit,
1245 4078 1306 4124 ut
1338 4069 1588 4123 mortalis
1618 4069 1725 4122 ista
1759 4068 2060 4123 caruncula

476 4163 941 4217 immortalitatem
973 4170 1027 4217 et
1061 4163 1477 4234 incorruptihiIe
1530 4162 1634 4217 hoc
1686 4162 2060 4232 incorruptio-

474 4271 594 4311 nem
618 4255 811 4310 induat
841 4273 855 4322 ;
890 4263 985 4310 aut
1014 4240 1479 4325 quemadmodum
1511 4256 1763 4311 dicturus
1785 4255 1895 4310 sit:
1933 4253 2061 4308 Non

469 4348 691 4417 populus
723 4348 950 4416 populus
980 4349 1103 4411 erit,
1145 4360 1194 4404 et
1232 4366 1335 4404 non
1369 4347 1587 4413 dilecta,
1613 4348 1808 4402 dilecta
1842 4350 1883 4414 ¹;
1923 4363 2062 4417 quo-

469 4441 635 4495 modo
663 4440 842 4510 plures
860 4440 1101 4505 desertas,
1130 4458 1287 4511 quam
1315 4442 1487 4517 virum
1507 4440 1745 4495 habentis
1762 4441 1865 4495 sint
1889 4441 1992 4509 ﬁlii
2014 4442 2056 4495 ².

2164 3253 2435 3325 παρουσία
2464 3251 2557 3305 τοῦ
2587 3250 2716 3304 Υἱοῦ
2751 3248 2844 3303 τοῦ
2887 3230 3045 3312 Θεόὖ,
3075 3245 3353 3300 τουτέστιν
3378 3246 3439 3298 ἐν
3471 3242 3551 3313 τῷ
3573 3241 3736 3302 τέλει,

2162 3346 2333 3417 ἐφάνη
2363 3346 2395 3415 ἠ
2419 3344 2560 3415 ἀρχὴ
2576 3345 2617 3408 ⁸,
2635 3340 2997 3410 ἀπαγγέλλειν
3016 3339 3139 3393 ’καὶ
3166 3337 3297 3407 περὶ
3315 3334 3412 3389 τοῦ
3440 3335 3628 3398 τέλους
3648 3333 3739 3387 καὶ

2162 3437 2270 3490 τῶν
2302 3435 2624 3507 μελλόντων,
2645 3434 2746 3486 ὅσα
2779 3448 2837 3484 τε
2870 3432 3047 3484 κεῖται
3076 3430 3133 3482 ἐν
3167 3428 3287 3490 ταῖς
3318 3425 3582 3497 Γραφαῖς,
3614 3424 3735 3477 ἀνα-

2162 3527 2424 3579 πτύσσειν
2450 3541 2465 3555 ο
2495 3524 2590 3577 καὶ
2618 3523 2671 3576 τί
2699 3523 2782 3575 δτι
2806 3521 2874 3575 τὰ
2904 3517 3304 3587 ἀπεγνωσμένα
3340 3515 3468 3586 ἔθνη
3505 3512 3736 3582 συγκληο

2167 3618 2369 3693 ρονόμα
2399 3617 2494 3672 καὶ
2521 3615 2803 3685 σύσσωμα,
2836 3612 2931 3668 καὶ
2969 3609 3285 3683 συμμέτοχα
3311 3607 3421 3662 τῶν
3446 3608 3618 3676 ἁγίων
3646 3622 3735 3657 πε-

2164 3711 2391 3782 ποίηκεν
2416 3712 2444 3763 6
2467 3708 2621 3772 Θεὸς,
2652 3707 2727 3779 μὴ
2759 3708 2971 3776 σιωπᾷν
2986 3722 3000 3735 ο
3032 3704 3125 3758 καὶ
3146 3702 3262 3766 πῶς
3281 3701 3343 3755 τὸ
3370 3701 3565 3769 θνητὸν
3587 3698 3739 3751 τοῦτο

2166 3805 2388 3877 σαρκίον
2410 3802 2688 3857 ἐνδύσεται
2720 3799 3038 3863 ἀθανασίαν,
3063 3797 3157 3851 καὶ
3186 3795 3246 3849 τὸ
3272 3793 3510 3866 φθαρτὸν
3534 3791 3739 3862 ἀφθαρ-

2165 3897 2303 3961 σίαν,
2332 3893 2696 3965 διαγγέλλειν·
2715 3892 2833 3956 πῶς
2865 3908 2924 3944 τε
2946 3892 3080 3961 ἐρεῖ,
3113 3889 3163 3941 Ὀ
3192 3883 3612 3952 οὑλαὸςλαὸς,
3645 3882 3739 3937 καὶ

2161 3987 2202 4054 ἢ
2230 3987 2341 4040 οὐκ
2362 3983 2719 4054 ἠγαπημένη
2758 3980 3149 4052 ἠγαπημένη*
3183 3979 3278 4032 καὶ
3329 3978 3448 4040 πῶς
3492 3976 3740 4029 πλείονα

2161 4076 2276 4143 τῆς
2322 4074 2547 4146 ἐρήμου
2573 4076 2645 4129 τὰ
2666 4073 2849 4127 τέκνα
2866 4070 3106 4141 μᾶλλον
3142 4069 3181 4137 ἢ
3229 4068 3339 4136 τῆς
3354 4068 3623 4137 ἐχούσης
3642 4066 3742 4119 τὸν

2164 4169 2371 4236 ἄνδρα,
2392 4186 2463 4239 κη
2472 4168 2536 4240 ρύ
2544 4184 2712 4221 σσειν,
2729 4165 2854 4220 Ἐπὶ
2871 4164 3073 4217 τούτων
3089 4163 3200 4235 γάρ
3211 4161 3304 4214 καὶ
3317 4161 3408 4213 ἐπὶ
3426 4158 3531 4213 τῶν
3548 4158 3742 4230 ὁμοίων

2164 4262 2348 4326 αὐτοῖς
2388 4260 2686 4331 ἐπεϐόησεν
2722 4262 2752 4313 ό
2791 4259 3111 4320 Ἀπόστολος
3136 4273 3151 4288 ⁸
3182 4254 3453 4321 Ὧβὰθος
3480 4252 3744 4306 πλούτου

2165 4354 2261 4408 καὶ
2291 4356 2515 4424 σοφίας
2543 4353 2641 4407 καὶ
2681 4351 2957 4423 γνώσεως
2987 4350 3136 4405 Θεοῦ
3156 4351 3175 4403 !
3206 4351 3286 4415 ὡς
3312 4346 3744 4414 ἀνεξερεύνητο

2166 4447 2236 4501 τὰ
2252 4450 2506 4517 κρίματα
2526 4447 2735 4514 αὑτοῦ,
2780 4446 2881 4500 καί
2922 4444 3372 4513 ἀνεξιχνίαστοι
3405 4442 3465 4493 αἱ
3495 4437 3627 4493 ὁδοὶ
3650 4439 3752 4490 au—

472 4529 607 4584 Nam
653 4533 721 4588 de
778 4533 865 4586 his
904 4546 969 4585 ac
998 4532 1275 4588 similibus
1315 4534 1590 4587 exclamat
1629 4532 1929 4601 Apostolus
1964 4552 1977 4586 :
2016 4531 2054 4588 Ο

2166 4539 2294 4593 τοῦ.
2329 4538 2493 4592 Ἀλλά
2522 4539 2622 4591 οὐκ
2649 4540 2705 4591 ἐν
2727 4537 2803 4609 τῷ
2834 4535 2974 4606 ὑπὲρ
2993 4534 3086 4588 τὸν
3112 4534 3336 4604 κτίστην
3366 4530 3460 4584 καὶ
3482 4532 3741 4600 Δημιουρ-

473 4620 704 4673 altitudo
756 4620 1066 4673 divitiarum
1114 4637 1176 4674 ac
1235 4622 1531 4689 sapientiaz,
1580 4630 1630 4675 et
1664 4623 1899 4676 scientiae
1929 4619 2062 4676 Dei!

471 4726 632 4780 quam
661 4710 1204 4778 incomprehensibilia
1249 4722 1375 4766 sunt
1412 4711 1625 4781 judicia
1666 4713 1806 4782 ejus,
1848 4724 1897 4768 et
1920 4716 2063 4769 inve-

470 4800 745 4871 sligabiles
773 4804 868 4858 vite
895 4803 1011 4873 ejus
1041 4803 1093 4857 'l
1132 4801 1249 4858 Non
1272 4802 1336 4858 id
1370 4813 1551 4860 autem
1590 4814 1778 4875 agunt,
1808 4816 1871 4862 ut
1895 4822 2061 4879 supra

471 4894 792 4950 Creatorem
843 4909 908 4949 ac
936 4895 1311 4962 Conditorem,
1343 4897 1541 4953 horum
1572 4898 1821 4965 Matrem,
1850 4916 1913 4957 ac
1937 4901 2060 4972 vagi

472 4986 673 5044 JEonis
699 4987 1095 5059 Cogitationem
1129 4992 1268 5046 male
1304 4992 1821 5058 comminiscentur,
1857 5008 1922 5049 ac
1952 5002 2061 5048 tam

2166 4631 2263 4700 γὸν
2294 4632 2522 4703 Μητέρα
2549 4632 2755 4685 τούτων
2788 4632 2832 4695 ⁵,
2862 4630 2958 4684 καὶ
2985 4626 3150 4682 αὑτοῦ
3178 4623 3510 4694 Ἐνθύμησιν
3549 4619 3745 4679 Αἱῶνος

2170 4723 2589 4795 πεπλανημένον
2636 4724 3013 4795 παρεπινοεῖν,
3068 4720 3163 4774 καὶ
3192 4718 3271 4781 είς
3316 4714 3573 4768 τοσοῦτον
3596 4713 3754 4783 ἣκειν

2171 4813 2524 4885 βλασφημίας
2543 4828 2561 4846 ο
2589 4812 2712 4866 οὐδὲ
2740 4814 2801 4867 τὸ
2847 4812 2988 4884 ὑπὲρ
3020 4811 3223 4880 ταύτην
3260 4806 3421 4861 πάλιν
3452 4803 3754 4875 Πλήρωμαν

2165 4903 2227 4956 τὸ
2269 4905 2366 4975 μὲν
2403 4904 2500 4958 ἕνα
2550 4903 2593 4967 ⁷,
2639 4902 2734 4957 νῦν
2767 4902 2825 4955 δὲ
2859 4898 3164 4972 ἀνήριθμον
3189 4895 3354 4967 φῦλον
3386 4892 3610 4946 Attiiva
3641 4890 3756 4941 ἐπι-

2165 4995 2479 5071 ψεύδεσθᾳι,
2514 4993 2696 5055 καθὼς
2751 4993 3002 5063 λέγουσιν
3046 4986 3192 5044 οὗτοι
3224 4989 3275 5041 οἱ
3321 4982 3537 5055 ἀληθῶς
3561 4981 3752 5071 ἔρημοι

472 5078 745 5150 insignem
782 5078 895 5135 Deo
926 5082 1336 5137 contumeliam
1375 5081 1611 5148 faciant;
1655 5099 1837 5154 neque
1865 5093 1923 5140 ut
1951 5084 2054 5142 Ple

2165 5087 2318 5151 θείας
2363 5086 2637 5150 συνέσεως
2679 5084 3025 5146 διδάσκαλοι,
3070 5082 3171 5151 τῆς
3218 5077 3386 5148 οὔσης
3427 5070 3754 5141 Ἐκκλησίας

478 5184 629 5223 roma
666 5172 856 5227 nescio
883 5171 1028 5241 quod
1068 5172 1160 5225 illa
1196 5174 1452 5243 superius
1484 5175 1647 5230 modo
1669 5190 1776 5230 xu
1797 5175 2054 5231 duntaxat

2168 5179 2352 5249 πάσης
2380 5178 2509 5249 μίαν
2545 5178 2641 5232 καὶ
2665 5177 2764 5249 τὴν
2800 5176 2970 5246 αὐτὴν
2993 5174 3178 5226 πίστιν
3211 5169 3441 5241 ἐχούσης
3470 5166 3551 5227 εἰς
3580 5162 3755 5217 πάντι

476 5260 745 5321 Ᾱζοηὶῢιιε
790 5264 1077 5329 deliniant,
1118 5264 1283 5320 modo
1313 5265 1583 5319 intlnitam
1625 5266 1845 5320 illorum
1883 5268 2060 5321 natio-

2168 5270 2260 5323 τὸν
2287 5272 2511 5341 κόσμον,
2541 5268 2724 5333 καθὼς
2754 5268 3095 5340 προέφαμεν.

481 5372 603 5412 nem
637 5362 997 5426 constituant,
1034 5370 1093 5415 ut
1119 5361 1322 5431 egregii
1374 5363 1451 5417 illi
1486 5362 1739 5433 magistri
1783 5377 1848 5417 ac
1871 5362 2058 5419 divina
2100 5366 2262 5436 plane
2294 5369 2524 5425 scientia
2551 5367 2798 5424 destituti
2823 5365 3035 5420 faciunt
3073 5379 3086 5413 :
3131 5377 3255 5417 cum
3288 5373 3396 5413 una
3461 5354 3750 5421 eademque

481 5447 574 5511 sit,
607 5456 665 5501 ut
705 5450 967 5517 diximus,
1004 5460 1121 5507 toto
1155 5452 1289 5507 orbe
1306 5468 1579 5521 germana-
1613 5452 1874 5508 Ecclesiae
1910 5452 2062 5509 ﬁdes.

551 5534 769 5591 XXXII.
832 5543 944 5610 Age
1005 5558 1134 5598 vero
1185 5543 1466 5599 videamus
1519 5544 1684 5599 modo
1736 5552 1941 5616 quanta
1986 5548 2059 5602 sit

2239 5547 2363 5600 AB'.
2401 5546 2632 5617 Ἴδωμεν
2663 5544 2759 5599 νῦν
2792 5543 2886 5598 καὶ
2911 5542 3010 5612 τὴν
3044 5540 3247 5594 τούτων
3276 5538 3507 5593 ἄστατον
3533 5530 3747 5603 γνώμην

518 5738 525 5743 -
562 5783 572 5797 ἢ
603 5709 811 5797 Οξοιι,
844 5713 1029 5797 1ρ.ῃ²
1061 5717 1165 5797 lsa.
1207 5733 1317 5797 τιν,
1352 5717 1402 5772 1.
1482 5720 1502 5797 ξ
1535 5718 1695 5774 Rom.
1725 5737 1803 5787 xv,
1830 5721 1919 5777 '55.
1999 5722 2021 5756 ⁸

2161 5742 2180 5778 ⁸ο
2209 5722 2403 5797 τούτῳ.
2482 5726 2502 5757 ⁵
2544 5722 2683 5780 lren.
2718 5723 2812 5777 καὶ
2845 5722 2944 5776 οὐκ
2978 5720 3035 5772 ὲν
3065 5718 3229 5791 ἀρχῇ.
3309 5715 3328 5746 ⁶
3359 5714 3497 5770 lren.
3536 5710 3714 5765 τούτου

491 5783 582 5838 καί
619 5779 817 5835 αὐτῶν.
890 5785 908 5814 ⁷
947 5784 1071 5841 For.
1107 5787 1226 5839 τότε
1264 5789 1358 5856 μὲν
1381 5790 1723 5859 τρεάκοντα.“
