3982 6428
238 408 347 466 557

990 408 1362 465 ADVERSUS
1401 410 1745 469 IUERESES
1786 415 1917 472 LIB.
1954 415 1996 473 I.
2039 417 2203 473 ΤΟΜ.
2246 416 2395 473 ll.~—
2440 412 2719 470 Il/ERES.
2753 410 2948 467 XXXI.

3413 410 3519 467 538

237 527 336 583 δύο
362 543 466 581 που
480 525 575 580 καὶ
603 524 771 596 τριῶν
799 522 993 585 ὅντων.
1019 525 1136 591 πῶς
1173 528 1301 597 περὶ
1332 528 1441 581 τῶν
1465 530 1644 584 αὐτῶν
1672 534 1732 585 οὗ
1766 533 1834 588 τὰ

1937 536 2172 591 duorum
2203 537 2287 592 vel
2342 536 2511 591 trium
2549 535 2777 589 istorum
2819 530 3213 594 inconstantia,
3255 537 3420 599 atque
3451 530 3521 585 de

238 617 384 671 αὑτά
414 615 686 684 λέγουσιν,
713 612 847 669 ἀλλά
873 617 987 678 τοῖς
1008 616 1297 687 πράγμασι
1323 620 1549 684 καὶτοῖς
1572 622 1830 694 ὀνόμασιν

238 709 464 762 ἐναντία
505 707 923 776 ἀποφαίνονται.
963 709 1023 761 '0
1077 708 1175 778 μὲν
1204 709 1315 781 γὰρ
1356 711 1569 783 πρῶτος
1603 715 1712 767 ἀπὸ
1733 717 1831 787 τῆς

239 797 546 871 λεγομένης
591 800 903 867 Γνωστικῆς
934 799 1202 870 αἱρέσεως
1231 802 1328 865 τὰς
1359 803 1535 877 ἀρχάς
1579 806 1659 868 εἰς
1700 806 1830 860 ἴδιον

238 892 573 962 χαρακτῆρα
625 891 994 945 διδασκαλείου
1026 892 1042 922 ⁸
1080 892 1433 963 μεθαρμόσας
1485 896 1831 962 Οὐαλεντῖνος

236 982 417 1045 οὕτως
477 982 883 1054 έξηροφόρησεν
924 982 1058 1053 (82),
1098 984 1425 1055 ὁρισάμενος
1462 981 1602 1039 εἶναι
1652 989 1832 1042 Δυάδα

238 1072 635 1142 ἀνονόμαστον,
682 1067 749 1144 ἧς
799 1072 859 1124 τὸ
893 1072 992 1143 μέν
1029 1089 1082 1125 τι
1132 1072 1416 1128 καλεῖσθαι
1448 1077 1741 1148 Ἀῥρητον,
1770 1079 1831 1133 τὸ

237 1164 299 1217 δὲ
330 1164 520 1234 Σιγήν.
549 1166 777 1217 Ἔπειτα
810 1165 874 1218 ὲκ
903 1163 1107 1236 ταύτης
1132 1164 1334 1229 Δυάόος
1362 1167 1627 1241 δευτέραν
1653 1171 1832 1225 Δυάδα

242 1256 674 1329 προϐεϐλῆσθαι,
707 1253 776 1337 ᾗς
803 1258 865 1310 τὸ
906 1258 1004 1328 μέν
1037 1276 1088 1311 τι
1129 1260 1352 1330 Πατέρα
1382 1261 1657 1332 ὀνομάζει,
1686 1263 1749 1317 τὸ
1775 1263 1831 1317 δὲ

240 1349 551 1421 Ἀλήθειαν.
585 1351 682 1403 Ἐκ
725 1351 783 1404 δὲ
837 1350 936 1420 τῆς
983 1351 1249 1422 Τετρὰδος
1297 1354 1500 1423 ταύτης
1549 1373 1831 1427 καρποφο-

244 1441 461 1511 ρεῖσθαι
495 1441 667 1511 Λόγον
692 1441 784 1495 καὶ
807 1440 981 1511 Ζωὴν,
1010 1442 1330 1513 Ἄνθρωπον
1352 1443 1447 1497 καὶ
1480 1446 1828 1518 Ἐκκλησίαν.

242 1531 401 1587 Εἶναί
437 1552 497 1587 τε
532 1533 731 1604 ταύτην
766 1534 1024 1602 Ὀγδοάδα
1057 1534 1301 1606 πρώτην.
1331 1537 1442 1590 Καὶ
1474 1539 1581 1591 ἀπὸ
1609 1538 1709 1608 μὲν
1735 1539 1830 1593 τοῦ

241 1626 423 1694 Λόγου
448 1626 662 1696 καὶτῆς
695 1627 848 1696 Ζωῆς
876 1627 1007 1680 δέκα
1049 1628 1305 1698 δυνάμεις
1337 1629 1487 1698 λέγει
1522 1630 1830 1703 προϐεϐλῆ-

241 1721 390 1785 σθαι,
422 1714 605 1785 καθὼς
655 1723 1065 1793 προειρήκαμεν
1091 1740 1106 1754 ’
1142 1723 1251 1776 ἀπὸ
1283 1724 1341 1777 δὲ
1379 1724 1473 1777 τοῦ
1514 1724 1829 1795 Ἀνθρώπου

236 1813 340 1864 καὶ
371 1811 473 1881 τῆς
506 1809 836 1884 Ἐκκλησίας
864 1812 1091 1879 δώδεκα,
1123 1807 1198 1869 ὧν
1230 1814 1358 1886 μίαν
1390 1818 1705 1870 ἀποστᾶσαν
1732 1816 1831 1889 τὴν

1934 626 2125 682 iisdem
2173 640 2283 680 non
2313 625 2502 682 eadem
2550 623 2945 693 pronuntient;
2982 621 3075 677 sed
3105 628 3159 677 et
3194 620 3358 675 rebus
3383 620 3520 690 ipsis

1931 725 1986 774 et
2013 719 2296 774 vocabulis
2341 733 2371 772 a
2403 732 2462 774 se
2511 716 2745 771 invicem
2788 714 3144 774 dissentiant.
3181 712 3396 767 Etenim
3421 714 3517 785 qui

1931 825 1964 866 a
2013 810 2397 867 Gnosticorum
2449 806 2642 862 haeresi
2686 805 3006 875 deprompta
3060 803 3225 875 204
3271 802 3519 873 quadam

1932 902 2089 958 initia
2115 903 2325 972 primus
2349 897 2643 971 peculiaris
2668 895 2735 950 ad
2769 902 2932 951 sectae
2952 895 3183 949 formam
3213 892 3517 955 transtulit,

1936 994 2260 1050 Valentinus
2325 993 2400 1047 ita
2448 988 2680 1046 deliniit.
2737 987 3023 1041 Binarium
3056 986 3351 1055 quemdam
3399 984 3520 1040 sine

1930 1086 2155 1141 nomine
2192 1083 2501 1147 constituit,
2529 1096 2594 1135 ex
2621 1080 2857 1133 Arrheto
2896 1085 2952 1134 et
2985 1078 3113 1148 Sige
3149 1083 3517 1132 constantem.

1932 1179 2017 1234 Ab
2049 1178 2152 1234 hoc
2175 1176 2478 1233 secundum
2518 1178 2879 1244 propagatum
2916 1186 3041 1225 esse
3072 1170 3377 1235 Binarium,
3410 1183 3522 1238 quo

1933 1269 2117 1332 Pater,
2151 1283 2216 1323 ac
2268 1266 2486 1322 Veritas
2513 1263 2847 1320 continetur.
2882 1260 3022 1315 Tum
3060 1277 3130 1316 ex
3164 1262 3521 1331 quaternario

1936 1361 2173 1417 Verbum
2230 1369 2285 1417 et
2332 1358 2538 1425 Vitam,
2596 1356 2906 1421 Hominem,
2951 1354 3368 1423 Ecclesiamque
3394 1371 3521 1423 pro-

1931 1452 2101 1508 diisse
2125 1470 2139 1506 :
2172 1451 2315 1506 hanc
2338 1465 2462 1507 esse
2479 1448 2709 1520 primam
2740 1444 3073 1517 Ogdoadem.
3095 1443 3226 1500 Inde
3247 1461 3314 1500 ex
3342 1444 3523 1500 Verbo

1934 1561 1999 1601 ac
2043 1544 2165 1601 Vita
2229 1545 2419 1600 decem
2482 1540 2813 1615 proﬂuxisse
2864 1539 3119 1605 virtutes,
3169 1554 3308 1609 quas
3363 1546 3521 1593 antea

1933 1637 2243 1693 retulimus.
2270 1636 2349 1689 Ab
2379 1634 2610 1689 Ilomine
2633 1641 2687 1688 et
2713 1631 2958 1686 Ecclesia
2991 1629 3317 1696 duodecim;
3344 1644 3373 1682 a
3404 1630 3524 1699 qui-

1933 1728 2039 1784 bus
2078 1743 2186 1782 una
2213 1725 2495 1788 deticiens,
2533 1723 2894 1793 ordinemque
2937 1720 3200 1776 deserens
3246 1720 3521 1790 reliquum

1934 1831 2096 1871 omne
2116 1830 2256 1886 opus
2286 1813 2542 1869 absolvit.
2572 1811 2860 1882 Adjecitet
2885 1810 3065 1867 Horos
3079 1809 3255 1865 duos:
3287 1811 3520 1865 alterum

239 1901 441 1973 λοιπὴν
470 1902 854 1974 πραγματείαν
880 1905 1230 1974 πεποιῆσθαι.
1259 1907 1462 1976 Ὅρους
1492 1925 1548 1961 τε
1591 1908 1685 1961 δύο
1726 1909 1830 1961 ὑπ-

1935 1910 2025 1979 qui
2060 1907 2291 1978 Bythum
2331 1906 2474 1960 inter
2503 1921 2567 1959 ac
2593 1903 2844 1959 Pleroma
2885 1904 3157 1973 reliquum
3209 1902 3522 1968 intercedit,

238 1992 420 2060 έθετο,
453 1994 548 2048 ἕνα
580 1995 677 2066 μὲν
736 1997 939 2066 μεταξὺ
984 1997 1079 2050 τοῦ
1133 1997 1306 2052 Βυθοῦ
1352 2000 1447 2052 καὶ
1500 2000 1594 2053 τοῦ
1638 1999 1827 2056 λοιποῦ

239 2085 637 2156 Πληρώματος,
666 2087 968 2159 διορίζοντα
991 2088 1119 2153 τοὺς
1162 2092 1451 2161 γεννητοὺς
1482 2091 1694 2155 Δίῶνας
1721 2091 1830 2145 ἀπὸ

236 2175 337 2230 τοῦ
382 2178 678 2248 ἀγεννήτου
730 2179 965 2250 Πατρὸς,
1014 2179 1200 2249 ἓτερον
1245 2181 1303 2234 δὲ
1351 2182 1443 2234 τὸν
1501 2182 1829 2254 ἀφορίζοντα

238 2268 396 2340 αὐτῷ
429 2272 449 2302 ⁸
476 2269 573 2341 τὴν
627 2270 859 2342 Μητέρα
899 2272 1008 2325 ἀπὸ
1034 2270 1130 2324 τοῦ
1165 2271 1561 2344 Πληρώματος.
1597 2275 1705 2327 Καὶ
1734 2273 1827 2328 τὸν

235 2359 482 2433 Χριστὸν
507 2361 563 2414 δὲ
595 2362 696 2416 οὐκ
726 2362 835 2416 ἀπὸ
871 2362 979 2416 τῶν
1028 2366 1086 2418 ὲν
1114 2363 1193 2434 τῷ
1241 2364 1578 2437 Πληρώματι
1618 2367 1829 2421 αἰώνων

240 2450 822 2522 προϐεϐλῆσθαι,ἀλλά
854 2440 1092 2523 ὑπὺ’τῆς
1124 2453 1345 2526 Μητρὸς
1387 2453 1491 2521 ἔξω
1527 2456 1830 2527 γενομένης

237 2541 385 2595 κατά
401 2543 504 2615 τὴν
519 2541 745 2615 γνώμην
766 2543 874 2597 τῶν
897 2545 1225 2616 κρειττόνων
1246 2546 1661 2617 ἀποκεκυῆσθαι
1688 2547 1829 2618 μετά

238 2636 405 2698 σκιᾶς
438 2651 602 2698 τινος.
640 2635 749 2689 Καὶ
795 2634 955 2688 τοῦτο
987 2636 1086 2706 μὲν
1133 2635 1227 2690 ἀτε
1275 2639 1481 2711 ἄρρενα
1513 2638 1829 2711 ὑπάρχοντα

238 2726 598 2796 ἀποκόψαντα
622 2728 713 2796 ἀφ’
740 2727 933 2781 ἑαυτοῦ
962 2727 1059 2799 τὴν
1084 2729 1263 2793 σκιὰν,
1299 2730 1635 2803 ἀναδραμεῖν
1659 2732 1741 2794 είς
1766 2731 1829 2784 τὸ

238 2818 530 2889 Πλήρωμα
555 2835 569 2849 ’
608 2819 704 2890 τὴν
746 2819 804 2873 δὲ
855 2820 1087 2892 Μητέρα
1112 2822 1530 2891 ὑπολειφθεῖσαν
1569 2822 1707 2893 μετά
1726 2823 1829 2893 τῆς

242 2914 425 2975 σκιᾶς,
444 2912 826 2982 κεκενωμένην
844 2928 904 2964 τε
926 2912 1026 2978 τῆς
1051 2915 1429 2985 πνευματικῆς
1453 2914 1824 2978 ὑποστάσεως,

236 3006 429 3074 ἓτερον
479 3000 595 3057 υἱὸν
641 3006 1114 3076 προενέγκασθαι·
1156 3007 1251 3060 καὶ
1298 3007 1487 3061 τοῦτον
1547 3002 1687 3060 εἶναι
1735 3007 1828 3060 τὸν

238 3097 609 3169 Δημιουργὸν,
636 3097 695 3151 δν
723 3100 817 3152 καὶ
847 3101 1262 3172 παντοκράτορα
1302 3100 1452 3169 λέγει
1472 3100 1581 3154 τῶν
1602 3101 1827 3154 ὑποκει-

243 3189 427 3258 μένων
474 3190 513 3242 ³.
566 3190 1090 3263 Συμπροϐεϐλῆσθαι
1145 3192 1202 3245 δὲ
1228 3191 1379 3263 αὑτῷ
1417 3192 1509 3246 καὶ⁵
1561 3192 1829 3263 ἀριστονδ

236 3281 482 3351 ἄρχοντα
537 3280 896 3351 ἐδογμάτισεν
924 3284 1127 3354 ὁμοίως
1159 3286 1272 3347 τοῖς
1312 3283 1712 3356 ῥηθησομένοις
1740 3284 1829 3351 ὑφ’

238 3371 402 3441 ἡμῶν
427 3370 795 3443 ψευδωνύμως
823 3373 1170 3438 Γνωστικοῖς.
1209 3375 1320 3426 Kal.
1344 3374 1436 3426 τὸν
1468 3373 1675 3444 Ἰησοῦν
1701 3390 1832 3426 ποτε

241 3464 345 3533 μὲν
364 3462 476 3516 ἀπὸ
494 3465 588 3517 τοῦ
617 3466 970 3529 συσταλέντος
1002 3466 1111 3519 ἀπὸ
1136 3466 1238 3535 τῆς
1256 3467 1479 3539 Μητρὸς
1504 3467 1684 3521 αὐτῶν
1708 3482 1835 3519 συν-

1931 2007 1986 2056 ct
2013 1998 2228 2070 genitos
2289 1996 2495 2052 Aiouas
2525 1997 2595 2051 ab
2624 1995 2867 2066 ingenito
2899 1994 3061 2050 Patre
3095 1995 3329 2060 dirimit;
3387 1996 3523 2050 alte-

1930 2107 2052 2147 rum
2099 2090 2192 2161 qui
2256 2088 2484 2143 Matrem
2546 2088 2767 2141 illorttm
2799 2100 2828 2140 a
2896 2084 3207 2141 Pleromate
3262 2086 3522 2142 secernit.

1930 2184 2211 2240 Christum
2245 2195 2410 2252 porro
2440 2195 2549 2234 non
2586 2195 2616 2233 a
2636 2178 2961 2233 Pleromatis
2988 2176 3262 2233 JEonibus
3293 2178 3522 2241 editum,

1931 2276 2027 2333 sed
2062 2275 2131 2329 ah
2159 2271 2363 2329 extorri
2393 2269 2563 2325 Matre
2582 2284 2649 2325 ex
2683 2269 2972 2324 meliorum
2998 2267 3377 2324 recordatione
3399 2283 3525 2323 cum

1929 2367 2166 2438 quadam
2189 2365 2382 2419 umbra
2414 2369 2783 2435 procreatum.
2812 2360 3206 2431 Eumdemque,
3235 2376 3361 2415 cum
3379 2371 3526 2415 esset

1924 2457 2232 2520 masculus,
2269 2455 2483 2525 abjecta
2509 2471 2538 2509 a
2561 2460 2735 2511 semet
2761 2453 2953 2508 umbra
2973 2453 3040 2506 ad
3066 2451 3319 2508 Pleroma
3346 2466 3532 2507 recur-

1929 2548 2101 2613 risse;
2138 2546 2364 2602 Matrem
2409 2561 2540 2601 vero
2571 2559 2697 2600 cum
2729 2544 2926 2599 umbra
2964 2544 3233 2610 relictam,
3267 2559 3332 2598 ac
3362 2544 3528 2615 spiri-

1929 2641 2023 2695 tali
2051 2637 2362 2695 substantia
2392 2638 2741 2701 exhaustam,
2775 2636 2942 2690 alium
2978 2646 3302 2705 procreasse
3331 2636 3524 2698 lilium,

1928 2729 2183 2784 videlicet
2227 2726 2604 2791 Conditorem,
2649 2726 2735 2781 cui
2787 2726 2843 2780 in
2895 2725 3105 2789 omnia,
3147 2741 3271 2794 quae
3306 2725 3527 2792 quidem

1928 2821 2032 2892 ipsi
2047 2820 2290 2889 subjecta
2314 2829 2462 2883 sunt,
2476 2819 2815 2874 dominatum
2832 2832 2898 2873 ac
2918 2825 3238 2888 potestatem
3257 2817 3527 2872 tribuunt.

1929 2913 2064 2968 Cum
2096 2913 2200 2967 hoc
2231 2921 2285 2967 et
2313 2912 2480 2966 alium
2504 2913 2830 2981 productum
2860 2927 2984 2968 esse
3006 2912 3292 2967 sinistrum
3327 2910 3528 2981 princi-

1930 3019 2052 3075 pem
2077 3004 2379 3059 arbitratus
2401 3011 2485 3058 cst
2505 3020 2519 3055 :
2541 3006 2768 3073 perinde
2801 3004 3124 3058 uthostici
3150 3004 3248 3069 illi,
3285 3003 3422 3058 falso
3453 3003 3529 3056 ita

1931 3097 2087 3161 dicti,
2118 3096 2187 3152 de
2220 3096 2421 3167 quibus
2450 3101 2639 3164 postea
2669 3095 2935 3150 dicemus.
2971 3094 3158 3150 Jesum
3192 3111 3357 3165 porro
3390 3112 3528 3151 non-

1933 3204 2220 3260 nunquam
2279 3204 2310 3242 a
2361 3185 2589 3241 Theleto
2622 3187 2718 3241 illo
2761 3182 3005 3257 genitum
3043 3187 3296 3251 allii-mat,
3333 3187 3426 3257 qui
3460 3187 3534 3242 ab

1936 3284 2181 3355 ipsorum
2211 3281 2381 3336 Matre
2403 3287 2745 3343 contractus,
2776 3293 2995 3348 unaque
3021 3293 3143 3332 cum
3160 3276 3531 3333 Universitate

1937 3378 2200 3450 profusus
2234 3386 2350 3442 est;
2406 3374 2682 3429 interdum
2730 3374 2798 3428 ab
2828 3389 2914 3437 eo,
2949 3373 3040 3443 qui
3088 3388 3148 3427 se
3176 3372 3244 3426 ad
3277 3371 3529 3427 Pleroma

1938 3469 2233 3539 receperit,
2291 3466 2505 3523 scilicet
2560 3464 2807 3520 Christo.
2844 3464 2997 3518 Alias
3035 3478 3064 3517 a
3094 3462 3319 3526 Christo
3346 3470 3401 3517 ct
3432 3465 3533 3519 Ec-

234 3552 605 3623 ανσχυθέντος
626 3558 738 3617 τοῖς
764 3555 907 3619 ὅλοις
948 3555 1354 3628 προϐεϐλῆσθαι
1396 3574 1549 3627 φασι,
1586 3557 1834 3611 τουτέστι

1942 3559 2130 3614 clesia.
2163 3556 2430 3628 Spiritum
2465 3554 2702 3625 denique
2744 3562 2999 3609 sanctum
3038 3552 3105 3607 ab
3138 3551 3387 3607 Ecclesia
3420 3552 3532 3605 ori-

236 3643 337 3697 τοῦ
370 3644 608 3714 Θελητοῦ
629 3660 642 3673 ·
694 3647 825 3700 ποτὲ
866 3647 923 3701 δὲ
968 3648 1075 3701 ἀπὸ
1109 3648 1203 3701 τοῦ
1235 3649 1642 3722 ἀναδραμόντος
1669 3650 1747 3711 είς
1774 3648 1834 3702 τὸ

1940 3650 2120 3720 ginem
2151 3649 2389 3703 traxisse
2421 3653 2597 3717 putat,
2622 3657 2676 3701 et
2709 3646 2776 3701 ad
2821 3643 3221 3700 examinandos
3253 3659 3316 3698 ac
3345 3644 3533 3698 fecun-

239 3736 548 3808 Πλήρωμα,
609 3738 858 3792 τουτέστι
896 3740 992 3793 τοῦ
1024 3741 1262 3813 Χριστοῦ
1284 3758 1298 3773 ·
1332 3743 1463 3795 ποτὲ
1492 3742 1549 3795 δὲ
1587 3742 1696 3796 ἀπὸ
1735 3740 1829 3794 τοῦ

1940 3738 2113 3793 ditate
2158 3736 2450 3792 donandos
2503 3733 2714 3791 Eonas
2760 3734 2990 3799 editum,
3033 3749 3156 3788 cum
3198 3735 3253 3788 in
3301 3735 3425 3790 illos
3458 3734 3531 3787 ita

252 3827 571 3899 Ἀνθρώπου
601 3831 811 3901 καὶτῆς
852 3833 1199 3904 Ἐκκλησίας.
1221 3833 1327 3888 Kal.
1354 3835 1413 3888 τὸ
1441 3834 1665 3905 Πνεῦμα
1685 3833 1742 3887 δὲ
1767 3832 1828 3885 τὸ

1936 3831 2220 3891 subiisset,
2253 3836 2312 3882 ut
2353 3828 2526 3898 aspici
2568 3828 2721 3882 nullo
2749 3828 2910 3882 modo
2944 3836 3165 3898 posset;
3199 3827 3359 3899 cujus
3395 3826 3531 3881 adeo

236 3920 399 3989 ἅγιον
452 3922 556 3975 ὑπὸ
604 3926 705 3992 τῆς
732 3924 1062 3997 Ἐκκλησίας
1116 3927 1251 3997 φησι
1291 3925 1697 3998 προϐεϐλῆσθαι
1746 3925 1826 3987 εἰς

1935 3921 2038 3991 ipsi
2064 3919 2330 3977 beneflcio
2354 3918 2603 3975 veritatis
2633 3919 2833 3988 stirpes
2869 3922 3148 3975 emittunt.

237 4014 531 4087 ἀνάκρισιν
590 4018 679 4070 καὶ
735 4020 1116 4092 καρποφορίαν
1154 4020 1266 4074 τῶν
1303 4019 1547 4087 Αίώνων,
1601 4019 1850 4091 ἀοράτως
1912 4018 1992 4079 είς
2048 4015 2244 4078 αὐτοὺς
2273 4012 2473 4066 είσιόν*
2505 4011 2572 4065 δι’
2617 4004 2678 4064 οὗ
2729 4013 2857 4075 τοὺς
2906 4011 3120 4076 Αίῶνας
3163 4011 3533 4083 καρποφορεῖν

242 4112 316 4165 τὰ
350 4111 489 4180 φυτά
517 4112 618 4184 τῆς
648 4112 923 4185 ἀληθείας.

240 4228 675 4297 Πεπλήρωνται
726 4228 800 4283 τὰ
825 4232 1149 4301 Εἱρηναίου
1196 4233 1349 4287 κατὰ
1392 4231 1830 4285 Οὐαλεντίνων.

310 4336 438 4395 Al".
463 4341 574 4395 Καὶ
592 4340 765 4395 ταῦτα
789 4345 887 4414 μὲν
911 4345 1006 4398 καὶ
1028 4344 1095 4399 τὰ
1113 4344 1340 4399 τοιαῦτα
1366 4346 1395 4400 ὁ
1424 4343 1833 4416 προειρημένος
1930 4396 1935 4399 .

235 4434 385 4505 ἀνὴρ
409 4435 719 4508 πρεσϐύτης
768 4438 1078 4508 Εἰρηναῖος,
1103 4440 1131 4492 ὁ
1156 4439 1299 4493 κατά
1343 4439 1523 4493 πάντα
1550 4438 1615 4492 ὲκ
1660 4436 1832 4492 Πνεῦ-

2119 4211 2393 4269 Hactenus
2422 4210 2663 4268 [remeas
2692 4219 2879 4266 contra
2931 4211 3353 4270 Valentinianus.

2011 4330 2251 4388 XXXIII.
2288 4328 2413 4384 llaec
2436 4337 2603 4401 atque
2634 4329 2721 4384 his
2740 4328 2938 4384 similia
2980 4328 3221 4398 optimus
3250 4330 3342 4386 ille
3363 4347 3530 4387 senex

1940 4424 2181 4480 Irenaeus
2223 4424 2451 4477 totidem
2491 4422 2675 4477 verbis
2707 4421 2775 4477 de
2810 4421 3125 4484 vanissimis
3162 4422 3379 4477 illorum
3417 4426 3529 4493 epi-

240 4539 415 4595 ματος
441 4522 596 4592 ἁγίου
617 4528 1053 4597 κεκοσμημένος,
1088 4526 1165 4592 ὡς
1184 4530 1431 4597 γενναῖος
1454 4526 1694 4599 ἀθλητὴς
1726 4526 1833 4580 ὑπὸ

1940 4517 2200 4572 nionibus
2224 4515 2505 4581 disseruit,
2543 4513 2703 4585 205
2734 4516 2818 4569 vir
2839 4514 3067 4569 omnino
3092 4513 3331 4586 Spiritus
3358 4518 3531 4571 sancti

244 4611 335 4665 τοῦ
389 4612 598 4682 Κυρίου
648 4614 1111 4687 προϐεϐλημένος,
1171 4619 1265 4670 καὶ
1318 4616 1669 4687 ὲπαλειφθεὶς
1721 4618 1834 4680 τοῖς

239 4701 587 4773 ἒπουρανίοις
607 4705 910 4776 χαρίσμασι
932 4707 1044 4770 τοῖς
1071 4706 1211 4760 κατὰ
1232 4707 1330 4779 τὴν
1363 4706 1621 4778 ἀληθινὴν
1651 4707 1834 4762 πίστιν

240 4792 341 4847 καὶ⁸
364 4793 585 4861 γνῶσιν,
635 4796 1052 4860 καταπαλαίσας
1083 4814 1144 4851 τε
1184 4798 1278 4851 καὶ
1318 4799 1836 4869 καταγωνισάμενος

240 4887 343 4958 τὴν
372 4887 558 4940 πᾶσαν
615 4886 795 4940 αὐτῶν
829 4887 1046 4961 ληρώδη
1080 4888 1360 4957 ὑπόθεσιν,
1410 4889 1655 4962 διεξῆλθε
1691 4870 1836 4944 κατὰ

239 4978 492 5047 λόγοντά
524 4978 616 5031 ὑπ’
643 4978 820 5033 αὐτῶν
878 4983 1352 5052 κενοφωνούμενα.
1421 4983 1725 5055 Ἀκρότατα
1777 4983 1836 5037 δὲ

240 5072 440 5133 αὐτοὺς
455 5072 515 5125 έν
540 5088 617 5142 τῳ
644 5071 771 5144 ἑξῆς
793 5072 1028 5145 δευτέρῳ
1044 5074 1205 5128 αὑτοῦ
1238 5075 1382 5147 λόγῳ
1409 5077 1503 5129 καὶ⁵
1525 5078 1638 5141 τοῖς
1658 5077 1838 5140 ἄλλοις

239 5160 492 5232 διήλεγξε
540 5163 961 5234 περιττοτέρως,
993 5164 1315 5236 βουλόμενός
1367 5183 1486 5230 πως
1523 5168 1615 5220 τὸν
1659 5168 1837 5238 χαμαὶ
1870 5214 1875 5219 .

240 5252 497 5325 ῥιφέντα,
532 5253 625 5306 καὶ
653 5255 732 5316 είς
750 5249 919 5325 ἧτταν
948 5256 1231 5328 τραπέντα
1264 5254 1448 5331 σῦραι,
1479 5259 1574 5312 καὶ
1606 5258 1837 5313 ἐνώπιον

240 5345 467 5417 πάντων
513 5341 880 5414 θριαμϐεῦσαί
938 5363 999 5399 τε
1048 5347 1143 5400 καὶ
1168 5346 1421 5419 φωρᾶσαι
1462 5348 1563 5419 τὴν
1598 5349 1655 5401 ὲν
1689 5348 1839 5420 αὐτῷ

246 5437 319 5507 τῷ
369 5433 583 5506 ριφέντι
632 5435 988 5507 ἀναίσχυντόν
1019 5453 1078 5490 τε
1111 5438 1203 5490 καὶ
1248 5437 1449 5509 ἀσθενῆ
1502 5438 1839 5512 προῠκλησιν

240 5525 747 5601 ματαιοφροσύνης.
806 5528 999 5600 Ἡμεῖς
1063 5529 1150 5593 δὲ,
1204 5528 1567 5601 ἀρκεσθέντες
1618 5532 1730 5596 τοῖς
1774 5548 1834 5587 τε

317 5684 334 5715 ¹
361 5682 503 5739 Ircn.
532 5681 762 5753 ἀρχαίας
793 5682 1164 5748 διδασκαλίας.

1939 4613 2101 4669 donis
2150 4611 2638 4676 inStructissimus,
2689 4625 2753 4664 ac
2806 4618 3066 4680 tanquam
3116 4610 3274 4666 fortis
3332 4612 3532 4667 athleta

1920 4704 2245 4777 productus
2289 4719 2319 4757 a
2359 4702 2612 4767 Domino,
2646 4709 2701 4756 et.
2727 4701 3047 4757 cwlestibus
3078 4704 3441 4767 ornamentis,
3476 4712 3533 4758 ut

1940 4799 2012 4852 ita
2037 4796 2293 4859 dixerim,
2325 4796 2394 4851 ad
2450 4804 2730 4850 certamen
2772 4803 3102 4865 perunctus;
3150 4797 3243 4865 qui
3301 4797 3532 4851 sincera:

1941 4889 2066 4946 ﬁdei
2095 4906 2160 4944 ac
2185 4888 2430 4944 scientiae
2470 4887 2742 4957 praesidiis
2775 4887 2999 4940 illorum
3029 4888 3332 4955 prostravit
3372 4901 3533 4941 ever-

1946 4986 2121 5053 titque
2150 4968 2471 5037 mendacia.
2494 4978 2650 5046 Quod
2675 4980 2728 5033 in
2754 4977 2999 5033 secundo
3033 4978 3174 5032 libro
3208 4994 3273 5033 ac
3299 4994 3506 5048 sequcu

1941 5076 2090 5132 tibus
2150 5075 2271 5130 aliis
2334 5073 2681 5143 potissimum
2710 5070 2959 5142 perfecit,
2996 5068 3089 5125 ubi
3136 5071 3259 5125 illos
3284 5070 3531 5126 uberiore

1942 5168 2082 5237 stylo
2107 5165 2413 5221 confutavit
2444 5179 2458 5215 :
2494 5179 2618 5219 cum
2654 5164 2800 5217 velut
2827 5162 2978 5216 humi
3017 5163 3291 5233 abjectum
3352 5177 3417 5216 ac
3441 5178 3531 5217 suo

1942 5265 2191 5328 peratum
2257 5258 2639 5315 adversarium
2706 5255 2948 5319 trahere,
3006 5270 3070 5309 ac
3125 5253 3531 5324 quodammodo

1945 5349 2289 5419 triumphare
2341 5349 2494 5404 visus
2550 5354 2634 5402 est
2662 5349 2819 5411 velle,
2850 5355 2904 5401 et
2936 5346 3210 5417 proﬂigati
3238 5334 3536 5416 ‘nugatoris

1945 5441 2318 5513 impudentem
2353 5445 2528 5510 magis
2582 5453 2745 5509 quam
2782 5437 2973 5492 fortem
3016 5439 3083 5492 ad
3129 5438 3533 5509 provocandum

1943 5530 2231 5586 audaciam
2255 5530 2436 5601 palam
2467 5527 2724 5585 onmihus
2750 5526 3023 5598 detegere.
3058 5522 3168 5585 Nos
3198 5535 3378 5611 autem
3403 5542 3533 5602 par-

1244 5685 1264 5715 ¹
1291 5684 1433 5742 Ircn.
1470 5685 1672 5740 αὐτῶν.
1753 5686 1772 5719 ³
1807 5686 1827 5741 Ι

1939 5726 1952 5741 .
1986 5686 2250 5757 ἁποκειμ.
2286 5684 2458 5757 αὐτῷ.
2538 5685 2559 5717 δ
2581 5683 2722 5739 Iren.
2750 5685 3055 5757 ἀριστερόν.

316 5843 434 5916 (82)
477 5843 675 5911 Οὕτως
695 5841 1165 5915 ἑξηρορόρησεν.
1187 5844 1456 5916 Corrupta
1484 5862 1608 5916 vox,
1645 5846 1695 5905 in
1720 5862 1828 5916 qua

1935 5847 2263 5904 vinationeut
2295 5846 2529 5910 experiri
2571 5861 2679 5903 non
2713 5853 2889 5901 vacat.
