3982 6436
507 407 613 462 539

1906 405 1964 461 S.
2006 402 2351 461 EPlPllANll

3695 410 3794 470 5&0

508 515 608 568 tim
642 512 734 580 iis,
756 528 879 583 qua:
906 529 939 570 a
971 513 1128 567 nobis
1158 512 1395 569 breviter
1423 523 1552 570 sunt
1573 492 1875 586 disputata,
1903 518 2097 588 partim

2209 521 2336 589 παρ’
2372 521 2403 591 ή
2415 521 2532 591 μῶν
2565 520 2835 591 λεχθεῖσιν
2866 522 3088 592 όλίγοις,
3125 523 3223 578 καὶ
3272 520 3385 587 τοῖς
3419 522 3529 575 ὑπὸ
3561 522 3669 575 τῶν
3702 528 3794 594 τῆς

509 621 634 674 quae
676 605 745 660 ab
795 604 918 660 aliis
952 604 1185 659 sinceris
1222 605 1272 657 id
1310 622 1484 675 genus
1518 610 1885 678 scriptoribus
1915 612 2106 666 elucu-

512 698 666 753 brata
722 704 872 758 sunt,
916 695 1184 759 contenti,
1227 710 1353 749 cum
1409 700 1706 755 nonnullos
1747 716 1971 771 quoque
2014 702 2103 756 vi-

510 786 736 841 deamtts
760 788 827 841 de
849 787 952 840 hoc
991 796 1317 855 argumento
1345 788 1453 842 seri
1465 791 1663 857 psisse,
1691 794 2107 863 praasertimque

510 881 861 946 Clementem,
892 880 1151 935 Irenaeum
1205 887 1262 934 et
1287 878 1659 953 Hippolytum,
1679 885 1925 956 aliosque
1954 901 2107 942 com-

512 974 720 1042 plures,
773 972 867 1042 qui
920 972 1229 1027 admirabili
1272 974 1509 1043 quadam
1568 975 1832 1034 facultate
1885 979 2103 1034 illorum

511 1066 765 1132 dogmata
816 1063 1152 1130 refutarunt,
1186 1081 1296 1120 non
1328 1067 1562 1122 multum
1594 1069 1649 1123 in
1684 1086 1773 1133 eo,
1806 1079 1870 1124 ut
1895 1071 2104 1126 dictum

509 1164 616 1220 cst,
656 1157 944 1211 elaborare
1006 1157 1344 1222 studuimus,
1374 1158 1512 1212 satis
1558 1174 1837 1230 superque
1886 1161 2102 1217 illorum

509 1262 674 1317 opera
714 1246 918 1301 factum
949 1247 1195 1303 arbitrati
1225 1266 1237 1301 :
1273 1249 1435 1319 idque
1467 1249 1646 1320 ipsum
1682 1253 1826 1323 apud
1861 1270 1959 1310 nos
1990 1256 2107 1311 exi-

510 1342 819 1405 stimantes,
865 1339 1138 1394 neminem
1185 1355 1309 1394 esse
1365 1342 1646 1411 paululum
1690 1345 2102 1417 intelligentem,

509 1431 598 1488 cui
639 1430 723 1484 vel
750 1446 818 1484 ex
877 1429 1013 1499 ipsis
1048 1428 1268 1484 illorum
1317 1430 1475 1486 libris
1511 1448 1576 1486 ac
1608 1433 1960 1504 dogmatibus
1994 1451 2104 1491 non

509 1538 572 1576 ca
604 1521 763 1578 facile
788 1532 1105 1590 occurrant,
1133 1538 1257 1593 quae
1295 1520 1364 1576 ad
1397 1523 1520 1579 illos
1551 1525 1878 1582 refellendos
1909 1527 2104 1583 idonea

511 1617 642 1669 sint.

581 1706 826 1763 XXXIV.
864 1706 923 1763 In
952 1709 1144 1779 primis
1175 1708 1321 1779 quod
1354 1710 1676 1780 opinionum
1711 1726 1742 1765 a
1772 1727 1832 1767 se
1866 1710 2103 1767 invicem

514 1803 779 1858 varietate
802 1803 1158 1867 dissentiant,
1183 1804 1436 1873 alterque
1471 1803 1700 1859 alterius
1725 1802 1947 1858 decreta
1969 1818 2101 1857 con-

516 1892 717 1948 vellere
768 1908 889 1948 sese
933 1894 1273 1961 profiteatur.
1326 1872 1535 1950 [leinde
1584 1894 1730 1963 quod
1787 1893 1926 1949 tales
1988 1894 2100 1949 sint
2134 1872 2173 1927 Β

514 1983 735 2037 illorum
782 1972 1002 2048 fabulae,
1034 1992 1093 2038 ut
1140 1985 1417 2039 cohzerere
1473 1984 1626 2039 nullo
1659 1983 1822 2039 modo
1865 1984 2098 2054 possint,

510 2091 634 2129 cum
667 2091 847 2145 neque
885 2077 940 2131 in
988 2079 1165 2133 sacris
1204 2077 1456 2142 Litteris,
1503 2093 1606 2133 nec
1644 2079 1699 2133 in
1757 2078 1925 2135 lllosis
1962 2080 2096 2149 lege,

510 2183 686 2237 neque
744 2169 886 2237 apud
939 2168 1089 2224 Muse
1133 2171 1473 2225 recentiores
1525 2171 1824 2240 preplietas
1880 2171 2099 2225 illarum

509 2267 691 2315 exstet
726 2261 835 2315 ulla
876 2262 1114 2327 mentio;
1162 2277 1341 2331 neque
1375 2276 1404 2315 a
1440 2259 1732 2317 Salvatore
1772 2261 2098 2332 quidquam,

509 2353 594 2406 vel
627 2353 750 2422 ejus
783 2353 1162 2424 evangelistis,
1188 2361 1284 2408 aut
1316 2352 1554 2422 denique
1580 2353 1847 2423 apostolis
1873 2353 1942 2407 de
1967 2352 2103 2408 iisce

510 2445 585 2498 sit
636 2445 948 2514 proditum:
1010 2459 1137 2499 nam
1206 2444 1253 2500 si
1303 2445 1527 2500 veritati
1585 2444 1677 2497 illa
1730 2453 2101 2500 consentanea

512 2535 715 2601 forent,
741 2546 890 2590 certe
922 2535 1208 2598 Dominus,
1233 2534 1328 2603 qui
1358 2533 1425 2587 ad
1454 2534 1877 2588 illuminandum
1911 2533 2100 2589 orbem

512 2636 757 2691 venerat,
789 2638 844 2683 ct
879 2637 1007 2682 ante
1040 2628 1195 2682 illum
1226 2626 1532 2696 praphetaa,
1566 2634 1682 2680 tum
1718 2625 1973 2695 apostoli,
2007 2625 2100 2695 qui

514 2720 780 2776 falsorum
839 2718 1070 2774 deorum
1122 2719 1599 2788 superstitionem,
1650 2731 1715 2772 ac
1763 2717 2101 2787 flagitiorum

512 2813 899 2879 scelerumque
922 2826 1096 2879 genus
1121 2824 1284 2862 omne
1306 2809 1726 2885 redarguerunl,
1749 2823 1850 2864 nec
1882 2808 2102 2879 impiam

510 2918 731 2957 onmem
763 2901 1216 2971 contrariamque
1241 2900 1550 2956 doctrinam
1576 2899 1801 2970 scriptis
1831 2900 1948 2953 suis
1978 2914 2104 2967 pro-

510 2994 696 3065 fligare
731 3000 860 3048 sunt
889 2991 1044 3046 veriti
1078 3007 1092 3056 ;
1125 2991 1226 3054 illi,
1278 2991 1525 3059 inquam,
1581 2996 1769 3057 aperte
1809 2987 1969 3043 nobis
2010 2988 2103 3041 illa

512 3082 962 3153 significassent,
1018 3080 1323 3150 praesertim
1373 3095 1498 3134 cum
1556 3076 1815 3132 Salvator
1864 3077 1937 3132 ita
1988 3078 2107 3147 ipse

2206 608 2463 680 ἀληθείας
2509 614 2872 685 συγγραφέων
2929 615 3138 668 τούτων
3189 613 3428 685 λεχθείσί
3459 630 3523 667 τε
3558 614 3658 668 καὶ
3689 631 3797 670 συν-

2205 702 2468 773 ταχθεῖσι,
2499 706 2592 759 καὶ
2630 706 2885 777 ὁρῶντες,
2940 709 3023 761 ὅτι
3056 706 3204 761 ἄλλοι
3242 709 3615 779 πεπονήκασι,
3660 708 3799 778 φημὶ

2202 794 2260 847 δὲ
2294 794 2528 866 Κλήμης
2568 797 2665 851 καὶ
2695 798 2984 869 Εἰρηναῖος
3012 798 3109 852 καὶ
3153 798 3496 863 Ἱππόλυτος,
3533 800 3634 852 καὶ
3656 799 3801 853 ἄλλοι

2206 886 2445 953 πλείους,
2492 888 2543 942 οἳ
2596 889 2691 943 καὶ
2736 889 3070 961 Θαυμαστῶς
3119 890 3219 962 τὴν
3278 891 3400 945 κατ’
3459 891 3648 946 αὐτῶν
3707 909 3801 946 πε-

2206 980 2460 1049 ποίηνται
2499 980 2833 1053 ἀνατροπὴν,
2868 982 2932 1035 οὐ
2989 981 3132 1035 πάνυ
3177 998 3230 1035 τι
3258 981 3336 1053 τῷ
3366 981 3610 1053 καμάτῳ
3639 998 3805 1053 προσ·

2207 1070 2400 1135 θεῖναι,
2432 1072 2509 1136 ὡς
2543 1074 2825 1143 προεῖπον,
2862 1073 3233 1145 ἠθελήσαμεν,
3290 1073 3658 1138 ίκανωθέντες
3697 1056 3827 1138 ιιτονζςκ

2206 1164 2628 1236 προειρημένοις
2654 1165 2906 1237 ἀνδράσι,
2938 1165 3031 1219 καὶ
3059 1166 3191 1220 αὐτὸ
3217 1165 3376 1219 τοῦτο
3399 1165 3802 1235 διανοηθέντες,

2204 1256 2287 1309 δτι
2327 1256 2492 1309 παντὶ
2521 1256 2728 1329 συνετῷ
2757 1258 2855 1311 καὶ
2883 1258 2943 1325 ἐξ
2971 1258 3153 1311 αὐτῶν
3179 1258 3289 1311 τῶν
3308 1259 3368 1330 εν
3394 1261 3510 1321 τοῖς
3540 1257 3804 1327 διδάγμα-

2207 1364 2292 1402 σιν
2321 1349 2502 1403 αὐτῶν
2532 1350 2706 1418 λόγων
2733 1350 2767 1421 ὴ
2806 1350 3088 1421 ἀνατροπὴ
3123 1350 3301 1404 αὐτῶν
3334 1351 3456 1403 κατ’
3484 1348 3673 1405 αὐτῶν
3704 1365 3803 1418 φα-

2206 1439 2452 1509 νήσεται.

2276 1701 2396 1755 ΛΔθ.
2424 1698 2653 1771 Πρῶτον,
2669 1699 2765 1770 μὲν
2786 1701 2869 1754 ἔτι
2890 1698 3125 1770 διάφορα
3147 1700 3275 1769 παρ’
3298 1698 3484 1764 αὐτοῖς
3505 1699 3576 1754 τά
3600 1701 3802 1772 φρονή-

2209 1808 2372 1862 ματα,
2399 1791 2494 1845 καὶ
2517 1791 2704 1861 ἕτερος
2724 1789 2794 1843 τὰ
2816 1789 2909 1843 τοῦ
2933 1790 3121 1860 ἑτέρου
3148 1789 3442 1843 καταλύειν
3463 1791 3804 1859 ἐπαγγέλλε-

2202 1899 2320 1937 ται·
2337 1883 2587 1954 δεύτερον
2606 1883 2683 1949 δὲ,
2697 1884 2779 1936 ὅτι
2800 1883 3082 1937 ἀσύστατα
3100 1881 3169 1936 τὰ
3187 1883 3316 1953 παρ’
3333 1882 3522 1945 αὐτοῖς
3542 1882 3805 1954 μυθοποι-

2204 1978 2411 2047 ήματα,
2431 1975 2555 2029 οὗτε
2581 1993 2685 2029 που
2714 1976 2937 2047 Γραφῆς
2960 1975 3240 2047 εἰπούσης,
3260 1973 3385 2028 οὔτε
3407 1974 3505 2028 τοῦ
3523 1977 3801 2040 Μωῦσέως

2203 2068 2392 2137 νόμου,
2421 2066 2545 2121 οὔτε
2578 2068 2724 2132 τινος
2753 2070 3037 2140 προφήτου
3065 2067 3174 2121 τῶν
3224 2067 3366 2138 μετὰ
3392 2069 3658 2135 Μωῦσέα,
3686 2070 3804 2123 ἀλλ’

2201 2157 2327 2210 οὔτε
2366 2157 2461 2211 τοῦ
2504 2160 2789 2229 Σωτῆρος,
2828 2158 2953 2213 οὔτε
2987 2158 3095 2213 τῶν
3137 2158 3304 2213 αὐτοῦ
3351 2159 3800 2229 εὐαγγελιστιῖη,

2201 2250 2319 2303 ἀλλ’
2347 2249 2470 2304 οὗτε
2508 2252 2616 2322 μὴν
2646 2252 2754 2304 τῶν
2784 2252 3119 2307 ἀποστόλων.
3144 2253 3208 2307 El
3236 2250 3345 2324 γὰρ
3368 2253 3547 2306 ταῦτα
3569 2254 3799 2326 ἀληθινὰ

2203 2343 2471 2415 ὑπῆρχεν,
2511 2346 2539 2397 ό
2584 2343 2753 2399 ὲλοὼν
2785 2345 3017 2415 φωτίσαι
3056 2343 3155 2414 τὴν
3200 2345 3527 2417 οἰκουμένην
3572 2345 3796 2419 Κύριος,

2203 2432 2301 2486 καὶ
2329 2434 2436 2505 πρὸ
2467 2434 2634 2488 αὑτοῦ
2666 2434 2715 2487 οἱ
2754 2435 3054 2506 προφῆται,
3090 2435 3283 2489 ἔπειτα
3327 2435 3388 2488 δὲ
3421 2437 3518 2490 καὶ
3561 2437 3614 2489 ei
3659 2438 3797 2491 ἀπό-

2204 2525 2381 2579 στολοι
2425 2527 2474 2579 οἱ
2505 2524 2822 2595 ὲλέγξαντες
2865 2526 2965 2597 τὴν
3014 2526 3492 2599 είδωλολατρείαν,
3527 2528 3710 2583 πᾶσαν
3738 2547 3798 2584 τε

2204 2618 2523 2689 παράνομον
2546 2617 2768 2689 πρᾶξιν,
2792 2619 2887 2672 καὶ
2912 2618 2987 2689 μὴ
3008 2617 3378 2683 δειλιάσαντες
3400 2620 3637 2691 γράφειν
3658 2622 3799 2676 κατά

2204 2710 2387 2780 πάσης
2424 2710 2743 2782 παρανόμου
2778 2710 3127 2775 διδασκαλίας
3157 2712 3249 2765 καὶ
3276 2713 3677 2783 ἐναντιότητος,
3705 2731 3796 2768 σα-

2204 2801 2322 2870 φῶς
2354 2801 2421 2855 ἂν
2462 2801 2529 2855 τὰ
2568 2801 2794 2855 τοιαῦτα
2824 2802 2954 2872 ήμῖν
2984 2802 3357 2871 κατήγγελλον
3376 2818 3391 2834 ⁵
3435 2804 3533 2858 καὶ¹
3566 2804 3797 2875 μάλιστα

2205 2892 2370 2948 αὐτοῦ
2405 2892 2500 2947 τοῦ
2532 2894 2785 2964 Σωτῆρος
2829 2892 3103 2961 λέγοντος,
3139 2894 3223 2947 ὅτι
3256 2893 3385 2961 Τοῖς
3423 2895 3545 2965 μὲν
3568 2896 3688 2960 ἔξω
3731 2896 3798 2950 ἐν

2204 2985 2597 3054 παραϐολαῖς,
2630 2986 2776 3056 ὑμῖν
2803 2985 2872 3038 δὲ
2900 2986 3003 3052 τὰς
3027 2988 3374 3054 παραϐολὰς
3400 2990 3490 3054 εὶς
3511 2987 3797 3043 ἐπίλυσιν

2200 3078 2529 3145 ,βασιλείας
2557 3076 2834 3146 οὐρανῶν
2869 3078 3112 3146 ῥητέον.
3146 3078 3315 3143 Ὀσας
3346 3077 3480 3147 γοῦν
3524 3081 3585 3132 ἐν
3622 3079 3797 3148 Εὐαγ-

508 3176 778 3231 dixisset:
813 3173 1034 3229 theris
1065 3173 1274 3243 quidem
1313 3173 1365 3226 in
1400 3170 1698 3240 parabolis,
1734 3170 1878 3224 vobis
1926 3179 2104 3223 autem

2209 3170 2410 3238 γελίοις
2435 3169 2754 3241 παραϐολὰς
2780 3170 3023 3240 εἴρηκεν,
3043 3169 3208 3234 εὐθὺς
3235 3169 3497 3234 ὲπιλύσας
3527 3170 3793 3239 φαίνεται.

509 3266 781 3336 parabolas
804 3267 873 3320 ad
905 3266 1049 3336 regni
1074 3264 1299 3320 cwlestis
1331 3264 1728 3318 enarrationem
1752 3262 2103 3317 edisserendas

2218 3228 2436 3333 ;Apé)tst
2464 3228 2559 3317 καὶ
2603 3262 2688 3325 τίς
2716 3264 2745 3315 ό
2790 3228 2990 3325 κόκκος
3031 3261 3125 3316 τοῦ
3162 3262 3461 3327 σινάπεως,
3492 3228 3588 3316 καὶ
3632 3263 3717 3326 τίς
3763 3264 3794 3331 ή

506 3370 630 3416 sunt
659 3361 699 3411 ¹.
720 3359 995 3425 Quocirca
1012 3372 1357 3428 quacunque
1399 3356 1453 3410 in
1502 3355 1798 3426 Evangelio
1832 3353 2105 3424 parabolae

506 3451 578 3506 ab
606 3465 671 3504 co
702 3449 999 3519 propositas
1038 3456 1193 3512 sunt,
1221 3448 1408 3505 statim
1451 3448 1670 3502 illarum
1713 3461 1939 3501 sensum
1980 3460 2107 3515 ape-

508 3544 695 3597 ruisse
729 3541 968 3597 videtur.
1006 3541 1172 3611 206
1200 3538 1336 3592 Nam
1368 3548 1423 3593 et
1457 3554 1688 3609 granum
1736 3537 1948 3607 sinapis
1973 3537 2104 3608 quid

510 3635 618 3691 sibi
648 3634 812 3689 vellet
843 3634 1122 3704 exposuit.
1147 3632 1280 3703 quid
1312 3631 1666 3696 fermentum,
1694 3647 1885 3701 quaeve
1910 3631 2106 3686 mulier

511 3737 661 3784 esset
689 3727 800 3791 illa,
824 3742 949 3797 qua:
978 3726 1032 3779 in
1063 3726 1169 3778 tria
1202 3725 1397 3778 farina:
1428 3733 1548 3778 sata
1575 3724 1903 3779 fermentum
1927 3723 2108 3777 immi-

512 3822 675 3887 serit;
708 3819 841 3890 quid
878 3819 972 3872 illa
1009 3818 1159 3881 vitis,
1197 3832 1263 3871 ac
1297 3816 1474 3883 licus;
1525 3814 1655 3884 quis
1689 3814 1779 3870 ille
1808 3815 1903 3885 qui
1944 3814 2107 3870 semi-

512 3921 628 3978 nat,
677 3925 869 3980 quaave
921 3908 1130 3978 optima
1194 3908 1267 3963 sit
1311 3914 1480 3961 terra.
1525 3906 1712 3975 itaque
1759 3904 1969 3962 frustra
2025 3905 2106 3959 illi

509 4020 658 4060 caeco
683 4002 951 4059 daemonis
981 4004 1191 4072 impetu
1223 3999 1425 4055 conciti
1456 3998 1782 4069 rapiuntur;
1810 4000 1876 4053 de
1905 3997 2107 4067 quibus

512 4099 714 4153 merito
764 4105 990 4151 sanctus
1038 4094 1245 4149 Paulus
1294 4093 1368 4147 ita
1417 4092 1662 4162 loquitur
1703 4109 1715 4144 :
1784 4088 2104 4145 Novissimis

511 4191 831 4260 temporibus
866 4196 1100 4243 averterit
1128 4203 1182 4241 se
1216 4186 1432 4257 quidam
1469 4203 1502 4239 a
1527 4184 1797 4246 doctrina,
1833 4184 2106 4237 intenden-

513 4296 586 4339 tes
614 4284 815 4354 fabulis
854 4291 903 4337 et
937 4280 1197 4337 doctrinis
1242 4278 1543 4333 daemonum
1569 4278 1613 4330 ¹.
1640 4274 1741 4332 Cui
1773 4286 1828 4333 et
1864 4273 2107 4330 Jacobus

514 4376 868 4446 astipulatur,
914 4373 982 4428 de
1021 4371 1298 4442 ejusmodi
1333 4370 1687 4443 dogmatibus
1727 4370 1803 4423 ita
1840 4369 2103 4439 loquens:

515 4465 640 4522 Non
677 4476 756 4521 est
796 4467 937 4521 enim
978 4466 1083 4518 ista
1126 4464 1390 4532 sapientia
1436 4464 1718 4517 desursum
1750 4460 2106 4526 descendens;

2204 3354 2354 3427 ζύμη
2377 3371 2390 3383 °
2428 3355 2521 3408 καὶ
2551 3354 2636 3418 τίς
2660 3354 2907 3425 βαλοῦσα
2930 3357 3030 3425 τὴν
3065 3353 3247 3425 ζύμην
3268 3355 3349 3418 είς
3377 3353 3449 3407 τά
3478 3355 3609 3427 τρία
3640 3355 3791 3417 σάτα,

2205 3448 2289 3512 τίς
2322 3450 2351 3502 ό
2401 3446 2697 3519 ἀμπελὼν,
2739 3447 2825 3511 τίς
2859 3449 2893 3521 ή
2946 3448 3116 3519 συκῆ,
3157 3448 3243 3510 τίς
3278 3447 3307 3500 ὁ
3340 3448 3597 3519 σπορεὺς,
3648 3447 3733 3510 τίς
3764 3449 3796 3517 ή

2208 3540 2469 3612 καλλίστη
2513 3541 2608 3611 γῆ.
2665 3541 2774 3594 Καὶ
2822 3541 3001 3612 μάτην
3054 3534 3205 3595 οὗτοι
3256 3539 3644 3594 ἐνθουσιῶνται
3695 3539 3798 3594 ὑπὸ

2205 3633 2479 3704 δαιμόνων
2512 3633 2897 3705 ἐλαυνόμενον
2951 3633 3082 3704 περὶ
3110 3625 3187 3687 ὧν
3226 3649 3393 3702 φησιν
3424 3635 3453 3687 ό
3495 3633 3798 3701 ἁγιώτατος

2207 3723 2507 3789 ἀπόστολος
2541 3724 2755 3789 Παῦλος
2774 3742 2787 3755 ·
2821 3727 2927 3781 Ἐν
2951 3724 3238 3793 ὑστέροις
3269 3724 3499 3794 καιροῖς
3536 3725 3790 3791 ἀποστή-

2206 3817 2424 3872 σονταί
2452 3833 2613 3882 τινες
2644 3816 2758 3887 τῆς
2791 3816 3213 3883 διδασκαλίας,
3253 3817 3666 3887 προσέχοντες
3687 3819 3796 3887 μύ-

2206 3909 2335 3973 θοις
2387 3907 2487 3961 και
2542 3906 2963 3974 διδασκαλίαις
3012 3907 3335 3977 δαιμόνων.
3393 3908 3507 3963 Καὶ
3553 3908 3720 3962 πάλιν
3771 3908 3797 3960 ὁ

2209 3999 2365 4069 ἆγιος
2407 3999 2666 4064 Ἰάκωϐος
2716 4000 2891 4070 λέγων
2941 4001 3070 4074 περὶ
3115 4000 3214 4070 τῆς
3261 3999 3519 4070 τοιαύτης
3555 4000 3794 4055 διδασκα·

2209 4092 2350 4156 λίας,
2386 4093 2470 4146 ὅτι
2496 4095 2620 4148 Οὐκ
2652 4092 2825 4147 ἔστιν
2857 4093 3089 4151 ἄνωθεν
3118 4094 3158 4161 ἠ
3198 4093 3353 4161 αὑτὴ
3383 4093 3574 4162 σοφία
3594 4109 3792 4161 κατερ-

2210 4187 2463 4257 χομένη,
2500 4187 2640 4242 ἀλλ’
2666 4189 2950 4258 ἐπίγειος,
2986 4186 3248 4257 ψυχικὴ,
3276 4184 3695 4256 δαιμονιώδης.
3734 4184 3793 4240 Ἣ

2209 4280 2278 4333 δὲ
2314 4280 2545 4336 ἄνωθεν
2560 4282 2749 4352 σοφία
2792 4281 3029 4350 πρῶτον
3049 4280 3167 4349 μὲν
3203 4279 3358 4350 ἁγνή
3380 4280 3571 4343 ἐστιν,
3600 4281 3794 4335 ἔπειτα

2208 4370 2518 4441 εἰρηνικὴ,
2570 4371 2883 4440 εὐπειθὴς,
2924 4371 3288 4441 ἀδιάκριτος,
3326 4370 3526 4442 μεστὴ
3571 4371 3793 4436 ἐλέους,

2210 4464 2308 4517 καὶ
2355 4462 2603 4532 καρπῶν
2635 4463 2908 4533 ἀγαθῶν,
2952 4464 3046 4519 καὶ
3093 4464 3161 4517 τά
3216 4465 3365 4533 ἑξῆς.
3396 4456 3505 4527 ἾΙς
3558 4463 3683 4517 οὐδὲ
3726 4459 3796 4524 εἷς

508 4560 604 4610 sed
636 4568 868 4618 terrena,
904 4554 1178 4620 animalis,
1207 4554 1496 4608 diabolica.
1543 4554 1677 4619 Qua:
1708 4563 1883 4607 autem
1916 4552 2104 4607 desur-

2212 4556 2426 4627 καρπὸς
2447 4553 2522 4610 ’ἐν
2563 4558 2677 4620 τοῖς
2724 4558 3143 4628 προειρημένοις
3174 4557 3511 4629 εὑρίσκεται.
3547 4558 3686 4629 Παρ’
3715 4556 3797 4608 αὖ·

515 4662 631 4699 sum
653 4654 730 4698 est
760 4644 1021 4712 sapientia
1047 4644 1279 4712 primum
1312 4643 1525 4711 quidem
1550 4641 1746 4709 pudica
1778 4650 1879 4703 est,
1916 4642 2103 4697 deinde

511 4735 758 4809 paci/ica,
791 4733 1051 4799 modesta,
1072 4732 1381 4798 suadibilis,
1406 4735 1555 4787 bonis
1585 4734 2104 4802 consentiens,plena

520 4827 885 4882 misericordia
948 4837 997 4881 et
1060 4826 1323 4897 fructibus
1371 4827 1523 4881 bonis
1555 4826 1610 4893 ³,
1654 4833 1784 4890 etc.,
1839 4828 1998 4896 cujus
2037 4843 2106 4883 ne

517 4919 778 4975 minimus
831 4917 1054 4988 quidem
1109 4918 1163 4971 in
1217 4917 1303 4973 his
1356 4932 1495 4988 quos
1553 4917 2109 4975 commemoravimus

515 5011 728 5068 fructus
783 5011 1052 5067 cernitur.
1101 5011 1318 5081 Quippe
1366 5010 1511 5082 apud
1566 5011 1691 5068 illos
1736 5010 2107 5067 inconstantia

512 5122 577 5160 ac
620 5107 831 5186 nefaria
877 5107 1064 5160 omnia
1118 5104 1397 5169 facinora,
1452 5105 1877 5175 daemonumque
1922 5104 2105 5169 fetus,

2211 4652 2324 4713 τοῖς
2350 4650 2460 4721 γὰρ
2492 4648 2894 4712 ἀκαταστασία,
2927 4649 3023 4702 καὶ
3058 4650 3167 4702 πᾶν
3206 4648 3523 4720 παράνομον
3551 4650 3798 4720 πρᾶγμα,

2212 4740 2481 4810 δαιμόνων
2530 4757 2591 4793 τε
2622 4741 2909 4811 κυήματα,
2957 4741 3053 4795 καλ⁵
3100 4741 3417 4814 συρίγματα
3457 4727 3829 4812 δρακόντων,’

2212 4832 2405 4888 ἄλλοτε
2448 4832 2626 4897 ἄλλως
2662 4835 2759 4887 καὶ
2802 4834 2931 4889 ἄλλο
2988 4834 3222 4889 ἑκάστου
3267 4833 3445 4888 αὐτῶν
3493 4834 3798 4897 λαλοῦντος·

2214 4924 2353 4995 Παρ⁹
2384 4918 2466 4988 οἷς
2497 4924 2600 4978 οῦκ
2631 4925 2802 4989 ἔλεος,
2827 4927 2928 4978 οὐκ
2952 4923 3132 4991 οἶκτος
3157 4926 3499 4999 εὑρίσκεται,
3530 4927 3673 4981 ἀλλὰ
3699 4927 3800 4980 διαο

2217 5016 2428 5087 κρίσεις
2457 5016 2555 5071 καὶ
2579 5016 2859 5089 διαφοραὶ,
2901 5016 2997 5071 καὶ
3026 5017 3264 5089 οὐδαμοῦ
3292 5018 3529 5087 ἁγνεῖαι,
3568 5015 3802 5089 οὐδαμοῦ

2216 5108 2432 5180 εἰρήνη,
2473 5109 2713 5180 οὐδαμοῦ
2746 5109 3037 5165 ἐπιείκεια.

512 5206 568 5253 et
596 5207 910 5272 serpentum
948 5200 1094 5256 sibili
1137 5199 1509 5271 reperiuntur.
1541 5198 1715 5254 Aliter
1742 5198 1866 5253 aliis
1893 5200 2258 5271 temporibus,
2294 5211 2463 5275 atque.
2491 5204 2641 5259 aliud
2693 5203 3079 5275 unusquisque
3131 5204 3412 5274 praedicat.
3476 5201 3641 5258 Nulla
3704 5202 3808 5258 illic

518 5287 923 5354 misericordia,
995 5290 1079 5345 vel
1122 5290 1450 5355 clementia,
1496 5289 1593 5346 sed
1638 5289 2019 5346 dissensiones
2070 5306 2136 5347 ac
2175 5290 2500 5362 discordiae;
2543 5298 2695 5352 nulla
2752 5311 2985 5368 usquam
3034 5297 3397 5360 castimonia,
3444 5297 3599 5352 nulla
3670 5310 3800 5367 pas,

519 5381 747 5451 aequitas
780 5383 947 5437 animi
982 5384 1155 5440 nulla.

592 5470 811 5528 XXXV.
828 5475 905 5530 Ac
923 5479 1053 5533 mihi
1075 5495 1208 5535 sane
1225 5481 1379 5545 libet,
1397 5480 1658 5550 quoniam
1674 5479 1743 5534 ad
1763 5479 1813 5533 id
1835 5481 2110 5537 sermonis

521 5569 569 5612 εί
590 5567 895 5628 arSumenti
918 5584 1004 5624 me
1022 5574 1326 5627 necessitas
1346 5573 1596 5642 impellit,
1613 5572 1830 5627 tametsi
1858 5572 2019 5629 tinem
2039 5573 2114 5626 fa-

520 5658 651 5700 cere
673 5651 1084 5724 constitueram,
1106 5677 1278 5730 pauca
1293 5678 1359 5717 ex
1382 5662 1604 5719 illorum
1620 5662 1859 5719 decretis
1879 5663 1947 5717 ad
1963 5662 2107 5719 refu-

600 5804 617 5834 ι
652 5800 786 5858 Luc.
820 5823 935 5874 vni,
974 5815 1058 5873 10.
1137 5823 1155 5853 ἰ
1180 5821 1200 5875 l
1224 5820 1345 5877 Tim
1395 5839 1466 5883 tv.
1499 5825 1547 5879 l.
1630 5824 1647 5856 ³
1672 5822 1790 5880 Jac.
1819 5839 1903 5887 tu.
1936 5822 2119 5881 l5-l7.

2285 5480 2409 5536 AE'.
2452 5481 2726 5551 Βούλομαι
2772 5478 2829 5534 δὲ
2874 5481 3036 5534 πάλιν
3090 5479 3535 5551 ἀναγκαζόμενος
3577 5481 3685 5534 ὑπὸ
3716 5482 3801 5534 τοῦ

2211 5571 2398 5641 λόγου,
2435 5573 2484 5625 εί
2517 5572 2609 5626 καὶ
2661 5570 2978 5626 παύσασθαι
3022 5571 3373 5643 ὑπεσχόμην,
3422 5570 3621 5640 ὀλίγων
3675 5566 3797 5641 παρ’

2215 5663 2398 5731 αὐτοῖς
2442 5663 2752 5737 εἰρημένων
2790 5664 3174 5738 μνημονεύσας
3217 5663 3536 5736 ἀνατρέψαι.
3576 5663 3653 5718 Οὐ
3696 5662 3796 5734 γὰρ
