3982 6426
213 406 314 464 5i!

959 406 1331 463 ADVERSUS
1371 407 1718 467 ll/EtlESES
1756 408 1813 464 LI

1928 412 1949 464 l
1988 412 2153 468 TOM.
2197 411 2259 468 11.
2303 444 2372 454 -
2411 410 2691 468 ΠᾹΞΒΕΞ.
2730 411 2920 466 XXXI.

3386 406 3495 466 εςιτ

212 527 310 581 τοῦ
341 525 486 579 κατά
512 526 706 597 τέχνην
738 542 826 596 μοι
865 525 1022 595 λόγου
1057 529 1229 597 μέλει,
1275 526 1411 581 ἀλλὰ
1442 530 1543 598 τῆς
1582 526 1688 582 τῶν
1717 530 1806 581 ἐν·

1920 531 2137 585 tandum
2171 531 2419 602 seligere.
2446 532 2630 603 Neque
2659 533 2805 588 enim
2835 529 3102 586 orationis
3121 529 3372 595 artiﬂcio,
3395 529 3492 587 Sed

212 618 597 689 τυγχανόντων
628 617 916 684 ὠφελείας.
966 617 1199 684 Λέγουσι
1230 617 1430 682 τοίνυν,
1481 618 1562 671 ὅτι
1593 619 1621 670 6
1649 617 1803 673 δωδέ-

216 727 384 773 κατος
410 708 551 762 Αἱὼν
584 709 612 761 ὁ
638 712 696 762 ἐν
724 708 924 779 ὑστερή
935 725 1064 778 ματι
1090 708 1380 779 γενόμενος
1412 708 1690 772 παντελῶς
1711 710 1806 762 τοῦ

213 801 460 873 ἀριθμοῦ
496 801 605 854 τῶν
646 800 853 854 δώδεκα
883 798 1131 865 ἐξέπεσε,
1162 800 1255 852 καὶ
1288 800 1589 853 ἀπόλλυται
1629 802 1658 853 6
1687 800 1808 868 ἀρι-

215 895 358 964 θμὸς
385 896 413 947 6
446 891 767 955 δωδέκατος.
799 890 970 944 Τοῦτο
1003 891 1060 944 δέ
1104 908 1234 960 φασι
1258 891 1585 960 γεγενῆσθαί
1612 890 1691 961 τῷ
1718 892 1808 944 τὸν

230 987 437 1040 Ἰούδαν
465 986 595 1038 ὄντα
622 985 921 1039 δωδέκατον
950 983 1385 1047 ἐκπεπτωκέναι,
1417 986 1511 1037 καὶ
1544 982 1687 1037 οὕτω
1714 987 1809 1037 τὸν

215 1079 523 1133 δωδέκατον
553 1076 784 1149 ἀριθμὸν
821 1075 1134 1146 ἠφανίσθαι.
1181 1076 1414 1147 Ὁμοίως
1442 1076 1500 1129 δὲ
1541 1077 1636 1129 καὶ
1679 1075 1809 1146 περὶ

214 1170 322 1239 τῆς
354 1168 781 1241 αἱμορροούσης,
822 1168 917 1220 καὶ
959 1168 1060 1238 τῆς
1097 1166 1196 1238 τὴν
1224 1167 1353 1236 μίαν
1403 1166 1653 1239 δραχμὴν
1701 1165 1808 1220 ἀπὸ

212 1261 330 1314 τῶν
365 1258 797 1331 δέκαδραχμῶν
843 1258 1207 1330 ἀπολεσέωης.
1264 1258 1550 1312 Δείκνυται
1599 1257 1683 1320 δὲ,
1727 1258 1808 1310 ὅτι

213 1349 344 1405 οὔτε
374 1353 403 1404 6
433 1349 731 1413 δωδέκατος
756 1348 900 1403 Λίὼν
944 1348 1234 1420 πρόσωπον
1266 1350 1438 1403 Ἰούδα
1471 1349 1615 1420 ἔχειν
1652 1349 1808 1419 δυνή-

218 1461 399 1506 σεται,
437 1443 512 1506 ὡς
536 1442 614 1513 τῷ
650 1441 938 1511 ἁγιωτάτῳ
967 1436 1244 1512 Εἰρηναίῳ
1278 1441 1638 1512 προείρηται·
1668 1440 1805 1494 ’ἰού-

214 1529 316 1597 53;
354 1532 453 1602 μὲν
485 1531 593 1602 γὰρ
626 1528 903 1590 παντελῶς
927 1529 1204 1583 ἀπόλωλεν
1227 1546 1240 1560 ·
1275 1531 1303 1582 6
1330 1529 1630 1594 δωδέκατος
1656 1530 1803 1598 λεγό-

218 1640 387 1695 μενος
423 1621 569 1675 Αῐὼν
618 1621 760 1675 κατά
799 1621 859 1673 τὸ
901 1620 1082 1673 αὐτῶν
1122 1621 1348 1691 πλάσμα
1381 1622 1481 1675 οὐκ
1527 1622 1768 1694 ἐκενώοη
1792 1640 1806 1654 °

216 1714 355 1784 ἔστη
386 1713 495 1784 γάρ
524 1711 754 1766 ἐνώπιον
792 1711 959 1766 αὑτοῦ
997 1712 1025 1764 6
1050 1714 1437 1781 Μεταγωγεὺς,
1469 1713 1501 1786 ἢ
1529 1716 1557 1767 ὁ
1592 1715 1809 1786 Ὀροθέ-

212 1823 341 1879 της,
372 1809 550 1877 φήσας
582 1805 716 1878 πρὸς
760 1805 945 1869 αὐτὸν,
985 1803 1175 1859 Ἰαώτ·
1215 1804 1480 1869 ὡσαύτως
1523 1806 1680 1876 φασὶ,
1717 1808 1809 1861 καὶ

1916 624 2186 678 lectorum
2221 625 2445 679 utilitati
2479 625 2609 678 mihi
2643 624 2990 680 serviendum
3021 623 3279 678 arbitror.
3327 624 3496 679 Aiunt

1912 718 2084 793 igitur
2114 716 2498 773 duodecimum
2533 717 2789 781 IEonem,
2814 733 2938 773 cum
2963 716 3276 780 defecisset,
3299 732 3327 770 a
3359 717 3495 771 duo-

1913 806 2143 861 denario
2197 808 2292 862 illo
2337 824 2570 863 numero
2618 810 2837 878 penitus
2883 808 3175 873 excidisse,
3213 820 3375 879 atque
3419 811 3493 863 ita

1912 895 2304 951 duodecimum
2359 897 2506 952 hunc
2544 914 2830 954 numerum
2865 914 2989 953 esse
3035 900 3333 955 sublatum.
3380 898 3493 952 Iloc

1912 993 2095 1040 autem
2131 996 2245 1041 tum
2272 989 2589 1060 contigisse,
2610 1005 2734 1044 cum
2765 988 2935 1045 Judas
2962 991 3334 1060 apostolorum
3365 972 3513 1044 duo;

1914 1074 2166 1131 decimus
2189 1078 2450 1134 exclusus
2474 1085 2588 1144 est;
2621 1079 2812 1148 sicque
2845 1078 3199 1135 duodecimus
3229 1096 3493 1135 numerus

1913 1165 2004 1220 ille
2041 1167 2224 1237 periit.
2268 1166 2533 1223 Similiter
2563 1175 2617 1224 et
2646 1171 2701 1223 in
2735 1170 2963 1225 muliere
2990 1171 3102 1234 illa,
3130 1187 3250 1241 qua:
3279 1171 3496 1241 sangui-

1912 1255 1999 1310 nis
2036 1255 2304 1324 proﬂuvio
2347 1257 2654 1323 laborabat,
2685 1267 2742 1313 et
2793 1259 2848 1312 in
2888 1260 3016 1322 alia,
3050 1276 3172 1330 qua
3199 1261 3384 1315 decem
3424 1278 3492 1316 cx

1911 1347 2213 1412 drachmis,
2232 1363 2396 1404 unam
2422 1350 2755 1420 perdiderat.
2780 1350 2945 1420 Atqui
2960 1351 3325 1407 demonstrari
3358 1353 3490 1408 illud

1911 1447 2113 1509 potest,
2149 1440 2382 1497 [Eonem
2417 1442 2573 1497 illum
2607 1442 2992 1498 duodecimum
3019 1443 3173 1499 Judze
3204 1426 3491 1513 personam

1915 1532 2143 1589 minime
2197 1550 2362 1605 posse
2420 1536 2730 1600 sustinere;
2784 1537 2986 1591 etenim
3031 1535 3201 1593 Judas
3248 1538 3496 1591 funditus

1912 1623 2114 1694 periit;
2148 1625 2511 1684 duodecimus
2569 1636 2751 1683 autem
2795 1634 2941 1684 Aﬁon
2985 1630 3096 1693 ille,
3140 1630 3225 1683 vel
3265 1637 3323 1683 ut
3368 1630 3499 1699 ipsi-

1912 1722 2024 1771 met
2056 1715 2196 1773 ﬂetis
2228 1718 2364 1773 iisce
2405 1719 2606 1775 fabulis
2641 1720 2863 1787 docent,
2906 1736 3015 1775 non
3049 1722 3268 1791 penitus
3292 1723 3500 1775 exstin-

1912 1814 2035 1861 ctus
2066 1816 2172 1862 est.
2208 1806 2372 1865 Stetit
2404 1811 2572 1877 enim,
2598 1810 2774 1878 aiunt,
2811 1825 2880 1865 ex
2912 1811 3034 1880 ejus
3064 1810 3297 1866 adverso
3328 1810 3498 1864 Meta-

215 1897 396 1961 οὖτως
420 1895 727 1968 ἐστερεώοη
746 1914 757 1925 ·
794 1896 919 1950 οὔτε
950 1898 983 1967 ἡ
1006 1896 1215 1950 δώδεκα
1241 1896 1419 1949 ἔτεσιν
1442 1898 1811 1969 αἱμορροοῦσα

1920 1914 2142 1968 gogeus,
2180 1899 2287 1955 hoc
2317 1908 2404 1955 est
2436 1901 2742 1965 traductor,
2773 1892 2866 1971 qui
2902 1911 2957 1956 et
3006 1900 3329 1965 Horotheta,
3386 1902 3500 1955 sive

215 1988 298 2058 τῷ
338 1986 518 2041 αὐτῶν
561 1985 798 2059 δράματι
845 1987 1276 2057 ὁμοιωθήσεται·
1316 1986 1491 2059 ἐσώθη
1528 1988 1636 2059 γὰρ
1670 1989 1808 2060 μετά

215 2078 430 2132 δώδεκα
474 2076 590 2148 ἔτη,
618 2078 676 2131 ἐν
705 2073 786 2140 οἷς
826 2077 904 2150 τῷ
940 2077 1130 2147 αἵματι
1159 2076 1260 2147 τῆς
1297 2078 1504 2149 ῥύσεως
1546 2079 1804 2151 ἐφέρετο⁸

215 2171 280 2224 οὐ
309 2170 421 2241 γὰρ
465 2170 520 2222 ἐν
568 2171 683 2235 τοῖς
714 2169 907 2223 ἕνδεκα
960 2171 1135 2223 ἔτεσιν
1174 2170 1390 2241 ἀπαθὴς
1420 2171 1664 2238 διετέλει,
1713 2174 1807 2227 καὶ

217 2260 279 2312 ἐν
320 2257 402 2331 τῷ
447 2258 734 2329 δωδεκάτῳ
780 2257 837 2312 δὲ
885 2259 1187 2312 σέσωσται·
1253 2257 1377 2311 οὔτε
1426 2262 1459 2329 ἡ
1518 2259 1616 2323 τὰς
1676 2261 1809 2315 δέκα

214 2350 473 2422 δραχμὰς
501 2351 814 2422 κεκτημένη
840 2351 1091 2405 ἀπώλεσε
1117 2351 1215 2423 τὴν
1249 2352 1377 2423 μίαν
1405 2354 1485 2416 είς
1515 2354 1685 2419 τέλος,
1723 2355 1808 2407 ἵνα

220 2445 249 2498 6
276 2442 426 2498 Αἱὼν
465 2443 560 2515 τῆς
594 2442 727 2514 ὕλης
756 2441 1053 2505 ἀπολωλὼς
1085 2443 1389 2514 μυθεύηται
1429 2446 1561 2516 παρ’
1599 2446 1805 2509 αὐτοῖς.

218 2534 371 2610 Ἧψε
396 2539 505 2610 γὰρ
535 2540 627 2594 τὸν
651 2539 862 2610 λύχνον,
888 2522 983 2591 καὶ
1018 2532 1151 2608 ηὗρε
1181 2538 1278 2609 τὴν
1311 2539 1584 2609 δραχμήν.

1918 1986 2187 2043 Deﬂnitor
2217 1988 2442 2053 dicitur,
2487 2001 2542 2045 et
2590 1990 2658 2043 ad
2703 2005 2828 2045 eum
2861 1989 2985 2044 Jaot
3018 1991 3343 2053 inclamans,
3397 1991 3499 2044 hac

1917 2079 2070 2133 illum
2099 2096 2233 2136 voce
2282 2080 2539 2136 ﬁrmavit.
2571 2079 2758 2151 Neque
2803 2096 2936 2136 vero
2971 2081 3355 2136 duodecimum
3385 2082 3496 2151 jam

1916 2185 2118 2227 annum
2154 2173 2422 2241 sanguine
2453 2171 2634 2229 ﬂuens
2663 2174 2862 2229 mulier
2892 2173 2960 2228 ad
2989 2173 3222 2228 istorum
3258 2172 3498 2226 fabulam

1914 2266 2205 2332 convenit;
2245 2282 2365 2335 quze
2398 2274 2644 2322 vertente
2691 2266 2911 2322 demum
2951 2281 3096 2321 anno
3143 2264 3495 2325 duodecimo,

1913 2365 2209 2425 postquam
2272 2364 2388 2411 toto
2440 2358 2535 2411 illo
2579 2364 2825 2427 tempore
2881 2356 3152 2427 proﬂuvio
3212 2354 3500 2424 sanguinis

1915 2449 2252 2515 laborasset,
2314 2457 2539 2519 repente
2594 2449 2908 2505 consauuit.
2963 2448 3122 2517 207
3182 2446 3301 2501 Non
3353 2445 3505 2501 enim

1913 2542 2174 2599 undecim
2215 2545 2377 2599 annis
2424 2560 2623 2613 expers
2672 2544 2873 2607 morbi,
2917 2542 3243 2597 duodecimo
3276 2539 3501 2594 demum

218 2634 516 2689 sanitatem
575 2633 829 2689 obtinuit.
887 2634 966 2687 Ac
1024 2647 1201 2701 neque
1258 2635 1456 2688 mulier
1507 2633 1640 2698 illa,
1691 2649 1815 2703 quae
1853 2636 2026 2695 denas
2094 2640 2396 2695 drachmas
2431 2639 2685 2704 habebat,
2744 2655 2911 2693 unam
2943 2654 3007 2693 ex
3049 2638 3117 2693 iis
3160 2636 3343 2691 amisit
3380 2649 3501 2688 om-

221 2729 379 2792 nino,
411 2744 521 2799 quo
549 2727 958 2784 commentitius
992 2728 1080 2783 ille
1113 2743 1178 2782 ac
1223 2730 1466 2782 materia:
1510 2739 1810 2784 concretus
1850 2729 1993 2787 Αῐοη
2062 2742 2326 2790 constare
2365 2736 2564 2804 possit.
2605 2734 2869 2790 Accendit
2935 2734 3077 2790 enim
3118 2732 3420 2794 lucernam,
3448 2738 3513 2785 et‘

220 2820 543 2877 drachmam
577 2821 802 2892 reperit.

293 2915 435 2980 Δεῖν.
481 2913 576 2966 Ἐκ
610 2912 790 2966 τοίνυν
823 2911 928 2965 τῶν
971 2911 1064 2966 δύο
1109 2912 1282 2981 λόγων
1326 2912 1530 2966 τούτων
1571 2912 1603 2983 ἢ
1644 2905 1812 2985 τριῶν

220 3005 293 3060 τὰ
322 3005 503 3059 πάντα
544 3003 725 3058 αὐτῶν
767 3004 928 3066 εὐθὺς
962 3002 1285 3073 ἐλεγχθέντα
1321 3002 1810 3073 καταλειφθήσεται

221 3097 789 3170 δραματουργήματα,
833 3095 928 3149 καὶ
975 3094 1201 3167 ἀδρανῆ,
1240 3095 1335 3147 καὶ
1372 3094 1516 3148 έωλα
1553 3096 1663 3157 τοῖς
1708 3094 1810 3163 τῆς

1995 2910 2238 2967 XXXVI.
2273 2911 2641 2978 Quamobrem
2671 2912 2890 2966 duobus
2921 2911 3073 2966 hisce
3106 2910 3355 2966 tribusve
3381 2927 3505 2967 ver-

1923 3003 2008 3059 bis
2046 3005 2268 3058 illorum
2296 3004 2554 3060 discussa
2585 3004 2803 3059 somnia
2833 3018 2998 3073 quam
3035 3004 3222 3072 putida
3256 3011 3308 3058 et
3341 3004 3506 3060 imbe-

1918 3096 2045 3150 cilla
2091 3096 2220 3160 sint,
2286 3094 2444 3150 facile
2498 3095 2740 3166 prudens
2786 3095 3046 3164 quilibet,
3080 3103 3135 3149 et
3185 3103 3389 3150 sancta:
3440 3110 3505 3151 ac

224 3188 543 3260 φρονήσεως
568 3188 703 3250 υἱοῖς
732 3186 824 3240 καὶ
855 3186 1066 3250 τέκνοις
1098 3188 1209 3249 τοῖς
1232 3186 1331 3256 τῆς
1359 3185 1518 3254 ἀγίας
1552 3184 1645 3239 τοῦ
1673 3185 1807 3239 Θεοῦ

1920 3187 2206 3242 catholicas
2259 3186 2354 3242 Dei
2402 3186 2663 3243 Ecclesia:
2715 3187 2860 3243 ﬂlius
2908 3185 3329 3243 animadvertet.
3380 3187 3502 3242 Jam

224 3279 522 3350 καθολικῆς
547 3277 892 3349 Ἐκκλησίας.
924 3278 1042 3329 ’Ἰνα
1075 3277 1183 3349 γὰρ
1219 3276 1293 3348 μὴ
1325 3276 1465 3330 κατὰ
1494 3276 1601 3330 τῶν
1633 3277 1814 3331 αὐτῶν

226 3373 532 3446 φερόμενος
547 3372 625 3433 είς
652 3371 822 3441 μῆκος
844 3369 1070 3440 ἄπειρον
1097 3370 1272 3423 ἐλάσω
1292 3369 1391 3440 τὴν
1413 3369 1814 3439 πραγματείαν,

225 3464 333 3528 ἕως
368 3462 469 3533 τῆς
504 3460 737 3515 ἐνταῦθα
776 3461 1105 3532 ύφηγήσεως
1149 3461 1514 3531 ποιησάμενος
1551 3461 1650 3529 τὴν
1685 3461 1817 3513 ὑπό-

229 3572 453 3627 μνησιν,
484 3555 577 3609 καὶ
601 3551 808 3616 ἐπιθεὶς
839 3554 1012 3624 πέρας
1042 3555 1107 3625 τῇ
1135 3551 1373 3625 τοσαύτῃ
1397 3551 1575 3605 αὐτῶν
1611 3552 1819 3623 μοχθη-

233 3647 366 3718 ρίᾳ,
399 3646 494 3699 ἐπὶ
532 3645 632 3710 τὰς
684 3644 811 3716 ἐξῆς
852 3643 1168 3715 βαδιοῦμαι,
1215 3644 1345 3696 Θεὸν
1391 3642 1821 3713 ἐπικαλούμενος

234 3738 434 3809 ὁδηγόν
453 3754 510 3790 τε
539 3736 633 3792 καὶ
663 3735 956 3808 ἐπίκουρον
996 3736 1095 3806 τῆς
1125 3734 1283 3806 ἡμῶν
1323 3734 1630 3799 ἀσθενείας,
1661 3735 1741 3799 είς
1759 3734 1821 3788 τὸ

231 3830 484 3902 σωθῆναι
499 3832 606 3884 ἀπὸ
638 3829 838 3900 ταύτης
855 3830 948 3883 καλ⁹
969 3828 1076 3881 τῶν
1099 3827 1512 3899 προειρημένων
1530 3827 1819 3900 αἱρέσεων,

230 3921 329 3976 καὶ
354 3920 463 3975 τῶν
491 3920 798 3993 μελλουσῶν
818 3918 1234 3973 ἀναδείκνυσθαι
1250 3921 1362 3982 τοῖς
1384 3918 1708 3989 φιλολόγοις,
1727 3920 1825 3974 καὶ

232 4013 582 4086 βουλομένοις
608 4013 674 4067 τὰ
699 4012 904 4084 ἀκριϐῆ
930 4011 1126 4066 εἰδέναι
1147 4012 1254 4065 τῶν
1286 4013 1343 4065 ἐν
1368 4010 1447 4081 τῷ
1464 4011 1652 4083 κόσμῳ
1671 4029 1823 4065 κενο-

237 4106 454 4177 φωνιῶν
488 4123 549 4160 τε
599 4106 693 4159 καὶ
746 4106 1062 4160 ἀσυστάτων
1112 4104 1418 4175 δογμάτων.
1454 4105 1549 4167 Ei;
1595 4102 1821 4167 πολλοὺς

237 4200 351 4269 γὰρ
380 4193 527 4263 οὗτος
554 4199 652 4270 τὴν
687 4198 878 4253 ἐαυτοῦ
907 4197 1281 4269 ὀνειροπολίαν
1307 4195 1656 4267 ἐπισπείρας,
1685 4196 1824 4249 Γνω-

204 4292 419 4347 κστικὸν
448 4293 640 4346 ἐαυτὸν
671 4292 944 4356 καλέσας,
979 4289 1240 4353 πολλοὺς,
1295 4289 1371 4352 ὡς
1404 4290 1611 4356 εἰπεῖν,
1657 4305 1821 4359 σκορ-

231 4380 395 4444 πίους
418 4379 494 4443 ὡς
539 4379 667 4450 μίαν
716 4378 903 4432 ἀλυσιν
935 4377 1249 4448 συνέδησεν,
1285 4378 1362 4441 ὡς
1408 4379 1442 4449 ἡ
1487 4378 1692 4432 παλαιά
1731 4378 1824 4431 καὶ

230 4472 475 4544 ἐναργὴς
533 4471 817 4545 παραϐολὴ
870 4472 1140 4544 ὑπάρχει,
1191 4471 1307 4536 ὅτι,
1360 4469 1550 4525 ἅλυσίν
1594 4487 1717 4523 τινα
1772 4472 1824 4524 οἱ

1918 3281 2066 3337 enim
2098 3280 2310 3336 veritus
2356 3296 2477 3351 ego,
2526 3295 2595 3335 ne
2646 3280 2693 3335 si
2734 3279 2985 3349 pluribus
3033 3280 3089 3332 in
3129 3294 3250 3334 eam
3295 3289 3503 3335 sectam

1919 3374 2168 3428 invectus
2208 3371 2387 3437 fuero,
2422 3373 2477 3426 in
2512 3371 2788 3426 inﬁnitum
2823 3372 2979 3427 abeat
3022 3373 3221 3436 oratio,
3255 3371 3323 3425 ad
3359 3373 3505 3425 hunc

1919 3480 2098 3535 usque
2134 3466 2315 3520 locum
2367 3478 2695 3535 progressus
2746 3464 2967 3518 modum
3018 3463 3290 3518 adhibebo
3339 3462 3506 3519 refel-

1919 3555 2094 3612 lendae
2128 3556 2349 3612 illorum
2384 3556 2667 3626 nequitiae,
2701 3571 2897 3625 meque
2945 3555 3013 3609 ad
3051 3554 3280 3609 caeteras
3314 3556 3507 3610 redar-

1920 3648 2170 3718 guendas
2202 3647 2505 3702 conferam.
2546 3645 2652 3701 Sed
2706 3647 2942 3717 primum
2978 3646 3080 3701 via:
3110 3647 3243 3701 mihi
3286 3646 3502 3711 ducem,

1921 3750 1978 3794 et
2009 3738 2408 3795 imbecillitatis
2459 3738 2769 3809 adjutorem
2815 3754 2951 3795 mea:
2993 3737 3164 3794 Deum
3213 3739 3503 3799 invocabo.

1922 3832 2003 3887 uti
2041 3846 2128 3887 me
2153 3838 2207 3887 et
2240 3832 2308 3886 ab
2332 3832 2497 3901 hujus
2529 3818 2714 3896 secta‘,
2745 3832 3204 3903 superiorumque
3235 3832 3504 3897 omnium,

1922 3928 1977 3976 et
2018 3920 2089 3976 ab
2146 3921 2563 3991 insequentium
2621 3922 2951 3992 contagione
3003 3921 3227 3984 liberet,
3262 3935 3400 3989 quas
3451 3920 3506 3972 in

1922 4011 2267 4065 eruditorum
2304 4011 2590 4065 hominum
2624 4010 2879 4080 gratiam,
2927 4008 3021 4078 qui
3055 4008 3293 4063 absurda
3330 4008 3421 4061 illa
3452 4015 3508 4062 et

1924 4104 2109 4158 inania
2149 4103 2439 4173 dogmata,
2481 4117 2604 4171 qua:
2661 4104 2716 4155 in
2766 4102 2915 4155 hunc
2952 4101 3142 4155 orbem
3181 4108 3504 4169 eruperunt,

1924 4196 2244 4251 accuratius
2278 4195 2567 4265 explorare
2600 4193 2860 4257 student,
2902 4193 3163 4261 deinceps
3207 4206 3505 4261 perseque-

1923 4304 2068 4344 mur.
2121 4286 2402 4357 Siquidem
2445 4285 2769 4342 Valentinus
2808 4286 2915 4341 iste
2959 4285 3076 4340 suis
3118 4284 3173 4338 in
3215 4285 3506 4354 quamplu-

1928 4380 2099 4435 rimos
2119 4379 2333 4434 diﬂusis
2364 4377 2899 4447 communicatisque
2938 4375 3191 4440 somniis,
3225 4391 3349 4430 cum
3385 4391 3506 4432 sese

1925 4474 2248 4531 Gnosticum
2277 4472 2539 4543 appellari
2574 4472 2876 4538 maluisset,
2911 4470 3133 4533 multos,
3165 4478 3224 4524 ut
3252 4469 3326 4523 ita
3354 4470 3507 4524 dixe-

233 4563 490 4635 σκορπίοι
525 4563 635 4635 (85)
668 4564 775 4618 ἀπὸ
823 4564 941 4628 ἐνὸς
977 4565 1056 4627 εἰς
1088 4564 1181 4616 τὸν
1223 4563 1410 4635 ἕτερον
1459 4562 1813 4633 δεσμούντες¹

1927 4566 2067 4630 rim,
2131 4565 2380 4635 scorpios
2427 4564 2484 4618 in
2532 4575 2697 4616 unam
2748 4569 2997 4616 catenam
3045 4559 3406 4626 constrinxit;
3452 4558 3506 4613 id

231 4657 338 4721 ἕως
378 4656 514 4711 δέκα
566 4656 599 4726 ἢ
658 4657 752 4710 καὶ
798 4655 1014 4719 πλείους
1074 4655 1181 4709 ἀπὸ
1241 4654 1442 4725 στέγης
1487 4654 1521 4725 ἢ
1569 4653 1818 4725 δώματος

231 4746 464 4810 ἑαυτοὺς
503 4746 730 4818 χαλῶσι,
788 4746 881 4800 καὶ
910 4746 1084 4809 οὓτως
1131 4746 1270 4816 μετά
1313 4745 1465 4799 δόλου
1504 4746 1602 4817 τὴν
1639 4745 1820 4817 λύμην

233 4846 347 4906 τοῖς
378 4840 686 4913 ἀνθρώποις
716 4840 1061 4911 ἐργάζονται.
1082 4837 1269 4901 Οὕτως
1305 4838 1399 4891 καὶ
1432 4832 1607 4901 οὗτος,
1645 4838 1740 4891 καὶ
1770 4839 1818 4892 οἱ

230 4933 399 4990 αὐτοῦ
444 4931 765 5003 καλούμενοι
811 4931 1108 4986 Γνωστικοὶ
1136 4932 1235 5003 τῆς
1266 4930 1472 5000 πλάνης
1513 4930 1818 5001 ἀρχηγέται

240 5026 513 5099 γεγόνασι,
537 5025 630 5079 καὶ
657 5024 787 5097 παρ’
808 5022 968 5078 αύτοῦ
990 5021 1090 5086 τὰς
1109 5022 1409 5093 προφάσεις
1432 5022 1816 5091 ὑπειληφότες,

233 5122 420 5193 ἕτερος
456 5120 544 5189 ὑφ’
582 5119 770 5190 ἐτέρου
804 5116 1163 5189 μαθητευθεὶς
1191 5115 1330 5186 μετὰ
1364 5115 1454 5169 τὸν
1497 5115 1818 5169 διδάσκαλον

235 5211 560 5283 προσθήκην
591 5212 690 5283 τῆς
729 5210 938 5279 πλάνης
967 5208 1285 5281 εἰργάσατο,
1322 5209 1416 5261 καὶ
1445 5207 1638 5280 ἐτέραν
1665 5208 1817 5277 αἴρε-

234 5321 321 5358 σιν
355 5304 713 5374 εἰσηγήσατο,
742 5302 1007 5374 ἐχομένης
1036 5304 1052 5333 ¹
1086 5301 1188 5370 τῆς
1219 5300 1510 5372 προτέρας.
1536 5299 1647 5352 Καὶ
1674 5298 1817 5352 οὕτω

236 5398 378 5453 ίατά
418 5395 519 5467 τὴν
558 5394 809 5466 διαδοχὴν
852 5396 933 5458 είς
969 5394 1257 5464 διαφόρους
1299 5392 1542 5464 αἱρέσεις
1580 5392 1737 5445 αὐτοὶ
1767 5394 1816 5445 oi

228 5488 528 5561 κληθέντες
568 5486 608 5539 Γ
610 5488 864 5541 νωστικο).
913 5485 1319 5559 ἐμερίσθησαν·
1377 5484 1532 5557 παρά
1582 5484 1818 5540 υύαλεν-

317 5646 335 5676 ³
366 5641 497 5699 For.
530 5641 816 5715 ἐχομένην.

1924 4655 2071 4728 quod
2096 4664 2281 4721 vetus,
2305 4671 2371 4711 ac
2404 4661 2603 4710 testata
2623 4653 2922 4708 similitudo
2951 4653 3212 4707 declarat.
3237 4650 3508 4707 Nimirum

1926 4751 2177 4821 scorpios
2210 4749 2279 4804 ad
2314 4750 2503 4805 decem
2539 4747 2793 4818 pluresve
2821 4753 3030 4801 catenae
3062 4744 3237 4800 instar
3268 4744 3409 4798 alios
3439 4743 3510 4797 ab

1928 4843 2052 4899 aliis
2082 4858 2389 4913 suspensos
2416 4856 2539 4897 sese
2567 4856 2634 4895 ex
2675 4847 2820 4895 tecto
2849 4853 2914 4893 ac
2960 4836 3165 4894 solario
3196 4835 3506 4897 demittere,

1927 4914 2118 5002 sicque
2143 4948 2212 4989 ex
2245 4932 2464 4988 insidiis
2500 4930 2749 4986 homines
2791 4928 3120 4998 opprimere.
3154 4926 3246 4980 Sic
3269 4924 3379 4990 ille,
3407 4939 3504 4994 po-

1926 5024 2171 5096 sterique
2194 5023 2315 5094 ejus
2329 5038 2523 5079 omnes
2546 5020 2793 5077 Gnostici
2814 5020 2937 5075 falsi
2962 5017 3231 5088 dogmatis
3252 5024 3508 5068 auctores

1923 5118 2219 5181 exstitere,
2267 5123 2323 5170 et
2374 5114 2446 5169 ab
2473 5114 2567 5169 illo
2611 5112 2819 5168 erroris
2867 5115 3188 5180 argumenta
3234 5104 3401 5168 nacti,
3442 5118 3507 5158 ac

1925 5207 2282 5264 successione
2310 5207 2552 5277 quadam
2586 5206 2821 5260 invicem
2863 5202 3064 5265 edocti,
3091 5199 3158 5253 ad
3191 5212 3311 5253 eam
3341 5210 3505 5266 quam

1927 5317 1959 5357 a
1987 5302 2253 5372 magistro
2293 5306 2581 5372 acceperat
2613 5312 2768 5355 suam
2814 5296 3045 5367 quilibet
3071 5292 3384 5364 Opinionem
3413 5290 3510 5345 ad-

1923 5392 2080 5463 jecit,
2129 5408 2435 5463 novamque
2474 5401 2684 5448 sectam
2731 5403 2855 5444 cum
2915 5386 3097 5458 priore
3144 5384 3510 5439 cohaerentem

1930 5484 2159 5543 invexit.
2185 5483 2302 5552 Qua
2332 5501 2390 5541 re
2428 5483 2632 5541 factum
2661 5488 2770 5549 est,
2801 5490 2860 5537 ut
2889 5478 3135 5536 Gnostici
3157 5476 3306 5533 varia
3337 5476 3517 5532 haere—

310 5823 428 5890 (83)
473 5824 595 5878 ’Ότι
650 5822 878 5891 ἅλυσίν
928 5839 1058 5879 τινα
1115 5825 1167 5879 οἱ
1224 5822 1522 5885 σκορπιέι.
1589 5819 1808 5878 Ᾰίιὶίωυ

1924 5819 1976 5877 b.
2013 5835 2065 5876 vr
2105 5815 2268 5880 Ηὶδι..
2301 5832 2390 5871 an.
2432 5812 2548 5870 125.
