3982 6422
530 393 635 446 543

1923 396 1981 453 S.
2025 396 2366 454 EPIPHANII
3666 398 3741 454 5H

530 523 665 563 seon
691 507 928 563 divortia
959 509 1223 581 paulatim
1255 509 1527 577 fecerint;
1550 511 1644 582 qui
1679 511 1901 582 quidem
1925 527 2117 569 omnes

2243 512 2370 565 :ivou
2402 514 2607 584 μέντοι,
2641 512 2718 577 ὡς
2750 512 2909 583 ἔφην,
2941 512 3034 565 καὶ
3063 510 3170 565 τῶν
3200 509 3303 579 πρὸ
3328 506 3490 562 αὑτοῦ
3521 509 3608 572 τὶς
3640 526 3740 581 προ-

532 614 559 652 a
608 593 926 664 Valentino,
988 610 1048 655 ut
1085 601 1349 663 diximus,
1386 604 1566 673 iisque
1621 604 1870 675 insuper,
1918 604 2013 674 qui
2052 619 2120 660 eo

532 691 850 759 superiores
900 693 1256 757 exstiterant,
1307 693 1524 748 initium
1578 704 1932 765 acceperunt.
1962 693 2121 750 Nunc

535 779 807 833 universae
862 779 1071 849 pariter
1120 778 1371 838 veritaﬁs
1417 782 1673 838 doctrina
1722 792 2014 854 prostrata;
2056 800 2122 840 ac

535 867 864 938 proculcata
894 870 1291 938 praetereunda).
1331 879 1485 937 sunt,
1516 888 1628 944 quo
1658 874 1852 930 eadem
1886 872 1982 930 Dei
2019 889 2125 947 ope

535 973 599 1013 ac
632 958 834 1014 virtute
866 957 989 1014 freti
1019 960 1267 1031 reliquas
1292 969 1733 1033 perscrutemur.

766 1072 935 1144 208
971 1072 1346 1129 ADVERSUS
1384 1073 1888 1143 SECUNDIANOS,

533 1185 617 1239 Ad
642 1202 771 1257 quos
805 1202 917 1241 sese
949 1184 1977 1263 Epiphanes__e_t_lsidorgs_agpljcaruut,
2009 1206 2127 1263 quae

876 1267 954 1311 est
987 1257 1203 1311 bwresis
1233 1256 1351 1312 XII
1379 1260 1487 1313 sive
1526 1256 1777 1314 XXXII.

607 1345 645 1400 I.
667 1345 1028 1417 Posteaquam
1049 1346 1428 1405 Valentiniana
1446 1351 1639 1411 haeresi
1654 1351 1894 1407 defuncti
1913 1368 2126 1420 sumus,

535 1448 591 1494 et
628 1455 684 1493 tn
714 1436 836 1509 ejus
868 1438 1106 1495 dumetis
1134 1456 1199 1495 ac
1239 1443 1500 1512 vepribus
1532 1459 1866 1515 magnopere
1911 1445 2130 1500 labora-

537 1536 743 1595 vimus,
775 1530 1040 1602 deinceps
1076 1532 1388 1588 incredibili
1424 1550 1550 1589 cum
1594 1541 1797 1592 sudore
1835 1553 1900 1593 ac
1938 1538 2128 1608 cujus-

537 1624 664 1678 dam
718 1625 868 1678 velut
915 1626 1267 1696 agriculturae
1310 1627 1560 1683 molestia
1596 1628 1664 1682 ad
1701 1630 1948 1699 reliquas
1980 1630 2131 1687 illius

540 1715 854 1773 cvellendas
883 1717 1095 1787 spinas,
1128 1734 1193 1773 ac
1222 1726 1394 1775 tetras
1424 1728 1739 1790 serpentum
1768 1721 1971 1793 effigies
1998 1737 2130 1792 pro-

543 1806 810 1875 tligandas
852 1806 1160 1861 veniemus.
1206 1806 1312 1862 Sed
1356 1809 1409 1862 in
1434 1808 1629 1879 prinvis
1672 1807 1912 1879 Spiritus
1952 1810 2129 1864 sancti

2226 605 2422 672 φάσεις
2469 604 2788 674 είληφότες,
2841 604 2992 674 ὅμως
3037 602 3093 655 αί
3153 600 3537 672 προειρημέναι
3577 600 3661 653 σὺν
3698 603 3750 672 τῇ

2224 697 2417 750 τούτου
2445 696 2540 750 τοῦ
2571 694 2923 750 Οὐαλεντίνου
2956 697 3021 765 τῇ
3047 692 3149 764 τῆς
3190 690 3447 763 ἀληθείας
3482 689 3754 764 διδασκαλίᾳ

2229 790 2701 858 καταπατηθεῖσαι
2731 790 2822 860 ὑφ’
2863 789 3021 860 ἡμῶν
3066 785 3467 859 παρείσθωσανς
3504 785 3673 856 Ἡμεῖς
3711 786 3754 838 δι

2228 884 2327 947 τὰς
2356 883 2482 953 ἑξῆς
2507 883 2565 936 ὲν
2590 884 2659 954 τῇ
2687 881 2780 936 τοῦ
2807 881 2945 936 Θεοῦ
2974 879 3199 951 δυνάμει
3227 879 3672 951 διασκοπήσωμεν.

2617 1076 2808 1131 ΚΑΤΑ
2860 1071 3389 1130 ΣΕΚΟΥΝΔΙΔΝΩΝ
3403 1114 3418 1140 ,

2231 1186 2339 1256 Οἵς
2364 1186 2651 1260 συγήφθη
2669 1187 3001 1258 Ἐπιφὰνης
3025 1189 3123 1243 καὶ
3145 1188 3467 1260 Ἰσίδωρος,
3487 1187 3757 1257 δωδεκάτη,

2609 1206 2651 1256 η
2675 1206 3001 1258 Lacydi-nc
3025 1206 3123 1243 και
3151 1206 3441 1311 Ἱσισιΐος

2609 1261 2648 1328 ἡ
2684 1260 2782 1315 καὶ
2814 1259 3137 1328 τριακοστὴ
3171 1258 3312 1313 δευτ
3340 1277 3441 1327 ρα.

2303 1352 2380 1408 A'.
2434 1351 2806 1425 Παρελθόντες
2831 1351 3015 1422 δὲτὴν
3052 1351 3146 1404 τοῦ
3185 1350 3534 1405 Οὐαλεντίνου
3573 1351 3761 1421 αἵρεσιν,

2231 1445 2327 1500 καὶ
2388 1445 2559 1500 πολλά
2622 1444 2993 1515 μοχθήσαντες
3049 1445 3107 1496 ὲν
3166 1445 3234 1514 τῇ
3283 1441 3576 1497 άκανθὼδει
3633 1442 3761 1521 ab???»

2233 1539 2434 1609 σπορᾷ,
2461 1535 2551 1590 διά
2585 1533 2801 1599 πολλοῦ,
2838 1534 2912 1599 ὡς
2944 1535 3142 1597 είπεῖν,
3171 1534 3422 1604 καμάτου
3453 1533 3542 1587 καὶ
3571 1548 3762 1604 γεωργι-

2234 1631 2337 1701 κῆς
2381 1627 2755 1692 κακοπαθείας
2809 1628 2903 1681 ἐπὶ
2948 1626 3016 1680 τά
3065 1625 3297 1696 λείψανα
3345 1626 3445 1696 τῆς
3477 1624 3765 1687 ἀκανθώδους

2233 1720 2396 1775 αὑτοῦ
2433 1722 2641 1793 σπορᾶς
2694 1719 2789 1773 καὶ
2832 1717 3172 1792 ἑρπετώδους
3210 1716 3377 1772 αὐτοῦ
3426 1715 3764 1791 Θηριομορφίας

2236 1813 2612 1885 ἐλευσόμεθα,
2665 1812 2725 1865 τὸ
2770 1812 2924 1881 ἆγιον
2980 1811 3209 1884 Πνεῦμα
3254 1809 3602 1883 αἰτησάμενοι
3651 1809 3764 1880 παρά

542 1912 702 1968 opem
730 1913 759 1953 a
788 1896 1013 1954 Christn
1045 1900 1470 1968 postulabimus,
1494 1910 1557 1954 ut
1585 1900 1751 1969 hujus
1782 1900 1935 1954 illum
1962 1900 2134 1956 inter-

2243 1906 2501 1981 Χριστοῦ,
2535 1908 2616 1969 εἰς
2655 1905 2717 1959 τὸ
2756 1905 2823 1958 δι’
2853 1904 3018 1958 αὐτοῦ
3044 1903 3348 1957 ὲπισπάσαι
3381 1904 3499 1966 ταῖς
3524 1900 3694 1971 ψυχαῖς
3716 1903 3763 1972 τῇ

543 1995 709 2043 ventu
750 2003 847 2059 per
884 1989 1169 2044 cmlestem
1226 1988 1536 2045 doctrinam
1586 1990 1986 2062 religiososque
2019 2008 2135 2049 ser-

544 2094 735 2134 mones
782 2081 836 2134 in
864 2081 1150 2136 hominum
1191 2082 1408 2138 animos
1435 2083 1658 2148 elicere,
1694 2084 1764 2138 ab
1804 2084 2003 2155 iisque,
2038 2085 2132 2156 qui

544 2173 598 2227 id
624 2173 769 2228 ultro
797 2174 1090 2240 voluerint,
1135 2174 1455 2246 pestiferum
1486 2176 1638 2232 virus
1668 2178 1962 2233 extrahere
2009 2193 2136 2249 pos-

544 2264 741 2320 simus.
774 2262 984 2334 Seqnar
1010 2281 1142 2321 vero
1177 2267 1231 2321 in
1265 2267 1333 2323 iis
1360 2267 1704 2338 exponendis
1734 2278 1956 2324 aetatum
1983 2269 2135 2325 ordi-

546 2371 695 2421 nem,
725 2372 789 2412 ac
830 2358 991 2428 cujus
1020 2360 1256 2430 quisque
1284 2376 1581 2417 successor
1618 2361 1896 2417 exstiterit
1930 2361 1987 2416 in
2029 2361 2138 2417 illis

546 2451 901 2506 recensendis
934 2452 1199 2521 aperiam,
1236 2452 1330 2522 qui
1377 2452 1447 2507 ab
1493 2453 1589 2507 illo
1633 2451 1870 2524 profecti
1916 2451 2137 2508 diversa

545 2540 795 2612 quaedam
827 2541 1095 2598 doctrinae
1125 2543 1337 2599 semina
1363 2552 1713 2614 sparserunt.

617 2633 828 2689 Horum
867 2635 1036 2705 igitur
1062 2651 1093 2690 e
1142 2650 1375 2691 numero
1417 2635 1707 2701 Secundus
1752 2634 1974 2706 quidam
2010 2634 2136 2699 fuit,

548 2726 644 2798 qui
671 2728 795 2796 plus
845 2726 1053 2795 aliquid
1087 2741 1254 2796 quant
1298 2727 1479 2782 caeteri
1516 2741 1711 2797 sapere
1754 2725 2002 2790 studens,
2036 2726 2140 2781 ctsi

550 2818 741 2874 eadem
769 2834 891 2893 quae
912 2817 1240 2874 Valentinus
1288 2819 1486 2875 asserit
1519 2819 1725 2887 omnia,
1754 2819 2020 2889 ampliore
2058 2827 2141 2873 ta-

551 2927 677 2967 men
711 2911 894 2967 sonitu
948 2911 1291 2967 furiosorum
1320 2926 1484 2967 aures
1512 2912 1772 2983 opplevit.
1816 2910 1918 2966 Hic
1947 2911 2140 2967 eodem

551 3016 662 3071 quo
694 3000 1021 3059 Valentinus
1056 3010 1302 3073 tempore
1334 3004 1589 3059 eumdem
1636 3004 1816 3074 ipsum
1862 3018 2007 3058 novo
2026 3003 2142 3057 .ali-

550 3109 663 3164 quo
699 3093 922 3150 invento
963 3109 1226 3165 superare
1257 3096 1522 3166 gestiens,
1554 3094 1789 3166 primam
1825 3094 2139 3166 Ogdoadem

550 3203 619 3241 ex
650 3185 890 3242 Tetrade
923 3186 1118 3242 dextra
1158 3202 1223 3243 ac
1248 3188 1477 3244 sinistra
1509 3188 1740 3243 conﬂari
1769 3187 1989 3252 docuit;
2005 3202 2144 3259 qua-

555 3296 675 3334 rum
725 3280 953 3335 alteram
1002 3279 1237 3348 Lumen,
1274 3280 1556 3337 Tenebras
1602 3280 1831 3336 alteram
1881 3279 2146 3351 appellari

552 3372 748 3427 voluit.
777 3371 898 3428 Jam
941 3387 1071 3428 vero
1096 3372 1384 3445 ,Virtutem
1417 3374 1566 3428 illam
1609 3388 1733 3445 qua:
1761 3370 2056 3437 defecisse,
2092 3381 2147 3427 et

556 3464 625 3518 ad
658 3464 900 3533 inopiam
932 3462 1108 3519 fuisse
1145 3464 1372 3519 redacta
1415 3464 1644 3528 dicitur,
1685 3469 1849 3533 negat
1887 3477 1955 3516 ex
1984 3462 2148 3516 trice-

559 3551 717 3607 nario
751 3552 845 3605 illo
874 3565 1105 3608 numero
1135 3550 1379 3607 JEonnm
1408 3554 1715 3617 exstitisse,
1738 3551 1837 3607 sed
1865 3551 2148 3607 inferioris

558 3641 855 3713 cujusdam
885 3642 1123 3707 ordinis,
1155 3659 1219 3699 ex
1256 3657 1450 3698 eorum
1480 3644 1739 3698 videlicet
1760 3659 1924 3714 grege
1954 3644 2146 3706 fuisse.

559 3736 652 3808 qni
686 3734 828 3790 infra
867 3736 1032 3790 aliam
1069 3734 1386 3807 Ogdoadem
1417 3735 1779 3791 collocantur.
1822 3734 1897 3790 De
1926 3734 2151 3789 Christo

560 3829 795 3898 aliisque
835 3828 1186 3900 dogmatibus
1214 3828 1405 3885 eadem
1433 3843 1558 3884 cum
1593 3835 1818 3883 auctore
1842 3826 2036 3885 veneni
2064 3826 2151 3882 sui

562 3939 627 3978 ac
657 3924 1036 3979 ministratore
1064 3923 1353 3979 Valentino
1381 3921 1594 3977 statuit.
1627 3921 1811 3987 Quare
1837 3937 1962 3977 cum
2003 3919 2151 3975 baud

563 4016 638 4071 ita
673 4016 848 4071 multa
879 4015 991 4070 sint
1019 4015 1090 4070 ab
1132 4016 1241 4071 isto
1270 4013 1506 4070 diversis
1544 4028 1610 4067 ac
1642 4013 1944 4084 peregrinis
1977 4013 2153 4084 capti-

561 4116 686 4163 cata
736 4107 983 4171 vocibus,
1014 4121 1186 4177 pauca
1234 4106 1350 4160 haec
1389 4120 1511 4175 qu:e
1554 4104 1702 4159 dicta
1732 4113 1864 4161 sunt
1906 4105 2155 4160 sufficere

564 4196 773 4270 putavi,
805 4212 928 4267 qua:
967 4211 1064 4267 per
1101 4195 1283 4266 seipsa
1326 4195 1463 4250 satis
1499 4194 1565 4249 ad
1603 4193 1961 4249 refellendum
1995 4209 2157 4264 argu-

563 4296 875 4345 mentorum
906 4287 1280 4358 suppeditant.
1329 4285 1437 4340 Sed
1471 4284 1538 4339 de
1572 4285 1667 4339 illo
1694 4294 1873 4340 tamen
1915 4284 2156 4339 breviter

564 4397 783 4452 quoque
834 4380 1229 4451 disputandum
1277 4387 1394 4442 est,
1445 4392 1516 4432 ne
1567 4377 1729 4442 ideo,
1777 4378 1925 4447 quod
1963 4386 2157 4434 contra

566 4473 745 4545 ipsum
775 4471 970 4527 afferre
1002 4471 1142 4525 nihil
1177 4484 1488 4540 possemus,
1519 4469 1937 4539 praetermisisse
1963 4470 2157 4525 videa-

2236 2005 2295 2056 ὲν
2326 1998 2446 2071 Θεῷ
2476 1998 2799 2069 διδασκαλίᾳ
2847 1996 2943 2050 καὶ
2988 1995 3170 2067 σεμνῷ
3210 1995 3379 2066 λόγῳ,
3418 1993 3648 2057 καὶτοὺς
3683 1993 3765 2056 iob;

2238 2092 2551 2148 ἀνασπάσαι
2608 2090 2904 2161 δυνηθῆναι
2950 2088 3060 2143 ἀπὸ
3131 2087 3243 2143 τῶν
3298 2087 3443 2142 οὕτω
3489 2085 3765 2158 προειρημέ-

2237 2204 2345 2241 νων
2373 2185 2506 2257 (84).
2539 2184 2810 2257 Ἀρξομαι
2840 2183 2897 2235 δὲ
2931 2181 3060 2255 περὶ
3091 2180 3302 2235 τούτων
3337 2181 3516 2250 λέγειν
3543 2178 3664 2232 κατά
3684 2177 3766 2231 δια·

2238 2277 2434 2348 δοχὴν,
2481 2276 2566 2339 τίς
2595 2276 2739 2338 τίνος
2769 2272 3010 2344 διάδοχος
3057 2272 3355 2344 γεγένηται
3400 2269 3505 2323 τῶν
3545 2270 3599 2336 ἐξ
3640 2265 3763 2322 αὑτοῦ

2238 2368 2598 2441 ὁρμωμένων,
2647 2367 2743 2422 καὶ
2784 2365 2977 2437 ἑτέραν
3029 2363 3180 2436 παρὰ
3223 2363 3328 2436 τὴν
3356 2362 3557 2415 ἐκείνου
3605 2356 3767 2429 σπορὰν

2239 2458 2621 2513 διδασκόντων.

2315 2632 2606 2699 Σεκοῦνδος
2634 2633 2813 2688 τοίνυν
2841 2650 2926 2699 τις
2956 2633 3016 2701 ἐξ
3044 2632 3225 2689 αὐτῶν
3252 2631 3353 2697 ὣν,
3381 2630 3474 2687 καὶ
3508 2628 3767 2703 περισσὰτε-

2248 2727 2339 2800 ρόν
2369 2743 2423 2779 τι
2451 2724 2771 2796 βουλόμενος
2800 2725 3087 2797 φρονῆσαι,
3124 2725 3310 2779 πάντα
3345 2724 3442 2796 μὲν
3475 2722 3540 2776 τὰ
3565 2720 3684 2775 κατά
3703 2719 3768 2771 τὸν

2245 2817 2597 2871 υύαλεντῖνον
2652 2815 2929 2887 ἐξηγεῖται
2953 2855 2968 2882 ,
3031 2814 3423 2887 περισσότερον
3466 2811 3520 2866 δὲ
3565 2806 3678 2881 ἦχον
3712 2808 3768 2869 είς

2246 2908 2417 2972 ἀκοὰς
2460 2907 2571 2961 τῶν
2601 2906 3126 2980 ὲμΰεὸροντημένων
3176 2904 3468 2978 ὲξήχησεν.
3509 2897 3659 2965 Οὗτος
3692 2898 3768 2969 γὰρ

2246 2999 2389 3054 κατὰ
2419 2998 2774 3052 Οὐαλεντῖνον
2805 2995 2901 3061 ὢν,
2927 2996 3003 3060 ὼς
3030 2998 3315 3068 προεῖπον,
3347 2995 3486 3066 ὑπὲρ
3507 2992 3559 3046 δὲ
3585 2988 3769 3044 Οὐαλεν-

2246 3094 2391 3145 τίνον
2432 3089 2666 3162 φρονῶν,
2701 3087 2848 3158 λέγει
2880 3082 3022 3142 εἶναι
3055 3087 3155 3159 τὴν
3189 3086 3418 3158 πρώτην
3448 3083 3677 3154 Ὀγδοάδσ
3698 3079 3769 3131 Ta-

2249 3183 2421 3256 τράδα
2446 3181 2653 3249 δεξιὰν,
2685 3181 2782 3235 καὶ
2810 3180 3058 3252 Τετράδα
3108 3179 3440 3251 ἀριστεράν·
3479 3175 3609 3232 οὕτω
3634 3187 3767 3244 παρα-

2246 3279 2423 3343 διδοὺς
2456 3276 2740 3331 καλεῖσθαι
2771 3274 2870 3344 τὴν
2923 3273 3024 3346 μὲν
3057 3273 3188 3345 μίαν
3229 3273 3354 3336 Φῶς
3374 3312 3390 3337 ,
3434 3271 3530 3343 τὴν
3570 3269 3620 3323 δὲ
3647 3265 3769 3332 ἀλλην

2248 3371 2449 3433 Σκότος
2469 3386 2485 3403 ο
2529 3368 2631 3441 τὴν
2671 3367 2729 3421 δὲ
2762 3365 3080 3420 άποστᾶσάν
3104 3382 3165 3419 τε
3210 3366 3309 3420 καὶ
3343 3363 3686 3435 ύστερήσασαν
3706 3353 3770 3407 δύο

2248 3481 2414 3537 ναμιν
2470 3460 2545 3534 μὴ
2593 3456 2734 3513 εἶναι
2768 3457 2878 3512 ἀπὸ
2922 3455 3032 3511 τῶν
3065 3456 3361 3528 τριάκοντα
3404 3453 3638 3515 Αίώνων,
3672 3445 3772 3500 tm

2252 3557 2390 3630 μετὰ
2418 3557 2544 3619 τοὺς
2572 3552 2866 3625 τριάκοντα
2898 3551 3130 3616 Αῖῶνας,
3154 3550 3231 3615 ὡς
3250 3545 3393 3604 εἶναι
3419 3549 3523 3602 ἀπὸ
3543 3545 3636 3600 τῶν
3668 3537 3772 3630 μεᾲ

2248 3628 2348 3720 τὴν
2378 3645 2638 3717 Ὀγδοάδα
2662 3645 2763 3715 τὴν
2789 3642 2956 3715 ἄλλην
2989 3643 3288 3714 κατωτέρω
3314 3640 3623 3712 γενομένων.
3649 3633 3712 3687 Τὰ
3732 3628 3772 3682 δὲ

2252 3742 2428 3797 πάντα
2466 3740 2594 3813 περὶ
2617 3736 2855 3811 Χριστοῦ
2880 3737 2975 3791 καὶ
3006 3735 3117 3789 τῶν
3143 3736 3322 3789 ἀλλων
3348 3733 3617 3805 δογμάτων
3639 3721 3774 3781 ὡσαύ-

2250 3852 2360 3899 τως
2397 3832 2474 3905 τῷ
2511 3832 2626 3904 ἰδίῳ
2655 3828 2879 3903 χορηγῷ
2917 3828 2993 3900 τῷ
3034 3827 3114 3882 ίοῦ
3162 3829 3255 3882 καὶ
3300 3828 3485 3898 δοτῆρι
3540 3823 3622 3877 τοῦ
3650 3818 3773 3889 δηλη-

2251 3928 2443 4000 τηρίου
2483 3924 2823 3994 Ούαλεντίνῳ
2843 3920 3181 3993 δογματίζει.
3214 3921 3308 3991 Mi;
3340 3918 3543 3974 πολλῶν
3571 3915 3621 3969 δὲ
3647 3912 3773 3965 ὄντων

2252 4019 2360 4072 τῶν
2411 4017 2517 4072 ύπὺ
2565 4015 2753 4069 τούτου
2802 4013 3077 4085 διαφόρως
3112 4010 3613 4083 ξενολεκτουμένων,
3651 4005 3771 4074 ἀρκε-

2257 4111 2449 4183 σθῆναι
2480 4111 2578 4183 μὲν
2603 4108 2901 4181 ἡγησάμην
2925 4107 3035 4161 δεῖν
3058 4109 3170 4171 τοῖς
3194 4103 3618 4178 προειρημένοις,
3636 4096 3774 4183 ἔχουσι

2256 4181 2355 4255 καῖ
2374 4200 2468 4269 ἀφ’
2483 4181 2706 4253 δὲαυτῶν
2729 4200 2829 4270 τὴν
2858 4197 3190 4270 ἀνατροπὴν,
3222 4197 3375 4266 ὅμως
3399 4195 3443 4247 δ’
3471 4187 3556 4246 οὖν
3580 4188 3661 4243 καὶ
3684 4181 3774 4252 περὶ

2258 4292 2425 4346 αὑτοῦ
2470 4291 2628 4361 ὀλίγα
2673 4290 2835 4358 λέξω,
2870 4291 2957 4345 ἵνα
3011 4289 3085 4361 μὴ
3142 4289 3209 4342 δι’
3255 4288 3488 4359 ἀπορίαν
3532 4275 3775 4361 παρεληλυξ

2258 4382 2411 4436 θέναι
2444 4399 2497 4435 τι
2548 4358 2670 4435 δέατ’
2705 4380 2869 4434 αὑτὸν
2916 4358 3084 4445 δόξω.-
3122 4377 3185 4431 ΕΞ
3220 4376 3333 4448 γὰρ
3372 4358 3622 4444 Τετράδες
3649 4358 3775 4425 δεξιαὶ

2261 4477 2357 4530 καὶ
2388 4473 2658 4545 εύώνυμοι
2691 4474 2823 4544 παρ’
2850 4472 3034 4537 αὐτοῖς
3061 4471 3375 4533 τάσσονται,
3410 4454 3718 4537 εὑρεθήσεταί
3738 4466 3776 4545 ξι

567 4581 712 4619 mur.
750 4565 921 4635 Igitur
953 4564 1000 4618 si
1026 4562 1293 4618 Tetrades
1318 4579 1383 4617 ex
1418 4562 1636 4615 illorum
1669 4562 1927 4631 Opinione
1950 4562 2139 4617 dextra

2262 4564 2429 4636 ζητού
2438 4541 2598 4637 μενον
2619 4541 2785 4635 μέσον
2804 4560 2899 4615 τοῦ
2916 4578 2974 4614 τε
2990 4559 3166 4625 δεξιοῦ
3182 4559 3275 4613 καὶ
3292 4558 3383 4613 τοῦ
3403 4558 3576 4629 ἀριστε
3585 4547 3679 4623 ροῦ-
3696 4541 3775 4637 πᾶν

569 4664 701 4712 sunt
731 4634 795 4711 ac
841 4655 1103 4719 sinistrae,
1148 4655 1390 4709 medium
1424 4654 1568 4707 inter
1594 4668 1690 4707 eas
1720 4654 1978 4723 quiddam
2018 4655 2139 4709 assii

2260 4634 2370 4728 γάρ
2414 4634 2595 4710 ὁτιοῦν
2624 4634 2809 4719 δεξιὰς
2843 4651 2964 4724 ἕχον
2993 4652 3090 4705 καὶ
3122 4649 3437 4721 εὐωνύμους
3465 4642 3628 4707 τάξεις

570 4747 726 4819 gnari
781 4752 1033 4815 oportet,
1079 4750 1371 4818 propterea
1423 4742 1568 4813 quod
1611 4743 1881 4813 quidquid
1934 4744 2139 4798 dextro:

2259 4750 2461 4820 ἕστηκε
2490 4747 2600 4801 τῶν
2631 4746 2930 4817 εὐωνύμων
2975 4743 3140 4798 αὐτοῦ
3178 4744 3272 4797 καὶ
3306 4739 3489 4808 δεξιῶν
3508 4751 3522 4766 '
3550 4733 3630 4788 καὶ

569 4815 735 4895 habet
766 4853 830 4893 ac
866 4815 1127 4893 sinistros
1157 4836 1404 4900 ordines,
1444 4840 1500 4890 lu
1537 4850 1729 4890 eorum
1764 4835 1947 4891 medio
1981 4836 2139 4891 collo‘

2264 4815 2691 4912 905‘59Vﬂ0‘8‘tat
2713 4815 3017 4899 εἶναιδεξιά
3042 4833 3378 4905 ἢάριστερὰ,
3411 4831 3457 4883 εἱ
3486 4827 3553 4899 μή
3580 4839 3627 4875 τι
3656 4818 3708 4872 ἂν
3728 4815 3773 4865 ὲκ

576 4933 692 4988 cari
740 4945 964 4987 necesse
991 4936 1115 4998 est;
1163 4927 1328 5000 209
1355 4942 1532 4999 neque
1567 4927 1760 4983 dextra
1797 4928 1882 4984 vel
1929 4928 2139 4984 sinistr:

2267 4911 2696 5000 μεσολαϐοῦντος
2722 4924 2976 4997 σώματος
3006 4923 3267 4995 ἐκατέρου
3287 4919 3527 4995 μέρουςή
3558 4911 3773 5000 διάκριςιξ

569 5025 784 5097 uspiam
826 5038 953 5080 esse
1002 5028 1267 5093 possunt,
1320 5021 1430 5076 nisi
1483 5036 1552 5077 ex
1596 5020 1887 5091 interjecto
1926 5035 2139 5092 corpori

2263 4999 2515 5091 γένηταιῖ
2548 5018 2693 5088 ’Δρα
2725 5012 2840 5083 οὖν,
2868 5015 3062 5087 ἀνόητε
3102 5013 3383 5077 Σεκοῦνδε,
3419 5010 3508 5064 καὶ
3526 4999 3678 5059 οίάπὸ
3700 5009 3769 5094 σοις

572 5120 860 5190 utriusque
905 5117 1081 5189 partis
1128 5114 1429 5171 discrimen
1480 5122 1717 5187 petatur.
1764 5113 2130 5181 Quamobrem

2262 5114 2631 5188 ἠπατημένοι,
2660 5110 2724 5166 τδ
2755 5110 3101 5183 μεσαίτατον,
3125 5109 3218 5179 ἀφ’
3243 5103 3413 5177 οὗπερ
3440 5103 3526 5157 καὶ
3565 5098 3775 5191 ἀριξτεῐίι

572 5183 932 5273 stolidissime
970 5209 1286 5266 mortalium
1342 5183 1636 5276 Secunde,
1681 5222 1888 5279 vosque
1942 5206 2123 5265 Secun

2265 5209 2362 5261 καὶ
2399 5205 2551 5273 δεξιά
2591 5204 3013 5265 ὑποπίπτουσιν,
3049 5200 3203 5254 ἔσται
3250 5201 3309 5253 ἓν
3338 5216 3412 5258 τι,
3439 5194 3526 5249 καὶ
3562 5188 3615 5241 ού
3658 5183 3773 5289 Grilli!"

573 5307 719 5361 diani
749 5321 964 5371 omnes,
997 5302 1239 5360 medium
1270 5303 1377 5357 erit
1409 5318 1580 5357 unum
1615 5303 1842 5373 aliquid,
1881 5303 1971 5358 cui
2022 5304 2139 5360 sini

2269 5318 2422 5355 σεται
2474 5298 2754 5370 ἀλλότριον
2801 5294 2941 5349 εἶναι
2984 5292 3081 5348 τοῦ
3120 5293 3239 5357 ἑνός
3278 5306 3419 5353 τινος
3457 5286 3514 5338 τὸ
3556 5280 3609 5344 ἐξ
3647 5280 3769 5381 αὐτου

577 5405 691 5450 stra
722 5396 1022 5467 dextraque
1054 5410 1178 5467 quae
1209 5394 1472 5450 dicuntur
1502 5395 1751 5465 subjecta
1792 5395 1946 5453 sint:
1981 5412 2139 5468 neque

2267 5391 2575 5447 ύποπίπτον
2599 5388 2774 5454 δεξιόν
2805 5404 2867 5441 τε
2911 5386 3005 5440 καὶ⁵
3052 5383 3333 5455 εὐώνυμον
3353 5398 3367 5413 ·
3398 5377 3486 5434 καὶ
3528 5373 3771 5472 ὲξανάγξῖξ

578 5487 652 5542 ab
688 5501 798 5540 uno
830 5465 1199 5544 illoﬁalienum
1233 5488 1290 5543 id
1331 5502 1455 5544 esse
1501 5488 1730 5559 poterit,
1763 5489 1910 5559 quod
1944 5489 1993 5543 ei
2029 5465 2134 5545 sub

2272 5484 2641 5556 ἀναχθήσεται
2681 5480 2744 5534 τὸ
2774 5481 2884 5533 πᾶν
2916 5480 2998 5542 είς
3027 5477 3089 5531 τὸ
3135 5476 3195 5530 ἓν
3226 5476 3305 5538 ὃν,
3332 5465 3389 5527 οῦ
3421 5465 3770 5559 άνώτατονξυοῗ

580 5576 769 5643 iicitur
799 5576 1051 5631 dextrum
1088 5587 1183 5634 aut
1210 5548 1544 5635 sinistrum}
1587 5588 1756 5649 atque
1781 5548 1867 5633 ita
1900 5579 1969 5633 ad
1999 5595 2139 5633 unan

2272 5579 2330 5633 ’ἐν
2370 5548 2536 5636 ἐὲτὶν.
2568 5573 2689 5628 οὔτε
2733 5570 3104 5643 ύποὸεϐηκὺς,
3153 5568 3278 5622 οὕτε
3314 5563 3613 5622 κατώτατον,
3643 5548 3682 5601 εἰ

579 5662 874 5733 quamdam
904 5676 1152 5725 naturam
1201 5672 1458 5728 universa
1502 5674 1832 5739 referentur,
1875 5688 1982 5745 qua
2029 5674 2139 5729 nihi

2273 5671 2337 5727 τὰ
2375 5670 2467 5724 ὑπ’
2494 5668 2661 5724 αὑτοῦ
2712 5665 3038 5737 Ξκτιςμένα·
3077 5662 3171 5718 καί
3210 5661 3357 5717 ἔσται
3407 5653 3549 5710 τοῦτο
3591 5631 3769 5713 φανερὸν

654 5813 774 5883 (εὖ)
827 5818 963 5874 Ἀπὸ
1009 5823 1124 5877 τῶν
1164 5827 1314 5881 οὕτω
1365 5832 1815 5900 προειρημένων.
1853 5832 1976 5889 Cur.
2022 5828 2438 5904 προῃρημένων.
