  <div class='ocr_page' id='page_1' title='image "/cluster/home/n/w/nwhite01/storage/ocr_20150623/41:no.1/coo.31924054869387/278.png"; bbox 0 0 3982 6464; ppageno 0'>
   <div class='ocr_carea' id='block_1_1' title="bbox 200 426 312 482">
    <p class='ocr_par' dir='ltr' id='par_1_1' title="bbox 200 426 312 482">
     <span class='ocr_line' id='line_1_1' title="bbox 200 426 312 482; baseline 0 0"><span class='ocrx_word' id='word_1_1' title='bbox 200 426 312 482; x_wconf 72' lang='grc' dir='ltr'>διε</span> 
     </span>
    </p>
   </div>
   <div class='ocr_carea' id='block_1_2' title="bbox 930 422 2917 482">
    <p class='ocr_par' dir='ltr' id='par_1_2' title="bbox 930 422 2917 482">
     <span class='ocr_line' id='line_1_2' title="bbox 930 422 2917 482; baseline -0.001 -1"><span class='ocrx_word' id='word_1_2' title='bbox 930 425 1301 482; x_wconf 75' lang='lat' dir='ltr'><strong>ADVERSUS</strong></span> <span class='ocrx_word' id='word_1_3' title='bbox 1341 423 1686 481; x_wconf 64' lang='lat' dir='ltr'><strong>llEBESES</strong></span> <span class='ocrx_word' id='word_1_4' title='bbox 1725 422 1856 479; x_wconf 87' lang='lat' dir='ltr'><strong>LIB.</strong></span> <span class='ocrx_word' id='word_1_5' title='bbox 1900 422 1943 480; x_wconf 93' lang='lat' dir='ltr'><strong>I.</strong></span> <span class='ocrx_word' id='word_1_6' title='bbox 1989 422 2153 479; x_wconf 68' lang='lat' dir='ltr'><strong>T031.</strong></span> <span class='ocrx_word' id='word_1_7' title='bbox 2198 423 2349 479; x_wconf 88' lang='lat' dir='ltr'><strong>ll.——</strong></span> <span class='ocrx_word' id='word_1_8' title='bbox 2390 422 2663 481; x_wconf 74' lang='lat' dir='ltr'><strong>ll/ERES.</strong></span> <span class='ocrx_word' id='word_1_9' title='bbox 2700 424 2917 482; x_wconf 75' lang='lat' dir='ltr'><strong>XXXII.</strong></span> 
     </span>
    </p>
   </div>
   <div class='ocr_carea' id='block_1_3' title="bbox 3256 428 3478 483">
    <p class='ocr_par' dir='ltr' id='par_1_3' title="bbox 3256 428 3478 483">
     <span class='ocr_line' id='line_1_3' title="bbox 3256 428 3478 483; baseline -0.005 -1"><span class='ocrx_word' id='word_1_10' title='bbox 3256 452 3269 464; x_wconf 72' lang='grc' dir='ltr'><em>ι</em></span> <span class='ocrx_word' id='word_1_11' title='bbox 3372 428 3478 483; x_wconf 68' lang='lat'><strong>516</strong></span> 
     </span>
    </p>
   </div>
   <div class='ocr_carea' id='block_1_4' title="bbox 199 533 1792 615">
    <p class='ocr_par' dir='ltr' id='par_1_4' title="bbox 199 533 1785 615">
     <span class='ocr_line' id='line_1_4' title="bbox 199 533 1785 615; baseline -0.001 -23"><span class='ocrx_word' id='word_1_12' title='bbox 199 540 313 603; x_wconf 79' lang='grc' dir='ltr'>τοῖς</span> <span class='ocrx_word' id='word_1_13' title='bbox 361 539 462 610; x_wconf 78' lang='grc' dir='ltr'><strong>τὴν</strong></span> <span class='ocrx_word' id='word_1_14' title='bbox 512 538 774 610; x_wconf 82' lang='grc' dir='ltr'>ἀλήθειαν</span> <span class='ocrx_word' id='word_1_15' title='bbox 824 540 1361 615; x_wconf 59' lang='grc' dir='ltr'><strong>καταμανθάνουσιν,</strong></span> <span class='ocrx_word' id='word_1_16' title='bbox 1397 540 1479 594; x_wconf 84' lang='grc' dir='ltr'>ὅτι</span> <span class='ocrx_word' id='word_1_17' title='bbox 1525 533 1607 603; x_wconf 76' lang='grc' dir='ltr'>εἷς</span> <span class='ocrx_word' id='word_1_18' title='bbox 1654 538 1785 603; x_wconf 85' lang='grc' dir='ltr'>Θεός</span> 
     </span>
    </p>
   </div>
   <div class='ocr_carea' id='block_1_5' title="bbox 1897 533 3477 615">
    <p class='ocr_par' dir='ltr' id='par_1_5' title="bbox 1897 537 3477 612">
     <span class='ocr_line' id='line_1_5' title="bbox 1897 537 3477 612; baseline 0.004 -19"><span class='ocrx_word' id='word_1_19' title='bbox 1897 554 2070 609; x_wconf 89' lang='lat' dir='ltr'><strong>neque</strong></span> <span class='ocrx_word' id='word_1_20' title='bbox 2120 537 2381 608; x_wconf 83' lang='lat' dir='ltr'><strong>superius</strong></span> <span class='ocrx_word' id='word_1_21' title='bbox 2418 537 2526 603; x_wconf 86' lang='lat' dir='ltr'><strong>sit,</strong></span> <span class='ocrx_word' id='word_1_22' title='bbox 2583 555 2763 610; x_wconf 85' lang='lat' dir='ltr'><strong>neque</strong></span> <span class='ocrx_word' id='word_1_23' title='bbox 2828 539 3085 605; x_wconf 74' lang='lat' dir='ltr'><strong>inferius;</strong></span> <span class='ocrx_word' id='word_1_24' title='bbox 3139 541 3477 612; x_wconf 81' lang='lat' dir='ltr'><strong>intimumre,</strong></span> 
     </span>
    </p>
   </div>
   <div class='ocr_carea' id='block_1_6' title="bbox 199 630 1787 704">
    <p class='ocr_par' dir='ltr' id='par_1_6' title="bbox 199 630 1787 704">
     <span class='ocr_line' id='line_1_6' title="bbox 199 630 1787 704; baseline 0.001 -20"><span class='ocrx_word' id='word_1_25' title='bbox 199 632 371 695; x_wconf 74' lang='grc' dir='ltr'>ἑστιν,</span> <span class='ocrx_word' id='word_1_26' title='bbox 401 633 431 685; x_wconf 84' lang='grc' dir='ltr'><strong>ὁ</strong></span> <span class='ocrx_word' id='word_1_27' title='bbox 462 630 674 704; x_wconf 77' lang='grc' dir='ltr'>Πατὴρ,</span> <span class='ocrx_word' id='word_1_28' title='bbox 708 632 803 686; x_wconf 75' lang='grc' dir='ltr'><strong>καὶ</strong></span> <span class='ocrx_word' id='word_1_29' title='bbox 835 632 983 697; x_wconf 79' lang='grc' dir='ltr'>Υἱὸς,</span> <span class='ocrx_word' id='word_1_30' title='bbox 1020 633 1117 686; x_wconf 73' lang='grc' dir='ltr'>καὶ</span> <span class='ocrx_word' id='word_1_31' title='bbox 1156 633 1310 702; x_wconf 73' lang='grc' dir='ltr'>ἅγιον</span> <span class='ocrx_word' id='word_1_32' title='bbox 1354 632 1599 703; x_wconf 82' lang='grc' dir='ltr'><strong>Πνεῦμα.</strong></span> <span class='ocrx_word' id='word_1_33' title='bbox 1637 633 1699 686; x_wconf 76' lang='lat' dir='ltr'><strong>Et</strong></span> <span class='ocrx_word' id='word_1_34' title='bbox 1730 631 1787 685; x_wconf 86' lang='grc' dir='ltr'><strong>δὲ</strong></span> 
     </span>
    </p>
   </div>
   <div class='ocr_carea' id='block_1_7' title="bbox 197 717 1788 797">
    <p class='ocr_par' dir='ltr' id='par_1_7' title="bbox 197 717 1788 797">
     <span class='ocr_line' id='line_1_7' title="bbox 197 717 1788 797; baseline -0.001 -20"><span class='ocrx_word' id='word_1_35' title='bbox 197 718 282 788; x_wconf 82' lang='grc' dir='ltr'>εἷς</span> <span class='ocrx_word' id='word_1_36' title='bbox 323 723 456 788; x_wconf 81' lang='grc' dir='ltr'>Θεός</span> <span class='ocrx_word' id='word_1_37' title='bbox 500 724 670 786; x_wconf 83' lang='grc' dir='ltr'>ἑστιν,</span> <span class='ocrx_word' id='word_1_38' title='bbox 708 724 772 789; x_wconf 81' lang='grc' dir='ltr'>ἑξ</span> <span class='ocrx_word' id='word_1_39' title='bbox 811 717 874 777; x_wconf 76' lang='grc' dir='ltr'><strong>οὗ</strong></span> <span class='ocrx_word' id='word_1_40' title='bbox 919 724 990 778; x_wconf 77' lang='grc' dir='ltr'>τὰ</span> <span class='ocrx_word' id='word_1_41' title='bbox 1030 724 1229 788; x_wconf 86' lang='grc' dir='ltr'>πάντα,</span> <span class='ocrx_word' id='word_1_42' title='bbox 1258 722 1384 778; x_wconf 75' lang='grc' dir='ltr'>οὔτε</span> <span class='ocrx_word' id='word_1_43' title='bbox 1420 742 1474 778; x_wconf 90' lang='grc' dir='ltr'><strong>τι</strong></span> <span class='ocrx_word' id='word_1_44' title='bbox 1503 722 1788 797; x_wconf 84' lang='grc' dir='ltr'>ἀριστερόν</span> 
     </span>
    </p>
   </div>
   <div class='ocr_carea' id='block_1_8' title="bbox 197 814 1791 889">
    <p class='ocr_par' dir='ltr' id='par_1_8' title="bbox 197 814 1791 889">
     <span class='ocr_line' id='line_1_8' title="bbox 197 814 1791 889; baseline -0.001 -20"><span class='ocrx_word' id='word_1_45' title='bbox 197 818 352 869; x_wconf 86' lang='grc' dir='ltr'>ἑστιν</span> <span class='ocrx_word' id='word_1_46' title='bbox 380 816 439 868; x_wconf 87' lang='grc' dir='ltr'><strong>ἑν</strong></span> <span class='ocrx_word' id='word_1_47' title='bbox 476 814 648 885; x_wconf 84' lang='grc' dir='ltr'>αὑτῷ,</span> <span class='ocrx_word' id='word_1_48' title='bbox 686 814 810 869; x_wconf 77' lang='grc' dir='ltr'>οὔτε</span> <span class='ocrx_word' id='word_1_49' title='bbox 849 815 1139 887; x_wconf 80' lang='grc' dir='ltr'><strong>ἐλάττωμα</strong></span> <span class='ocrx_word' id='word_1_50' title='bbox 1172 817 1382 889; x_wconf 71' lang='grc' dir='ltr'>ἕτερον,</span> <span class='ocrx_word' id='word_1_51' title='bbox 1413 815 1538 870; x_wconf 82' lang='grc' dir='ltr'>οὑτε</span> <span class='ocrx_word' id='word_1_52' title='bbox 1572 833 1624 869; x_wconf 90' lang='grc' dir='ltr'><strong>τι</strong></span> <span class='ocrx_word' id='word_1_53' title='bbox 1658 819 1791 869; x_wconf 86' lang='grc' dir='ltr'>ὑπο-</span> 
     </span>
    </p>
   </div>
   <div class='ocr_carea' id='block_1_9' title="bbox 197 907 1790 980">
    <p class='ocr_par' dir='ltr' id='par_1_9' title="bbox 197 907 1790 980">
     <span class='ocr_line' id='line_1_9' title="bbox 197 907 1790 980; baseline 0 -20"><span class='ocrx_word' id='word_1_54' title='bbox 197 907 479 979; x_wconf 72' lang='grc' dir='ltr'>ϐεϐηκδς,</span> <span class='ocrx_word' id='word_1_55' title='bbox 520 907 661 980; x_wconf 79' lang='grc' dir='ltr'>πλὴν</span> <span class='ocrx_word' id='word_1_56' title='bbox 712 908 822 962; x_wconf 84' lang='grc' dir='ltr'><strong>τῶν</strong></span> <span class='ocrx_word' id='word_1_57' title='bbox 869 909 962 962; x_wconf 88' lang='grc' dir='ltr'><strong>ὑπ’</strong></span> <span class='ocrx_word' id='word_1_58' title='bbox 1004 908 1170 963; x_wconf 81' lang='grc' dir='ltr'>αὑτοῦ</span> <span class='ocrx_word' id='word_1_59' title='bbox 1216 908 1573 980; x_wconf 83' lang='grc' dir='ltr'>ὲκτισμένων.</span> <span class='ocrx_word' id='word_1_60' title='bbox 1607 908 1690 961; x_wconf 81' lang='grc' dir='ltr'><strong>Τὰ</strong></span> <span class='ocrx_word' id='word_1_61' title='bbox 1733 907 1790 961; x_wconf 84' lang='grc' dir='ltr'><strong>δὲ</strong></span> 
     </span>
    </p>
   </div>
   <div class='ocr_carea' id='block_1_10' title="bbox 199 997 1791 1071">
    <p class='ocr_par' dir='ltr' id='par_1_10' title="bbox 199 997 1791 1071">
     <span class='ocr_line' id='line_1_10' title="bbox 199 997 1791 1071; baseline -0.001 -19"><span class='ocrx_word' id='word_1_62' title='bbox 199 998 350 1070; x_wconf 83' lang='grc' dir='ltr'>μετὰ</span> <span class='ocrx_word' id='word_1_63' title='bbox 394 998 636 1071; x_wconf 85' lang='grc' dir='ltr'>Πατέρα,</span> <span class='ocrx_word' id='word_1_64' title='bbox 683 999 778 1053; x_wconf 81' lang='grc' dir='ltr'>καὶ</span> <span class='ocrx_word' id='word_1_65' title='bbox 824 999 974 1064; x_wconf 79' lang='grc' dir='ltr'>Υίὺν,</span> <span class='ocrx_word' id='word_1_66' title='bbox 1009 1000 1104 1053; x_wconf 76' lang='grc' dir='ltr'>καὶ</span> <span class='ocrx_word' id='word_1_67' title='bbox 1155 998 1309 1069; x_wconf 78' lang='grc' dir='ltr'>ἅγιον</span> <span class='ocrx_word' id='word_1_68' title='bbox 1342 998 1567 1070; x_wconf 82' lang='grc' dir='ltr'><strong>Πνεῦμα</strong></span> <span class='ocrx_word' id='word_1_69' title='bbox 1611 997 1791 1051; x_wconf 84' lang='grc' dir='ltr'>πάντα</span> 
     </span>
    </p>
   </div>
   <div class='ocr_carea' id='block_1_11' title="bbox 198 1088 1792 1162">
    <p class='ocr_par' dir='ltr' id='par_1_11' title="bbox 198 1088 1792 1162">
     <span class='ocr_line' id='line_1_11' title="bbox 198 1088 1792 1162; baseline -0.001 -17"><span class='ocrx_word' id='word_1_70' title='bbox 198 1090 387 1155; x_wconf 80' lang='grc' dir='ltr'>καλῶς</span> <span class='ocrx_word' id='word_1_71' title='bbox 421 1090 738 1162; x_wconf 70' lang='grc' dir='ltr'>ἐκτισμένα,</span> <span class='ocrx_word' id='word_1_72' title='bbox 777 1091 874 1145; x_wconf 82' lang='grc' dir='ltr'>καὶ</span> <span class='ocrx_word' id='word_1_73' title='bbox 915 1094 995 1156; x_wconf 75' lang='grc' dir='ltr'>εἰς</span> <span class='ocrx_word' id='word_1_74' title='bbox 1030 1091 1291 1147; x_wconf 87' lang='grc' dir='ltr'>σύστασιν</span> <span class='ocrx_word' id='word_1_75' title='bbox 1314 1093 1405 1146; x_wconf 76' lang='grc' dir='ltr'>ὑπ’</span> <span class='ocrx_word' id='word_1_76' title='bbox 1432 1088 1597 1145; x_wconf 78' lang='grc' dir='ltr'>αὑτοῦ</span> <span class='ocrx_word' id='word_1_77' title='bbox 1623 1089 1792 1160; x_wconf 81' lang='grc' dir='ltr'>ἀφθόο</span> 
     </span>
    </p>
   </div>
   <div class='ocr_carea' id='block_1_12' title="bbox 201 1178 1057 1254">
    <p class='ocr_par' dir='ltr' id='par_1_12' title="bbox 201 1178 1057 1254">
     <span class='ocr_line' id='line_1_12' title="bbox 201 1178 1057 1254; baseline 0.004 -18"><span class='ocrx_word' id='word_1_78' title='bbox 201 1201 315 1247; x_wconf 86' lang='grc' dir='ltr'><strong>νως</strong></span> <span class='ocrx_word' id='word_1_79' title='bbox 344 1178 405 1237; x_wconf 84' lang='grc' dir='ltr'>εὖ</span> <span class='ocrx_word' id='word_1_80' title='bbox 435 1181 864 1254; x_wconf 80' lang='grc' dir='ltr'><strong>προεληλυθότα.</strong></span> <span class='ocrx_word' id='word_1_81' title='bbox 1048 1180 1057 1187; x_wconf 74' lang='grc'><em>’</em></span> 
     </span>
    </p>
   </div>
   <div class='ocr_carea' id='block_1_13' title="bbox 272 1447 1787 1523">
    <p class='ocr_par' dir='ltr' id='par_1_13' title="bbox 272 1447 1787 1523">
     <span class='ocr_line' id='line_1_13' title="bbox 272 1447 1787 1523; baseline -0.002 -18"><span class='ocrx_word' id='word_1_82' title='bbox 272 1453 352 1508; x_wconf 84' lang='grc' dir='ltr'><strong>Β’.</strong></span> <span class='ocrx_word' id='word_1_83' title='bbox 394 1452 458 1504; x_wconf 79' lang='grc' dir='ltr'><strong>Εἰ</strong></span> <span class='ocrx_word' id='word_1_84' title='bbox 489 1450 546 1504; x_wconf 82' lang='grc' dir='ltr'><strong>δὲ</strong></span> <span class='ocrx_word' id='word_1_85' title='bbox 578 1452 674 1505; x_wconf 77' lang='grc' dir='ltr'>καὶ</span> <span class='ocrx_word' id='word_1_86' title='bbox 704 1449 865 1505; x_wconf 83' lang='grc' dir='ltr'>πάλιν</span> <span class='ocrx_word' id='word_1_87' title='bbox 897 1450 1015 1523; x_wconf 84' lang='grc' dir='ltr'><strong>ἑρεῖ</strong></span> <span class='ocrx_word' id='word_1_88' title='bbox 1057 1451 1087 1504; x_wconf 84' lang='grc' dir='ltr'>ὁ</span> <span class='ocrx_word' id='word_1_89' title='bbox 1129 1447 1372 1511; x_wconf 74' lang='grc' dir='ltr'>τοιοῦτος</span> <span class='ocrx_word' id='word_1_90' title='bbox 1410 1449 1543 1519; x_wconf 81' lang='grc' dir='ltr'>ἡμῖν</span> <span class='ocrx_word' id='word_1_91' title='bbox 1589 1447 1787 1520; x_wconf 75' lang='grc' dir='ltr'>προελ-</span> 
     </span>
    </p>
   </div>
   <div class='ocr_carea' id='block_1_14' title="bbox 198 1538 1792 1616">
    <p class='ocr_par' dir='ltr' id='par_1_14' title="bbox 198 1538 1792 1616">
     <span class='ocr_line' id='line_1_14' title="bbox 198 1538 1792 1616; baseline -0.004 -18"><span class='ocrx_word' id='word_1_92' title='bbox 198 1544 312 1598; x_wconf 85' lang='grc' dir='ltr'>θὼν</span> <span class='ocrx_word' id='word_1_93' title='bbox 346 1545 530 1616; x_wconf 75' lang='grc' dir='ltr'>ἔτερος</span> <span class='ocrx_word' id='word_1_94' title='bbox 569 1543 713 1612; x_wconf 62' lang='grc' dir='ltr'>ὑφις,</span> <span class='ocrx_word' id='word_1_95' title='bbox 749 1544 833 1596; x_wconf 84' lang='grc' dir='ltr'>ὅτι</span> <span class='ocrx_word' id='word_1_96' title='bbox 876 1543 947 1596; x_wconf 81' lang='grc' dir='ltr'><strong>τὰ</strong></span> <span class='ocrx_word' id='word_1_97' title='bbox 980 1542 1078 1613; x_wconf 86' lang='grc' dir='ltr'>μὲν</span> <span class='ocrx_word' id='word_1_98' title='bbox 1109 1539 1258 1606; x_wconf 83' lang='grc' dir='ltr'>δεξιὰ</span> <span class='ocrx_word' id='word_1_99' title='bbox 1301 1540 1396 1594; x_wconf 78' lang='grc' dir='ltr'>καὶ</span> <span class='ocrx_word' id='word_1_100' title='bbox 1437 1538 1694 1610; x_wconf 80' lang='grc' dir='ltr'><strong>εὐώνυμα</strong></span> <span class='ocrx_word' id='word_1_101' title='bbox 1728 1541 1792 1592; x_wconf 84' lang='grc' dir='ltr'><strong>ἑκ</strong></span> 
     </span>
    </p>
   </div>
   <div class='ocr_carea' id='block_1_15' title="bbox 196 1628 1795 1706">
    <p class='ocr_par' dir='ltr' id='par_1_15' title="bbox 196 1628 1795 1706">
     <span class='ocr_line' id='line_1_15' title="bbox 196 1628 1795 1706; baseline -0.006 -16"><span class='ocrx_word' id='word_1_102' title='bbox 196 1634 294 1691; x_wconf 74' lang='grc' dir='ltr'><strong>τοῦ</strong></span> <span class='ocrx_word' id='word_1_103' title='bbox 332 1635 451 1699; x_wconf 79' lang='grc' dir='ltr'>ἑνὸς</span> <span class='ocrx_word' id='word_1_104' title='bbox 477 1635 735 1706; x_wconf 75' lang='grc' dir='ltr'><strong>ὑπάρχει,</strong></span> <span class='ocrx_word' id='word_1_105' title='bbox 767 1632 929 1696; x_wconf 80' lang='grc' dir='ltr'>αὑτὸς</span> <span class='ocrx_word' id='word_1_106' title='bbox 956 1632 1013 1685; x_wconf 84' lang='grc' dir='ltr'><strong>δὲ</strong></span> <span class='ocrx_word' id='word_1_107' title='bbox 1045 1629 1372 1703; x_wconf 86' lang='grc' dir='ltr'>μεσαίτατός</span> <span class='ocrx_word' id='word_1_108' title='bbox 1393 1630 1530 1693; x_wconf 82' lang='grc' dir='ltr'>ἑστι,</span> <span class='ocrx_word' id='word_1_109' title='bbox 1555 1628 1650 1683; x_wconf 75' lang='grc' dir='ltr'>καὶ</span> <span class='ocrx_word' id='word_1_110' title='bbox 1673 1629 1795 1682; x_wconf 83' lang='grc' dir='ltr'>ἑαυ-</span> 
     </span>
    </p>
   </div>
   <div class='ocr_carea' id='block_1_16' title="bbox 198 1722 1793 1802">
    <p class='ocr_par' dir='ltr' id='par_1_16' title="bbox 198 1722 1793 1802">
     <span class='ocr_line' id='line_1_16' title="bbox 198 1722 1793 1802; baseline -0.006 -18"><span class='ocrx_word' id='word_1_111' title='bbox 198 1731 280 1801; x_wconf 84' lang='grc' dir='ltr'>τῷ</span> <span class='ocrx_word' id='word_1_112' title='bbox 317 1731 417 1802; x_wconf 84' lang='grc' dir='ltr'>μὲν</span> <span class='ocrx_word' id='word_1_113' title='bbox 449 1730 784 1801; x_wconf 83' lang='grc' dir='ltr'>προσάγεται</span> <span class='ocrx_word' id='word_1_114' title='bbox 812 1728 882 1781; x_wconf 81' lang='grc' dir='ltr'><strong>τὰ</strong></span> <span class='ocrx_word' id='word_1_115' title='bbox 916 1724 1087 1791; x_wconf 79' lang='grc' dir='ltr'>δεξιὰ,</span> <span class='ocrx_word' id='word_1_116' title='bbox 1117 1725 1211 1778; x_wconf 67' lang='grc' dir='ltr'>καὶ</span> <span class='ocrx_word' id='word_1_117' title='bbox 1235 1724 1415 1795; x_wconf 81' lang='grc' dir='ltr'>χαίρει</span> <span class='ocrx_word' id='word_1_118' title='bbox 1452 1723 1683 1786; x_wconf 83' lang='grc' dir='ltr'>τούτοις,</span> <span class='ocrx_word' id='word_1_119' title='bbox 1706 1722 1793 1775; x_wconf 87' lang='grc' dir='ltr'>δε-</span> 
     </span>
    </p>
   </div>
   <div class='ocr_carea' id='block_1_17' title="bbox 199 1814 1793 1888">
    <p class='ocr_par' dir='ltr' id='par_1_17' title="bbox 199 1814 1793 1888">
     <span class='ocr_line' id='line_1_17' title="bbox 199 1814 1793 1888; baseline -0.006 -13"><span class='ocrx_word' id='word_1_120' title='bbox 199 1820 295 1888; x_wconf 78' lang='grc' dir='ltr'><strong>ξιὰ</strong></span> <span class='ocrx_word' id='word_1_121' title='bbox 325 1821 384 1875; x_wconf 75' lang='grc' dir='ltr'><strong>δὲ</strong></span> <span class='ocrx_word' id='word_1_122' title='bbox 419 1820 573 1874; x_wconf 82' lang='grc' dir='ltr'>καλεῖ</span> <span class='ocrx_word' id='word_1_123' title='bbox 615 1819 709 1874; x_wconf 65' lang='grc' dir='ltr'><strong>καὶ¹</strong></span> <span class='ocrx_word' id='word_1_124' title='bbox 742 1818 888 1888; x_wconf 81' lang='grc' dir='ltr'>φῶς·</span> <span class='ocrx_word' id='word_1_125' title='bbox 917 1815 987 1871; x_wconf 85' lang='grc' dir='ltr'>τὰ</span> <span class='ocrx_word' id='word_1_126' title='bbox 1021 1817 1077 1870; x_wconf 82' lang='grc' dir='ltr'><strong>δὲ</strong></span> <span class='ocrx_word' id='word_1_127' title='bbox 1118 1814 1375 1887; x_wconf 82' lang='grc' dir='ltr'>εὐώνυμα</span> <span class='ocrx_word' id='word_1_128' title='bbox 1419 1815 1496 1879; x_wconf 86' lang='grc' dir='ltr'>ὡς</span> <span class='ocrx_word' id='word_1_129' title='bbox 1539 1814 1793 1886; x_wconf 81' lang='grc' dir='ltr'>ἀλλότρια</span> 
     </span>
    </p>
   </div>
   <div class='ocr_carea' id='block_1_18' title="bbox 1892 629 3481 702">
    <p class='ocr_par' dir='ltr' id='par_1_18' title="bbox 1892 629 3481 702">
     <span class='ocr_line' id='line_1_18' title="bbox 1892 629 3481 702; baseline 0.001 -17"><span class='ocrx_word' id='word_1_130' title='bbox 1892 638 2256 700; x_wconf 57' lang='lat' dir='ltr'><strong>praeterquam</strong></span> <span class='ocrx_word' id='word_1_131' title='bbox 2291 643 2413 699; x_wconf 74' lang='lat' dir='ltr'><strong>qua:</strong></span> <span class='ocrx_word' id='word_1_132' title='bbox 2443 629 2513 684; x_wconf 89' lang='lat' dir='ltr'><strong>ab</strong></span> <span class='ocrx_word' id='word_1_133' title='bbox 2536 643 2602 683; x_wconf 80' lang='lat' dir='ltr'><strong>eo</strong></span> <span class='ocrx_word' id='word_1_134' title='bbox 2642 629 2863 684; x_wconf 88' lang='lat' dir='ltr'><strong>condita</strong></span> <span class='ocrx_word' id='word_1_135' title='bbox 2890 640 3048 697; x_wconf 91' lang='lat' dir='ltr'><strong>sunt;</strong></span> <span class='ocrx_word' id='word_1_136' title='bbox 3089 632 3304 702; x_wconf 85' lang='lat' dir='ltr'><strong>eritque</strong></span> <span class='ocrx_word' id='word_1_137' title='bbox 3334 632 3481 687; x_wconf 84' lang='lat' dir='ltr'><strong>veri-</strong></span> 
     </span>
    </p>
   </div>
   <div class='ocr_carea' id='block_1_19' title="bbox 1892 721 3479 793">
    <p class='ocr_par' dir='ltr' id='par_1_19' title="bbox 1892 721 3479 793">
     <span class='ocr_line' id='line_1_19' title="bbox 1892 721 3479 793; baseline 0.003 -18"><span class='ocrx_word' id='word_1_138' title='bbox 1892 721 2022 776; x_wconf 87' lang='lat' dir='ltr'><strong>tatis</strong></span> <span class='ocrx_word' id='word_1_139' title='bbox 2079 722 2270 793; x_wconf 87' lang='lat' dir='ltr'><strong>gnaris</strong></span> <span class='ocrx_word' id='word_1_140' title='bbox 2326 721 2472 776; x_wconf 86' lang='lat' dir='ltr'><strong>haud</strong></span> <span class='ocrx_word' id='word_1_141' title='bbox 2531 721 2852 789; x_wconf 87' lang='lat' dir='ltr'><strong>obscurum,</strong></span> <span class='ocrx_word' id='word_1_142' title='bbox 2887 732 3057 778; x_wconf 86' lang='lat' dir='ltr'><strong>unum</strong></span> <span class='ocrx_word' id='word_1_143' title='bbox 3120 721 3288 778; x_wconf 83' lang='lat' dir='ltr'><strong>Deum</strong></span> <span class='ocrx_word' id='word_1_144' title='bbox 3334 737 3479 789; x_wconf 89' lang='lat' dir='ltr'><strong>esse,</strong></span> 
     </span>
    </p>
   </div>
   <div class='ocr_carea' id='block_1_20' title="bbox 1891 811 3479 885">
    <p class='ocr_par' dir='ltr' id='par_1_20' title="bbox 1891 811 3479 885">
     <span class='ocr_line' id='line_1_20' title="bbox 1891 811 3479 885; baseline 0.004 -19"><span class='ocrx_word' id='word_1_145' title='bbox 1891 811 2134 878; x_wconf 84' lang='lat' dir='ltr'><strong>Patrem,</strong></span> <span class='ocrx_word' id='word_1_146' title='bbox 2169 811 2372 867; x_wconf 85' lang='lat' dir='ltr'><strong>Filium</strong></span> <span class='ocrx_word' id='word_1_147' title='bbox 2405 821 2460 868; x_wconf 89' lang='lat' dir='ltr'><strong>et</strong></span> <span class='ocrx_word' id='word_1_148' title='bbox 2492 812 2764 885; x_wconf 75' lang='lat' dir='ltr'><strong>Spiritum</strong></span> <span class='ocrx_word' id='word_1_149' title='bbox 2796 824 3073 870; x_wconf 88' lang='lat' dir='ltr'><strong>sanctum.</strong></span> <span class='ocrx_word' id='word_1_150' title='bbox 3099 813 3221 870; x_wconf 73' lang='lat' dir='ltr'><strong>Jam</strong></span> <span class='ocrx_word' id='word_1_151' title='bbox 3254 815 3303 871; x_wconf 89' lang='lat' dir='ltr'><strong>si</strong></span> <span class='ocrx_word' id='word_1_152' title='bbox 3335 832 3479 872; x_wconf 90' lang='lat' dir='ltr'><strong>unus</strong></span> 
     </span>
    </p>
   </div>
   <div class='ocr_carea' id='block_1_21' title="bbox 1892 902 3476 978">
    <p class='ocr_par' dir='ltr' id='par_1_21' title="bbox 1892 902 3476 978">
     <span class='ocr_line' id='line_1_21' title="bbox 1892 902 3476 978; baseline 0.004 -22"><span class='ocrx_word' id='word_1_153' title='bbox 1892 902 2038 960; x_wconf 85' lang='lat' dir='ltr'><strong>Deus</strong></span> <span class='ocrx_word' id='word_1_154' title='bbox 2060 911 2166 969; x_wconf 78' lang='lat' dir='ltr'><strong>est,</strong></span> <span class='ocrx_word' id='word_1_155' title='bbox 2190 919 2220 958; x_wconf 89' lang='lat' dir='ltr'><strong>a</strong></span> <span class='ocrx_word' id='word_1_156' title='bbox 2253 919 2364 975; x_wconf 88' lang='lat' dir='ltr'><strong>quo</strong></span> <span class='ocrx_word' id='word_1_157' title='bbox 2388 914 2518 960; x_wconf 89' lang='lat' dir='ltr'><strong>sunt</strong></span> <span class='ocrx_word' id='word_1_158' title='bbox 2543 907 2761 961; x_wconf 86' lang='lat' dir='ltr'><strong>omnia:</strong></span> <span class='ocrx_word' id='word_1_159' title='bbox 2795 906 2927 962; x_wconf 81' lang='lat' dir='ltr'><strong>nihil</strong></span> <span class='ocrx_word' id='word_1_160' title='bbox 2955 923 3135 978; x_wconf 89' lang='lat' dir='ltr'><strong>neque</strong></span> <span class='ocrx_word' id='word_1_161' title='bbox 3168 908 3476 973; x_wconf 90' lang='lat' dir='ltr'><strong>sinistrum,</strong></span> 
     </span>
    </p>
   </div>
   <div class='ocr_carea' id='block_1_22' title="bbox 1892 995 3478 1070">
    <p class='ocr_par' dir='ltr' id='par_1_22' title="bbox 1892 995 3478 1070">
     <span class='ocr_line' id='line_1_22' title="bbox 1892 995 3478 1070; baseline 0.004 -21"><span class='ocrx_word' id='word_1_162' title='bbox 1892 1009 2072 1065; x_wconf 90' lang='lat' dir='ltr'><strong>neque</strong></span> <span class='ocrx_word' id='word_1_163' title='bbox 2104 995 2212 1049; x_wconf 91' lang='lat' dir='ltr'><strong>alia</strong></span> <span class='ocrx_word' id='word_1_164' title='bbox 2244 997 2459 1051; x_wconf 86' lang='lat' dir='ltr'><strong>ratione</strong></span> <span class='ocrx_word' id='word_1_165' title='bbox 2481 996 2742 1053; x_wconf 77' lang='lat' dir='ltr'><strong>deﬁciens</strong></span> <span class='ocrx_word' id='word_1_166' title='bbox 2772 998 2935 1053; x_wconf 89' lang='lat' dir='ltr'><strong>inerit</strong></span> <span class='ocrx_word' id='word_1_167' title='bbox 2968 999 3096 1070; x_wconf 85' lang='lat' dir='ltr'><strong>ipsi,</strong></span> <span class='ocrx_word' id='word_1_168' title='bbox 3121 1015 3300 1070; x_wconf 87' lang='lat' dir='ltr'><strong>neque</strong></span> <span class='ocrx_word' id='word_1_169' title='bbox 3339 1000 3478 1056; x_wconf 79' lang='lat' dir='ltr'><strong>infe-</strong></span> 
     </span>
    </p>
   </div>
   <div class='ocr_carea' id='block_1_23' title="bbox 1892 1087 3487 1162">
    <p class='ocr_par' dir='ltr' id='par_1_23' title="bbox 1892 1087 3487 1162">
     <span class='ocr_line' id='line_1_23' title="bbox 1892 1087 3487 1162; baseline 0.003 -21"><span class='ocrx_word' id='word_1_170' title='bbox 1892 1087 2011 1143; x_wconf 89' lang='lat' dir='ltr'><strong>rius</strong></span> <span class='ocrx_word' id='word_1_171' title='bbox 2059 1097 2259 1158; x_wconf 63' lang='lat' dir='ltr'><strong>praeter</strong></span> <span class='ocrx_word' id='word_1_172' title='bbox 2301 1089 2394 1143; x_wconf 91' lang='lat' dir='ltr'><strong>illa</strong></span> <span class='ocrx_word' id='word_1_173' title='bbox 2433 1105 2555 1158; x_wconf 66' lang='lat' dir='ltr'><strong>quae</strong></span> <span class='ocrx_word' id='word_1_174' title='bbox 2595 1092 2926 1160; x_wconf 88' lang='lat' dir='ltr'><strong>procreavit.</strong></span> <span class='ocrx_word' id='word_1_175' title='bbox 2972 1092 3182 1147; x_wconf 72' lang='lat' dir='ltr'><strong>Caetera</strong></span> <span class='ocrx_word' id='word_1_176' title='bbox 3217 1103 3342 1162; x_wconf 89' lang='lat' dir='ltr'><strong>post</strong></span> <span class='ocrx_word' id='word_1_177' title='bbox 3384 1091 3487 1146; x_wconf 88' lang='lat' dir='ltr'><strong>Pa-</strong></span> 
     </span>
    </p>
   </div>
   <div class='ocr_carea' id='block_1_24' title="bbox 1893 1179 3480 1256">
    <p class='ocr_par' dir='ltr' id='par_1_24' title="bbox 1893 1179 3480 1256">
     <span class='ocr_line' id='line_1_24' title="bbox 1893 1179 3480 1256; baseline 0.003 -23"><span class='ocrx_word' id='word_1_178' title='bbox 1893 1188 2032 1235; x_wconf 87' lang='lat' dir='ltr'><strong>trem</strong></span> <span class='ocrx_word' id='word_1_179' title='bbox 2070 1179 2308 1246; x_wconf 89' lang='lat' dir='ltr'><strong>Filium,</strong></span> <span class='ocrx_word' id='word_1_180' title='bbox 2359 1181 2738 1253; x_wconf 75' lang='lat' dir='ltr'><strong>Spit-itumque</strong></span> <span class='ocrx_word' id='word_1_181' title='bbox 2789 1192 3041 1239; x_wconf 88' lang='lat' dir='ltr'><strong>sanctmn</strong></span> <span class='ocrx_word' id='word_1_182' title='bbox 3093 1186 3357 1256; x_wconf 75' lang='lat' dir='ltr'><strong>przrclare</strong></span> <span class='ocrx_word' id='word_1_183' title='bbox 3410 1185 3480 1239; x_wconf 84' lang='lat' dir='ltr'><strong>ab</strong></span> 
     </span>
    </p>
   </div>
   <div class='ocr_carea' id='block_1_25' title="bbox 1891 1270 3479 1347">
    <p class='ocr_par' dir='ltr' id='par_1_25' title="bbox 1891 1270 3479 1347">
     <span class='ocr_line' id='line_1_25' title="bbox 1891 1270 3479 1347; baseline 0.004 -22"><span class='ocrx_word' id='word_1_184' title='bbox 1891 1283 1958 1325; x_wconf 89' lang='lat' dir='ltr'><strong>eo</strong></span> <span class='ocrx_word' id='word_1_185' title='bbox 1994 1270 2263 1339; x_wconf 90' lang='lat' dir='ltr'><strong>producta</strong></span> <span class='ocrx_word' id='word_1_186' title='bbox 2302 1280 2454 1336; x_wconf 93' lang='lat' dir='ltr'><strong>sunt,</strong></span> <span class='ocrx_word' id='word_1_187' title='bbox 2487 1288 2553 1327; x_wconf 89' lang='lat' dir='ltr'><strong>ac</strong></span> <span class='ocrx_word' id='word_1_188' title='bbox 2597 1275 2739 1329; x_wconf 91' lang='lat' dir='ltr'><strong>citra</strong></span> <span class='ocrx_word' id='word_1_189' title='bbox 2768 1275 2933 1329; x_wconf 91' lang='lat' dir='ltr'><strong>ullam</strong></span> <span class='ocrx_word' id='word_1_190' title='bbox 2963 1275 3224 1331; x_wconf 84' lang='lat' dir='ltr'><strong>invidiam</strong></span> <span class='ocrx_word' id='word_1_191' title='bbox 3261 1277 3479 1347; x_wconf 80' lang='lat' dir='ltr'><strong>egregie</strong></span> 
     </span>
    </p>
   </div>
   <div class='ocr_carea' id='block_1_26' title="bbox 1891 1360 2218 1416">
    <p class='ocr_par' dir='ltr' id='par_1_26' title="bbox 1891 1360 2218 1416">
     <span class='ocr_line' id='line_1_26' title="bbox 1891 1360 2218 1416; baseline 0.006 -3"><span class='ocrx_word' id='word_1_192' title='bbox 1891 1360 2218 1416; x_wconf 89' lang='lat' dir='ltr'><strong>constituta.</strong></span> 
     </span>
    </p>
   </div>
   <div class='ocr_carea' id='block_1_27' title="bbox 1963 1451 3480 1524">
    <p class='ocr_par' dir='ltr' id='par_1_27' title="bbox 1963 1451 3480 1524">
     <span class='ocr_line' id='line_1_27' title="bbox 1963 1451 3480 1524; baseline 0.004 -20"><span class='ocrx_word' id='word_1_193' title='bbox 1963 1451 2030 1505; x_wconf 87' lang='lat' dir='ltr'><strong>ll.</strong></span> <span class='ocrx_word' id='word_1_194' title='bbox 2059 1451 2215 1517; x_wconf 82' lang='lat' dir='ltr'><strong>Quod</strong></span> <span class='ocrx_word' id='word_1_195' title='bbox 2243 1451 2291 1507; x_wconf 89' lang='lat' dir='ltr'><strong>si</strong></span> <span class='ocrx_word' id='word_1_196' title='bbox 2317 1452 2589 1522; x_wconf 89' lang='lat' dir='ltr'><strong>ejusmodi</strong></span> <span class='ocrx_word' id='word_1_197' title='bbox 2611 1453 2832 1524; x_wconf 88' lang='lat' dir='ltr'><strong>quidam</strong></span> <span class='ocrx_word' id='word_1_198' title='bbox 2865 1454 3025 1511; x_wconf 90' lang='lat' dir='ltr'><strong>nobis</strong></span> <span class='ocrx_word' id='word_1_199' title='bbox 3048 1472 3078 1510; x_wconf 90' lang='lat' dir='ltr'><strong>e</strong></span> <span class='ocrx_word' id='word_1_200' title='bbox 3097 1455 3322 1512; x_wconf 90' lang='lat' dir='ltr'><strong>latebris</strong></span> <span class='ocrx_word' id='word_1_201' title='bbox 3345 1456 3480 1510; x_wconf 60' lang='lat' dir='ltr'><strong>edn.</strong></span> 
     </span>
    </p>
   </div>
   <div class='ocr_carea' id='block_1_28' title="bbox 1892 1547 3587 1619">
    <p class='ocr_par' dir='ltr' id='par_1_28' title="bbox 1892 1547 3587 1619">
     <span class='ocr_line' id='line_1_28' title="bbox 1892 1547 3587 1619; baseline 0.002 -20"><span class='ocrx_word' id='word_1_202' title='bbox 1892 1555 2016 1599; x_wconf 88' lang='lat' dir='ltr'><strong>ctus</strong></span> <span class='ocrx_word' id='word_1_203' title='bbox 2047 1561 2275 1616; x_wconf 87' lang='lat' dir='ltr'><strong>serpens</strong></span> <span class='ocrx_word' id='word_1_204' title='bbox 2303 1547 2546 1616; x_wconf 86' lang='lat' dir='ltr'><strong>objiciat,</strong></span> <span class='ocrx_word' id='word_1_205' title='bbox 2578 1548 2647 1602; x_wconf 90' lang='lat' dir='ltr'><strong>ab</strong></span> <span class='ocrx_word' id='word_1_206' title='bbox 2677 1563 2787 1603; x_wconf 93' lang='lat' dir='ltr'><strong>uno</strong></span> <span class='ocrx_word' id='word_1_207' title='bbox 2816 1563 2940 1604; x_wconf 88' lang='lat' dir='ltr'><strong>esse</strong></span> <span class='ocrx_word' id='word_1_208' title='bbox 2967 1550 3158 1604; x_wconf 83' lang='lat' dir='ltr'><strong>dextra</strong></span> <span class='ocrx_word' id='word_1_209' title='bbox 3190 1550 3395 1619; x_wconf 89' lang='lat' dir='ltr'><strong>pariter</strong></span> <span class='ocrx_word' id='word_1_210' title='bbox 3426 1557 3481 1603; x_wconf 88' lang='lat' dir='ltr'><strong>et</strong></span> <span class='ocrx_word' id='word_1_211' title='bbox 3582 1584 3587 1595; x_wconf 70' lang='grc' dir='ltr'><strong>ι</strong></span> 
     </span>
    </p>
   </div>
   <div class='ocr_carea' id='block_1_29' title="bbox 1894 1635 3478 1709">
    <p class='ocr_par' dir='ltr' id='par_1_29' title="bbox 1894 1635 3478 1709">
     <span class='ocr_line' id='line_1_29' title="bbox 1894 1635 3478 1709; baseline 0.003 -19"><span class='ocrx_word' id='word_1_212' title='bbox 1894 1635 2143 1703; x_wconf 90' lang='lat' dir='ltr'><strong>sinistra,</strong></span> <span class='ocrx_word' id='word_1_213' title='bbox 2173 1639 2317 1706; x_wconf 89' lang='lat' dir='ltr'><strong>quod</strong></span> <span class='ocrx_word' id='word_1_214' title='bbox 2356 1638 2534 1709; x_wconf 90' lang='lat' dir='ltr'><strong>ipsum</strong></span> <span class='ocrx_word' id='word_1_215' title='bbox 2566 1639 2621 1693; x_wconf 94' lang='lat' dir='ltr'><strong>in</strong></span> <span class='ocrx_word' id='word_1_216' title='bbox 2658 1656 2848 1695; x_wconf 92' lang='lat' dir='ltr'><strong>eorum</strong></span> <span class='ocrx_word' id='word_1_217' title='bbox 2880 1642 3061 1696; x_wconf 81' lang='lat' dir='ltr'><strong>medio</strong></span> <span class='ocrx_word' id='word_1_218' title='bbox 3095 1652 3365 1706; x_wconf 78' lang='lat' dir='ltr'><strong>versetur,</strong></span> <span class='ocrx_word' id='word_1_219' title='bbox 3400 1642 3478 1697; x_wconf 78' lang='lat' dir='ltr'><strong>si-</strong></span> 
     </span>
    </p>
   </div>
   <div class='ocr_carea' id='block_1_30' title="bbox 1894 1723 3487 1802">
    <p class='ocr_par' dir='ltr' id='par_1_30' title="bbox 1894 1723 3487 1802">
     <span class='ocr_line' id='line_1_30' title="bbox 1894 1723 3487 1802; baseline 0.003 -24"><span class='ocrx_word' id='word_1_220' title='bbox 1894 1723 2060 1794; x_wconf 89' lang='lat' dir='ltr'><strong>bique</strong></span> <span class='ocrx_word' id='word_1_221' title='bbox 2091 1741 2213 1795; x_wconf 74' lang='lat' dir='ltr'><strong>qua:</strong></span> <span class='ocrx_word' id='word_1_222' title='bbox 2262 1727 2456 1781; x_wconf 78' lang='lat' dir='ltr'><strong>dextra</strong></span> <span class='ocrx_word' id='word_1_223' title='bbox 2502 1736 2631 1784; x_wconf 90' lang='lat' dir='ltr'><strong>sunt</strong></span> <span class='ocrx_word' id='word_1_224' title='bbox 2674 1731 2944 1794; x_wconf 89' lang='lat' dir='ltr'><strong>asciscat,</strong></span> <span class='ocrx_word' id='word_1_225' title='bbox 3006 1731 3183 1801; x_wconf 90' lang='lat' dir='ltr'><strong>iisque</strong></span> <span class='ocrx_word' id='word_1_226' title='bbox 3224 1734 3487 1802; x_wconf 76' lang='lat' dir='ltr'><strong>gaudeat,</strong></span> 
     </span>
    </p>
   </div>
   <div class='ocr_carea' id='block_1_31' title="bbox 1893 1816 3482 1891">
    <p class='ocr_par' dir='ltr' id='par_1_31' title="bbox 1893 1816 3482 1891">
     <span class='ocr_line' id='line_1_31' title="bbox 1893 1816 3482 1891; baseline 0.003 -19"><span class='ocrx_word' id='word_1_227' title='bbox 1893 1824 1948 1872; x_wconf 89' lang='lat' dir='ltr'><strong>et</strong></span> <span class='ocrx_word' id='word_1_228' title='bbox 1985 1817 2174 1872; x_wconf 87' lang='lat' dir='ltr'><strong>eadem</strong></span> <span class='ocrx_word' id='word_1_229' title='bbox 2215 1816 2534 1873; x_wconf 77' lang='lat' dir='ltr'><strong>dextrorum</strong></span> <span class='ocrx_word' id='word_1_230' title='bbox 2582 1832 2646 1873; x_wconf 89' lang='lat' dir='ltr'><strong>ac</strong></span> <span class='ocrx_word' id='word_1_231' title='bbox 2679 1821 2904 1874; x_wconf 89' lang='lat' dir='ltr'><strong>luminis</strong></span> <span class='ocrx_word' id='word_1_232' title='bbox 2944 1822 3179 1891; x_wconf 87' lang='lat' dir='ltr'><strong>appellet</strong></span> <span class='ocrx_word' id='word_1_233' title='bbox 3225 1822 3482 1885; x_wconf 87' lang='lat' dir='ltr'><strong>nomine,</strong></span> 
     </span>
    </p>
   </div>
   <div class='ocr_carea' id='block_1_32' title="bbox 200 1905 1792 1981">
    <p class='ocr_par' dir='ltr' id='par_1_32' title="bbox 200 1905 1792 1981">
     <span class='ocr_line' id='line_1_32' title="bbox 200 1905 1792 1981; baseline -0.005 -14"><span class='ocrx_word' id='word_1_234' title='bbox 200 1910 401 1972; x_wconf 77' lang='grc' dir='ltr'>αὑτοῦ,</span> <span class='ocrx_word' id='word_1_235' title='bbox 428 1912 523 1966; x_wconf 81' lang='grc' dir='ltr'>καὶ</span> <span class='ocrx_word' id='word_1_236' title='bbox 554 1911 649 1964; x_wconf 75' lang='grc' dir='ltr'>ἑπὶ</span> <span class='ocrx_word' id='word_1_237' title='bbox 673 1908 938 1981; x_wconf 79' lang='grc' dir='ltr'>ἀριστερὰ</span> <span class='ocrx_word' id='word_1_238' title='bbox 961 1906 1191 1977; x_wconf 87' lang='grc' dir='ltr'>κείμενα</span> <span class='ocrx_word' id='word_1_239' title='bbox 1220 1906 1525 1961; x_wconf 83' lang='grc' dir='ltr'>ἀπωθεῖται</span> <span class='ocrx_word' id='word_1_240' title='bbox 1546 1921 1560 1934; x_wconf 83' lang='grc'><em>’</em></span> <span class='ocrx_word' id='word_1_241' title='bbox 1586 1905 1792 1974; x_wconf 84' lang='grc' dir='ltr'><strong>λεγέτω</strong></span> 
     </span>
    </p>
   </div>
   <div class='ocr_carea' id='block_1_33' title="bbox 1897 1905 3483 1981">
    <p class='ocr_par' dir='ltr' id='par_1_33' title="bbox 1897 1908 3483 1980">
     <span class='ocr_line' id='line_1_33' title="bbox 1897 1908 3483 1980; baseline 0.001 -17"><span class='ocrx_word' id='word_1_242' title='bbox 1897 1916 2088 1963; x_wconf 90' lang='lat' dir='ltr'><strong>contra</strong></span> <span class='ocrx_word' id='word_1_243' title='bbox 2120 1923 2252 1963; x_wconf 90' lang='lat' dir='ltr'><strong>vero</strong></span> <span class='ocrx_word' id='word_1_244' title='bbox 2284 1908 2509 1963; x_wconf 87' lang='lat' dir='ltr'><strong>sinistra</strong></span> <span class='ocrx_word' id='word_1_245' title='bbox 2536 1917 2794 1980; x_wconf 88' lang='lat' dir='ltr'><strong>tanquam</strong></span> <span class='ocrx_word' id='word_1_246' title='bbox 2829 1925 2860 1965; x_wconf 89' lang='lat' dir='ltr'><strong>a</strong></span> <span class='ocrx_word' id='word_1_247' title='bbox 2901 1926 2960 1967; x_wconf 89' lang='lat' dir='ltr'><strong>se</strong></span> <span class='ocrx_word' id='word_1_248' title='bbox 2992 1912 3189 1977; x_wconf 89' lang='lat' dir='ltr'><strong>aliena,</strong></span> <span class='ocrx_word' id='word_1_249' title='bbox 3230 1920 3284 1966; x_wconf 90' lang='lat' dir='ltr'><strong>et</strong></span> <span class='ocrx_word' id='word_1_250' title='bbox 3311 1911 3365 1964; x_wconf 92' lang='lat' dir='ltr'><strong>in</strong></span> <span class='ocrx_word' id='word_1_251' title='bbox 3394 1911 3483 1965; x_wconf 82' lang='lat' dir='ltr'><strong>la:-</strong></span> 
     </span>
    </p>
   </div>
   <div class='ocr_carea' id='block_1_34' title="bbox 203 1997 1788 2074">
    <p class='ocr_par' dir='ltr' id='par_1_34' title="bbox 203 1997 1788 2074">
     <span class='ocr_line' id='line_1_34' title="bbox 203 1997 1788 2074; baseline -0.004 -17"><span class='ocrx_word' id='word_1_252' title='bbox 203 2020 298 2074; x_wconf 81' lang='grc' dir='ltr'><strong>μοι</strong></span> <span class='ocrx_word' id='word_1_253' title='bbox 326 2001 491 2056; x_wconf 83' lang='grc' dir='ltr'>πόθεν</span> <span class='ocrx_word' id='word_1_254' title='bbox 523 2000 789 2072; x_wconf 79' lang='grc' dir='ltr'>λαμϐάνει</span> <span class='ocrx_word' id='word_1_255' title='bbox 815 1998 1020 2070; x_wconf 83' lang='grc' dir='ltr'>ταύτην</span> <span class='ocrx_word' id='word_1_256' title='bbox 1046 1999 1146 2069; x_wconf 85' lang='grc' dir='ltr'><strong>τὴν</strong></span> <span class='ocrx_word' id='word_1_257' title='bbox 1172 1998 1540 2070; x_wconf 82' lang='grc' dir='ltr'>γεωμετρίαν,</span> <span class='ocrx_word' id='word_1_258' title='bbox 1571 1997 1660 2051; x_wconf 77' lang='grc' dir='ltr'><strong>ἵνα</strong></span> <span class='ocrx_word' id='word_1_259' title='bbox 1687 2013 1788 2050; x_wconf 89' lang='grc' dir='ltr'>κα-</span> 
     </span>
    </p>
   </div>
   <div class='ocr_carea' id='block_1_35' title="bbox 200 2088 1784 2165">
    <p class='ocr_par' dir='ltr' id='par_1_35' title="bbox 200 2088 1784 2165">
     <span class='ocr_line' id='line_1_35' title="bbox 200 2088 1784 2165; baseline -0.006 -15"><span class='ocrx_word' id='word_1_260' title='bbox 200 2094 314 2159; x_wconf 67' lang='grc' dir='ltr'>λῶς</span> <span class='ocrx_word' id='word_1_261' title='bbox 361 2092 598 2165; x_wconf 77' lang='grc' dir='ltr'><strong>ῥυθμίσῃ</strong></span> <span class='ocrx_word' id='word_1_262' title='bbox 643 2092 1019 2163; x_wconf 82' lang='grc' dir='ltr'>ἀμετάστατον</span> <span class='ocrx_word' id='word_1_263' title='bbox 1046 2089 1224 2156; x_wconf 78' lang='grc' dir='ltr'>δεξιάν</span> <span class='ocrx_word' id='word_1_264' title='bbox 1256 2106 1316 2143; x_wconf 86' lang='grc' dir='ltr'><strong>τε</strong></span> <span class='ocrx_word' id='word_1_265' title='bbox 1346 2089 1440 2143; x_wconf 76' lang='grc' dir='ltr'>καὶ</span> <span class='ocrx_word' id='word_1_266' title='bbox 1485 2088 1784 2159; x_wconf 81' lang='grc' dir='ltr'>εὐώνυμον.</span> 
     </span>
    </p>
   </div>
   <div class='ocr_carea' id='block_1_36' title="bbox 203 2183 1791 2262">
    <p class='ocr_par' dir='ltr' id='par_1_36' title="bbox 203 2183 1791 2262">
     <span class='ocr_line' id='line_1_36' title="bbox 203 2183 1791 2262; baseline -0.005 -19"><span class='ocrx_word' id='word_1_267' title='bbox 203 2190 347 2262; x_wconf 64' lang='grc' dir='ltr'>Παρ*</span> <span class='ocrx_word' id='word_1_268' title='bbox 361 2191 495 2260; x_wconf 74' lang='grc' dir='ltr'>ἡμῖν</span> <span class='ocrx_word' id='word_1_269' title='bbox 516 2188 623 2258; x_wconf 77' lang='grc' dir='ltr'><strong>γὰρ</strong></span> <span class='ocrx_word' id='word_1_270' title='bbox 643 2185 794 2252; x_wconf 80' lang='grc' dir='ltr'>δεξιὰ</span> <span class='ocrx_word' id='word_1_271' title='bbox 814 2184 1038 2249; x_wconf 76' lang='grc' dir='ltr'>εἰκότως</span> <span class='ocrx_word' id='word_1_272' title='bbox 1063 2184 1407 2256; x_wconf 78' lang='grc' dir='ltr'>ὀνομάζεται,</span> <span class='ocrx_word' id='word_1_273' title='bbox 1434 2184 1552 2255; x_wconf 74' lang='grc' dir='ltr'>ἦτοι</span> <span class='ocrx_word' id='word_1_274' title='bbox 1574 2183 1791 2255; x_wconf 84' lang='grc' dir='ltr'>ἀριστε-</span> 
     </span>
    </p>
   </div>
   <div class='ocr_carea' id='block_1_37' title="bbox 204 2275 1789 2350">
    <p class='ocr_par' dir='ltr' id='par_1_37' title="bbox 204 2275 1789 2350">
     <span class='ocr_line' id='line_1_37' title="bbox 204 2275 1789 2350; baseline -0.004 -15"><span class='ocrx_word' id='word_1_275' title='bbox 204 2281 297 2348; x_wconf 80' lang='grc' dir='ltr'>ρὰ,</span> <span class='ocrx_word' id='word_1_276' title='bbox 338 2280 448 2335; x_wconf 80' lang='grc' dir='ltr'><strong>ἀπὸ</strong></span> <span class='ocrx_word' id='word_1_277' title='bbox 488 2279 597 2333; x_wconf 84' lang='grc' dir='ltr'>τῶν</span> <span class='ocrx_word' id='word_1_278' title='bbox 625 2281 683 2333; x_wconf 82' lang='grc' dir='ltr'>ὲν</span> <span class='ocrx_word' id='word_1_279' title='bbox 716 2278 794 2350; x_wconf 80' lang='grc' dir='ltr'>τῷ</span> <span class='ocrx_word' id='word_1_280' title='bbox 822 2276 1037 2349; x_wconf 84' lang='grc' dir='ltr'>σώματι</span> <span class='ocrx_word' id='word_1_281' title='bbox 1086 2276 1455 2349; x_wconf 89' lang='grc' dir='ltr'>πεπηγμένων</span> <span class='ocrx_word' id='word_1_282' title='bbox 1504 2275 1701 2347; x_wconf 85' lang='grc' dir='ltr'>μελῶν,</span> <span class='ocrx_word' id='word_1_283' title='bbox 1731 2276 1789 2328; x_wconf 81' lang='grc' dir='ltr'>ὲν</span> 
     </span>
    </p>
   </div>
   <div class='ocr_carea' id='block_1_38' title="bbox 197 2365 1790 2440">
    <p class='ocr_par' dir='ltr' id='par_1_38' title="bbox 197 2365 1790 2440">
     <span class='ocr_line' id='line_1_38' title="bbox 197 2365 1790 2440; baseline -0.004 -14"><span class='ocrx_word' id='word_1_284' title='bbox 197 2368 281 2435; x_wconf 77' lang='grc' dir='ltr'><strong>οἷς</strong></span> <span class='ocrx_word' id='word_1_285' title='bbox 309 2370 565 2425; x_wconf 82' lang='grc' dir='ltr'>οὐδέποτε</span> <span class='ocrx_word' id='word_1_286' title='bbox 584 2368 853 2440; x_wconf 84' lang='grc' dir='ltr'>ἑναλλαγὴ</span> <span class='ocrx_word' id='word_1_287' title='bbox 872 2369 1101 2439; x_wconf 86' lang='grc' dir='ltr'>γίνεται.</span> <span class='ocrx_word' id='word_1_288' title='bbox 1133 2368 1214 2422; x_wconf 85' lang='grc' dir='ltr'><strong>Τὰ</strong></span> <span class='ocrx_word' id='word_1_289' title='bbox 1237 2368 1294 2421; x_wconf 83' lang='grc' dir='ltr'><strong>δὲ</strong></span> <span class='ocrx_word' id='word_1_290' title='bbox 1321 2367 1478 2431; x_wconf 81' lang='grc' dir='ltr'>ὲκτὸς</span> <span class='ocrx_word' id='word_1_291' title='bbox 1509 2365 1667 2439; x_wconf 83' lang='grc' dir='ltr'>ήμῶν</span> <span class='ocrx_word' id='word_1_292' title='bbox 1700 2365 1790 2419; x_wconf 77' lang='grc' dir='ltr'><strong>δύ-</strong></span> 
     </span>
    </p>
   </div>
   <div class='ocr_carea' id='block_1_39' title="bbox 203 2457 1791 2533">
    <p class='ocr_par' dir='ltr' id='par_1_39' title="bbox 203 2457 1791 2533">
     <span class='ocr_line' id='line_1_39' title="bbox 203 2457 1791 2533; baseline -0.003 -16"><span class='ocrx_word' id='word_1_293' title='bbox 203 2480 361 2517; x_wconf 85' lang='grc' dir='ltr'>ναται</span> <span class='ocrx_word' id='word_1_294' title='bbox 386 2457 527 2517; x_wconf 73' lang='grc' dir='ltr'>εἶναι</span> <span class='ocrx_word' id='word_1_295' title='bbox 553 2462 681 2516; x_wconf 84' lang='grc' dir='ltr'>ποτὲ</span> <span class='ocrx_word' id='word_1_296' title='bbox 720 2462 819 2533; x_wconf 83' lang='grc' dir='ltr'>μὲν</span> <span class='ocrx_word' id='word_1_297' title='bbox 865 2461 1033 2527; x_wconf 82' lang='grc' dir='ltr'>δεξιὰ,</span> <span class='ocrx_word' id='word_1_298' title='bbox 1074 2460 1205 2514; x_wconf 83' lang='grc' dir='ltr'>ποτὲ</span> <span class='ocrx_word' id='word_1_299' title='bbox 1228 2460 1285 2514; x_wconf 79' lang='grc' dir='ltr'><strong>δὲ</strong></span> <span class='ocrx_word' id='word_1_300' title='bbox 1311 2458 1591 2529; x_wconf 79' lang='grc' dir='ltr'>εὐώνυμα.</span> <span class='ocrx_word' id='word_1_301' title='bbox 1622 2459 1791 2512; x_wconf 76' lang='grc' dir='ltr'>Παντὶ</span> 
     </span>
    </p>
   </div>
   <div class='ocr_carea' id='block_1_40' title="bbox 203 2548 1791 2627">
    <p class='ocr_par' dir='ltr' id='par_1_40' title="bbox 203 2548 1791 2627">
     <span class='ocr_line' id='line_1_40' title="bbox 203 2548 1791 2627; baseline -0.003 -18"><span class='ocrx_word' id='word_1_302' title='bbox 203 2557 305 2626; x_wconf 65' lang='grc' dir='ltr'>μὲν</span> <span class='ocrx_word' id='word_1_303' title='bbox 338 2554 446 2627; x_wconf 77' lang='grc' dir='ltr'><strong>γὰρ</strong></span> <span class='ocrx_word' id='word_1_304' title='bbox 471 2554 547 2625; x_wconf 84' lang='grc' dir='ltr'>τῷ</span> <span class='ocrx_word' id='word_1_305' title='bbox 572 2555 767 2627; x_wconf 87' lang='grc' dir='ltr'>ὁρῶντι</span> <span class='ocrx_word' id='word_1_306' title='bbox 789 2555 929 2609; x_wconf 69' lang='grc' dir='ltr'>κατὰ</span> <span class='ocrx_word' id='word_1_307' title='bbox 950 2554 1215 2626; x_wconf 87' lang='grc' dir='ltr'>ἀνατολὴν</span> <span class='ocrx_word' id='word_1_308' title='bbox 1242 2554 1415 2618; x_wconf 85' lang='grc' dir='ltr'>νότος,</span> <span class='ocrx_word' id='word_1_309' title='bbox 1445 2553 1543 2607; x_wconf 78' lang='grc' dir='ltr'>εἶτ’</span> <span class='ocrx_word' id='word_1_310' title='bbox 1566 2548 1658 2606; x_wconf 79' lang='grc' dir='ltr'>οὖν</span> <span class='ocrx_word' id='word_1_311' title='bbox 1695 2569 1791 2623; x_wconf 83' lang='grc' dir='ltr'>με·</span> 
     </span>
    </p>
   </div>
   <div class='ocr_carea' id='block_1_41' title="bbox 200 2643 1787 2719">
    <p class='ocr_par' dir='ltr' id='par_1_41' title="bbox 200 2643 1787 2719">
     <span class='ocr_line' id='line_1_41' title="bbox 200 2643 1787 2719; baseline -0.002 -20"><span class='ocrx_word' id='word_1_312' title='bbox 200 2646 477 2719; x_wconf 82' lang='grc' dir='ltr'>σημῦρία,</span> <span class='ocrx_word' id='word_1_313' title='bbox 507 2646 660 2712; x_wconf 80' lang='grc' dir='ltr'>δεξιὰ</span> <span class='ocrx_word' id='word_1_314' title='bbox 687 2645 1020 2718; x_wconf 88' lang='grc' dir='ltr'>κληθήσεται</span> <span class='ocrx_word' id='word_1_315' title='bbox 1039 2664 1054 2678; x_wconf 78' lang='grc' dir='ltr'><strong><em>ο</em></strong></span> <span class='ocrx_word' id='word_1_316' title='bbox 1089 2646 1151 2698; x_wconf 83' lang='grc' dir='ltr'><strong>τὸ</strong></span> <span class='ocrx_word' id='word_1_317' title='bbox 1176 2644 1349 2716; x_wconf 82' lang='grc' dir='ltr'>κλίμα</span> <span class='ocrx_word' id='word_1_318' title='bbox 1370 2645 1428 2698; x_wconf 83' lang='grc' dir='ltr'><strong>δὲ</strong></span> <span class='ocrx_word' id='word_1_319' title='bbox 1460 2645 1522 2698; x_wconf 83' lang='grc' dir='ltr'><strong>τὸ</strong></span> <span class='ocrx_word' id='word_1_320' title='bbox 1558 2643 1787 2716; x_wconf 86' lang='grc' dir='ltr'>βόρειον,</span> 
     </span>
    </p>
   </div>
   <div class='ocr_carea' id='block_1_42' title="bbox 198 2735 1792 2811">
    <p class='ocr_par' dir='ltr' id='par_1_42' title="bbox 198 2735 1792 2811">
     <span class='ocr_line' id='line_1_42' title="bbox 198 2735 1792 2811; baseline -0.002 -20"><span class='ocrx_word' id='word_1_321' title='bbox 198 2740 323 2811; x_wconf 67' lang='grc' dir='ltr'>ἦτοι</span> <span class='ocrx_word' id='word_1_322' title='bbox 354 2738 621 2810; x_wconf 82' lang='grc' dir='ltr'>άρκτῷον,</span> <span class='ocrx_word' id='word_1_323' title='bbox 653 2738 957 2810; x_wconf 80' lang='grc' dir='ltr'>ἀριστερόν.</span> <span class='ocrx_word' id='word_1_324' title='bbox 997 2738 1071 2791; x_wconf 86' lang='grc' dir='ltr'>Τὸ</span> <span class='ocrx_word' id='word_1_325' title='bbox 1095 2738 1153 2791; x_wconf 81' lang='grc' dir='ltr'><strong>δὲ</strong></span> <span class='ocrx_word' id='word_1_326' title='bbox 1182 2736 1452 2791; x_wconf 87' lang='grc' dir='ltr'>ἀνάπαλιν</span> <span class='ocrx_word' id='word_1_327' title='bbox 1477 2736 1569 2790; x_wconf 75' lang='grc' dir='ltr'>ἑπὶ</span> <span class='ocrx_word' id='word_1_328' title='bbox 1608 2737 1677 2789; x_wconf 75' lang='grc' dir='ltr'>τὰ</span> <span class='ocrx_word' id='word_1_329' title='bbox 1701 2735 1792 2788; x_wconf 89' lang='grc' dir='ltr'><strong>δυ-</strong></span> 
     </span>
    </p>
   </div>
   <div class='ocr_carea' id='block_1_43' title="bbox 199 2827 1791 2903">
    <p class='ocr_par' dir='ltr' id='par_1_43' title="bbox 199 2827 1791 2903">
     <span class='ocr_line' id='line_1_43' title="bbox 199 2827 1791 2903; baseline -0.003 -19"><span class='ocrx_word' id='word_1_330' title='bbox 199 2829 333 2884; x_wconf 79' lang='grc' dir='ltr'>τικὰ</span> <span class='ocrx_word' id='word_1_331' title='bbox 367 2830 507 2901; x_wconf 86' lang='grc' dir='ltr'>μέρη</span> <span class='ocrx_word' id='word_1_332' title='bbox 536 2830 972 2903; x_wconf 78' lang='grc' dir='ltr'>ἀναστραφέντος</span> <span class='ocrx_word' id='word_1_333' title='bbox 996 2828 1287 2902; x_wconf 84' lang='grc' dir='ltr'>ἀνθρώπου</span> <span class='ocrx_word' id='word_1_334' title='bbox 1308 2828 1473 2893; x_wconf 85' lang='grc' dir='ltr'>τινὸς,</span> <span class='ocrx_word' id='word_1_335' title='bbox 1500 2827 1791 2899; x_wconf 82' lang='grc' dir='ltr'>εὑρεθήσεο</span> 
     </span>
    </p>
   </div>
   <div class='ocr_carea' id='block_1_44' title="bbox 200 2916 1791 2991">
    <p class='ocr_par' dir='ltr' id='par_1_44' title="bbox 200 2916 1791 2991">
     <span class='ocr_line' id='line_1_44' title="bbox 200 2916 1791 2991; baseline -0.002 -18"><span class='ocrx_word' id='word_1_336' title='bbox 200 2937 293 2975; x_wconf 88' lang='grc' dir='ltr'><strong>ται</strong></span> <span class='ocrx_word' id='word_1_337' title='bbox 325 2919 686 2990; x_wconf 83' lang='grc' dir='ltr'>ἑτερωνύμως</span> <span class='ocrx_word' id='word_1_338' title='bbox 710 2921 778 2974; x_wconf 87' lang='grc' dir='ltr'>τὰ</span> <span class='ocrx_word' id='word_1_339' title='bbox 806 2919 1064 2991; x_wconf 82' lang='grc' dir='ltr'>κλίματα,</span> <span class='ocrx_word' id='word_1_340' title='bbox 1095 2920 1233 2991; x_wconf 82' lang='grc' dir='ltr'>ὅπερ</span> <span class='ocrx_word' id='word_1_341' title='bbox 1277 2919 1386 2991; x_wconf 80' lang='grc' dir='ltr'>πρὸ</span> <span class='ocrx_word' id='word_1_342' title='bbox 1429 2918 1575 2990; x_wconf 84' lang='grc' dir='ltr'>ὥρας</span> <span class='ocrx_word' id='word_1_343' title='bbox 1618 2916 1791 2981; x_wconf 81' lang='grc' dir='ltr'>δεξιὸν</span> 
     </span>
    </p>
   </div>
   <div class='ocr_carea' id='block_1_45' title="bbox 202 3006 1792 3084">
    <p class='ocr_par' dir='ltr' id='par_1_45' title="bbox 202 3006 1792 3084">
     <span class='ocr_line' id='line_1_45' title="bbox 202 3006 1792 3084; baseline -0.003 -17"><span class='ocrx_word' id='word_1_344' title='bbox 202 3012 439 3084; x_wconf 77' lang='grc' dir='ltr'>ὑπῆρχε,</span> <span class='ocrx_word' id='word_1_345' title='bbox 465 3012 647 3065; x_wconf 70' lang='grc' dir='ltr'>νότιόν</span> <span class='ocrx_word' id='word_1_346' title='bbox 684 3029 744 3065; x_wconf 90' lang='grc' dir='ltr'>τε</span> <span class='ocrx_word' id='word_1_347' title='bbox 796 3010 1186 3084; x_wconf 74' lang='grc' dir='ltr'>μεσημϐρινὸν,</span> <span class='ocrx_word' id='word_1_348' title='bbox 1217 3012 1298 3075; x_wconf 86' lang='grc' dir='ltr'><strong>εἰς</strong></span> <span class='ocrx_word' id='word_1_349' title='bbox 1344 3009 1609 3083; x_wconf 76' lang='grc' dir='ltr'>ἀριστερὰ</span> <span class='ocrx_word' id='word_1_350' title='bbox 1637 3006 1792 3073; x_wconf 75' lang='grc' dir='ltr'>αὖθις</span> 
     </span>
    </p>
   </div>
   <div class='ocr_carea' id='block_1_46' title="bbox 205 3101 1792 3175">
    <p class='ocr_par' dir='ltr' id='par_1_46' title="bbox 205 3101 1792 3175">
     <span class='ocr_line' id='line_1_46' title="bbox 205 3101 1792 3175; baseline -0.002 -18"><span class='ocrx_word' id='word_1_351' title='bbox 205 3104 676 3175; x_wconf 80' lang='grc' dir='ltr'>μεταϐαλλόμενον</span> <span class='ocrx_word' id='word_1_352' title='bbox 700 3122 711 3134; x_wconf 75' lang='grc' dir='ltr'><strong>ο</strong></span> <span class='ocrx_word' id='word_1_353' title='bbox 744 3104 838 3158; x_wconf 70' lang='grc' dir='ltr'>καὶ</span> <span class='ocrx_word' id='word_1_354' title='bbox 880 3103 942 3157; x_wconf 81' lang='grc' dir='ltr'><strong>τὸ</strong></span> <span class='ocrx_word' id='word_1_355' title='bbox 974 3103 1054 3167; x_wconf 87' lang='grc' dir='ltr'><strong>είς</strong></span> <span class='ocrx_word' id='word_1_356' title='bbox 1087 3102 1354 3175; x_wconf 77' lang='grc' dir='ltr'>ἀριστερὰ</span> <span class='ocrx_word' id='word_1_357' title='bbox 1389 3101 1485 3157; x_wconf 78' lang='grc' dir='ltr'>τοῦ</span> <span class='ocrx_word' id='word_1_358' title='bbox 1528 3119 1671 3167; x_wconf 91' lang='grc' dir='ltr'>τινος</span> <span class='ocrx_word' id='word_1_359' title='bbox 1699 3120 1792 3156; x_wconf 88' lang='grc' dir='ltr'><strong>κε.</strong></span> 
     </span>
    </p>
   </div>
   <div class='ocr_carea' id='block_1_47' title="bbox 204 3190 1791 3267">
    <p class='ocr_par' dir='ltr' id='par_1_47' title="bbox 204 3190 1791 3267">
     <span class='ocr_line' id='line_1_47' title="bbox 204 3190 1791 3267; baseline 0.001 -18"><span class='ocrx_word' id='word_1_360' title='bbox 204 3194 465 3267; x_wconf 78' lang='grc' dir='ltr'>κλιμένον</span> <span class='ocrx_word' id='word_1_361' title='bbox 512 3194 821 3267; x_wconf 77' lang='grc' dir='ltr'>ανθρώπου,</span> <span class='ocrx_word' id='word_1_362' title='bbox 852 3196 948 3250; x_wconf 80' lang='grc' dir='ltr'>εἴτ’</span> <span class='ocrx_word' id='word_1_363' title='bbox 977 3191 1070 3250; x_wconf 82' lang='grc' dir='ltr'>οὖν</span> <span class='ocrx_word' id='word_1_364' title='bbox 1121 3194 1393 3267; x_wconf 84' lang='grc' dir='ltr'>ἀρκτῷον,</span> <span class='ocrx_word' id='word_1_365' title='bbox 1438 3193 1537 3248; x_wconf 79' lang='grc' dir='ltr'>εἴτ’</span> <span class='ocrx_word' id='word_1_366' title='bbox 1572 3190 1665 3249; x_wconf 77' lang='grc' dir='ltr'>οὖν</span> <span class='ocrx_word' id='word_1_367' title='bbox 1699 3194 1791 3266; x_wconf 85' lang='grc' dir='ltr'><strong>βό-</strong></span> 
     </span>
    </p>
   </div>
   <div class='ocr_carea' id='block_1_48' title="bbox 1889 2000 3481 2072">
    <p class='ocr_par' dir='ltr' id='par_1_48' title="bbox 1889 2000 3481 2072">
     <span class='ocr_line' id='line_1_48' title="bbox 1889 2000 3481 2072; baseline 0.003 -20"><span class='ocrx_word' id='word_1_368' title='bbox 1889 2016 1957 2055; x_wconf 85' lang='lat' dir='ltr'><strong>va</strong></span> <span class='ocrx_word' id='word_1_369' title='bbox 1975 2008 2127 2070; x_wconf 89' lang='lat' dir='ltr'><strong>parte</strong></span> <span class='ocrx_word' id='word_1_370' title='bbox 2146 2000 2411 2055; x_wconf 88' lang='lat' dir='ltr'><strong>collocata</strong></span> <span class='ocrx_word' id='word_1_371' title='bbox 2442 2000 2704 2070; x_wconf 86' lang='lat' dir='ltr'><strong>repudiet;</strong></span> <span class='ocrx_word' id='word_1_372' title='bbox 2726 2002 2896 2065; x_wconf 81' lang='lat' dir='ltr'><strong>dicat,</strong></span> <span class='ocrx_word' id='word_1_373' title='bbox 2924 2018 3130 2072; x_wconf 66' lang='lat' dir='ltr'><strong>quaeso,</strong></span> <span class='ocrx_word' id='word_1_374' title='bbox 3160 2004 3306 2058; x_wconf 90' lang='lat' dir='ltr'><strong>unde</strong></span> <span class='ocrx_word' id='word_1_375' title='bbox 3331 2003 3481 2057; x_wconf 80' lang='lat' dir='ltr'><strong>illam</strong></span> 
     </span>
    </p>
   </div>
   <div class='ocr_carea' id='block_1_49' title="bbox 1892 2074 3482 2166">
    <p class='ocr_par' dir='ltr' id='par_1_49' title="bbox 1892 2074 3482 2166">
     <span class='ocr_line' id='line_1_49' title="bbox 1892 2074 3482 2166; baseline 0.003 -19"><span class='ocrx_word' id='word_1_376' title='bbox 1892 2091 2243 2162; x_wconf 77' lang='lat' dir='ltr'><strong>geometriam</strong></span> <span class='ocrx_word' id='word_1_377' title='bbox 2268 2091 2537 2156; x_wconf 82' lang='lat' dir='ltr'><strong>hauserit,</strong></span> <span class='ocrx_word' id='word_1_378' title='bbox 2566 2100 2623 2147; x_wconf 93' lang='lat' dir='ltr'><strong>ut</strong></span> <span class='ocrx_word' id='word_1_379' title='bbox 2652 2074 2898 2147; x_wconf 77' lang='lat' dir='ltr'><strong>dextram</strong></span> <span class='ocrx_word' id='word_1_380' title='bbox 2940 2095 3333 2166; x_wconf 89' lang='lat' dir='ltr'><strong>sinistramque</strong></span> <span class='ocrx_word' id='word_1_381' title='bbox 3362 2098 3482 2152; x_wconf 88' lang='lat' dir='ltr'><strong>sine</strong></span> 
     </span>
    </p>
   </div>
   <div class='ocr_carea' id='block_1_50' title="bbox 1891 2184 3481 2243">
    <p class='ocr_par' dir='ltr' id='par_1_50' title="bbox 1891 2184 3481 2243">
     <span class='ocr_line' id='line_1_50' title="bbox 1891 2184 3481 2243; baseline 0.003 -6"><span class='ocrx_word' id='word_1_382' title='bbox 1891 2184 2002 2238; x_wconf 90' lang='lat' dir='ltr'><strong>ulla</strong></span> <span class='ocrx_word' id='word_1_383' title='bbox 2037 2185 2338 2239; x_wconf 87' lang='lat' dir='ltr'><strong>mutatione</strong></span> <span class='ocrx_word' id='word_1_384' title='bbox 2367 2191 2709 2239; x_wconf 88' lang='lat' dir='ltr'><strong>constantem</strong></span> <span class='ocrx_word' id='word_1_385' title='bbox 2729 2185 3017 2241; x_wconf 87' lang='lat' dir='ltr'><strong>commode</strong></span> <span class='ocrx_word' id='word_1_386' title='bbox 3038 2186 3311 2241; x_wconf 84' lang='lat' dir='ltr'><strong>metiatur.</strong></span> <span class='ocrx_word' id='word_1_387' title='bbox 3343 2186 3481 2243; x_wconf 87' lang='lat' dir='ltr'><strong>Nam</strong></span> 
     </span>
    </p>
   </div>
   <div class='ocr_carea' id='block_1_51' title="bbox 1890 2275 3482 2347">
    <p class='ocr_par' dir='ltr' id='par_1_51' title="bbox 1890 2275 3482 2347">
     <span class='ocr_line' id='line_1_51' title="bbox 1890 2275 3482 2347; baseline 0.005 -18"><span class='ocrx_word' id='word_1_388' title='bbox 1890 2275 2034 2344; x_wconf 88' lang='lat' dir='ltr'><strong>apud</strong></span> <span class='ocrx_word' id='word_1_389' title='bbox 2085 2291 2187 2331; x_wconf 91' lang='lat' dir='ltr'><strong>nos</strong></span> <span class='ocrx_word' id='word_1_390' title='bbox 2239 2276 2430 2331; x_wconf 78' lang='lat' dir='ltr'><strong>dextra</strong></span> <span class='ocrx_word' id='word_1_391' title='bbox 2487 2276 2782 2332; x_wconf 87' lang='lat' dir='ltr'><strong>sinistrave</strong></span> <span class='ocrx_word' id='word_1_392' title='bbox 2845 2280 3207 2347; x_wconf 87' lang='lat' dir='ltr'><strong>quorumdam</strong></span> <span class='ocrx_word' id='word_1_393' title='bbox 3266 2283 3482 2337; x_wconf 88' lang='lat' dir='ltr'><strong>ratione</strong></span> 
     </span>
    </p>
   </div>
   <div class='ocr_carea' id='block_1_52' title="bbox 1890 2367 3482 2444">
    <p class='ocr_par' dir='ltr' id='par_1_52' title="bbox 1890 2367 3482 2444">
     <span class='ocr_line' id='line_1_52' title="bbox 1890 2367 3482 2444; baseline 0.004 -22"><span class='ocrx_word' id='word_1_394' title='bbox 1890 2367 2287 2433; x_wconf 84' lang='lat' dir='ltr'><strong>membrorum,</strong></span> <span class='ocrx_word' id='word_1_395' title='bbox 2320 2384 2441 2438; x_wconf 73' lang='lat' dir='ltr'><strong>qua:</strong></span> <span class='ocrx_word' id='word_1_396' title='bbox 2475 2369 2581 2422; x_wconf 72' lang='lat' dir='ltr'><strong>lixa</strong></span> <span class='ocrx_word' id='word_1_397' title='bbox 2620 2377 2770 2434; x_wconf 84' lang='lat' dir='ltr'><strong>sunt,</strong></span> <span class='ocrx_word' id='word_1_398' title='bbox 2813 2372 3009 2425; x_wconf 89' lang='lat' dir='ltr'><strong>merito</strong></span> <span class='ocrx_word' id='word_1_399' title='bbox 3042 2380 3328 2439; x_wconf 74' lang='lat' dir='ltr'><strong>vocantur,</strong></span> <span class='ocrx_word' id='word_1_400' title='bbox 3360 2389 3482 2444; x_wconf 76' lang='lat' dir='ltr'><strong>quae</strong></span> 
     </span>
    </p>
   </div>
   <div class='ocr_carea' id='block_1_53' title="bbox 1891 2458 3484 2531">
    <p class='ocr_par' dir='ltr' id='par_1_53' title="bbox 1891 2458 3484 2531">
     <span class='ocr_line' id='line_1_53' title="bbox 1891 2458 3484 2531; baseline 0.008 -20"><span class='ocrx_word' id='word_1_401' title='bbox 1891 2458 2192 2528; x_wconf 87' lang='lat' dir='ltr'><strong>permutari</strong></span> <span class='ocrx_word' id='word_1_402' title='bbox 2225 2458 2458 2514; x_wconf 85' lang='lat' dir='ltr'><strong>invicem</strong></span> <span class='ocrx_word' id='word_1_403' title='bbox 2512 2471 2811 2531; x_wconf 87' lang='lat' dir='ltr'><strong>nequeunt.</strong></span> <span class='ocrx_word' id='word_1_404' title='bbox 2854 2460 2987 2528; x_wconf 76' lang='lat' dir='ltr'><strong>Quae</strong></span> <span class='ocrx_word' id='word_1_405' title='bbox 3020 2479 3150 2519; x_wconf 88' lang='lat' dir='ltr'><strong>vero</strong></span> <span class='ocrx_word' id='word_1_406' title='bbox 3185 2475 3339 2520; x_wconf 81' lang='lat' dir='ltr'><strong>extra</strong></span> <span class='ocrx_word' id='word_1_407' title='bbox 3379 2483 3484 2524; x_wconf 83' lang='lat' dir='ltr'><strong>nos</strong></span> 
     </span>
    </p>
   </div>
   <div class='ocr_carea' id='block_1_54' title="bbox 1891 2550 3480 2628">
    <p class='ocr_par' dir='ltr' id='par_1_54' title="bbox 1891 2550 3480 2628">
     <span class='ocr_line' id='line_1_54' title="bbox 1891 2550 3480 2628; baseline 0.003 -21"><span class='ocrx_word' id='word_1_408' title='bbox 1891 2557 2044 2612; x_wconf 86' lang='lat' dir='ltr'><strong>sunt,</strong></span> <span class='ocrx_word' id='word_1_409' title='bbox 2076 2551 2214 2607; x_wconf 87' lang='lat' dir='ltr'><strong>alias</strong></span> <span class='ocrx_word' id='word_1_410' title='bbox 2247 2550 2437 2606; x_wconf 84' lang='lat' dir='ltr'><strong>dextra</strong></span> <span class='ocrx_word' id='word_1_411' title='bbox 2471 2551 2638 2617; x_wconf 79' lang='lat' dir='ltr'><strong>ﬁunt,</strong></span> <span class='ocrx_word' id='word_1_412' title='bbox 2683 2553 2820 2608; x_wconf 90' lang='lat' dir='ltr'><strong>alias</strong></span> <span class='ocrx_word' id='word_1_413' title='bbox 2861 2554 3105 2611; x_wconf 91' lang='lat' dir='ltr'><strong>sinistra.</strong></span> <span class='ocrx_word' id='word_1_414' title='bbox 3139 2556 3352 2611; x_wconf 77' lang='lat' dir='ltr'><strong>Etenim</strong></span> <span class='ocrx_word' id='word_1_415' title='bbox 3387 2560 3480 2628; x_wconf 91' lang='lat' dir='ltr'><strong>qui</strong></span> 
     </span>
    </p>
   </div>
   <div class='ocr_carea' id='block_1_55' title="bbox 1891 2642 3483 2708">
    <p class='ocr_par' dir='ltr' id='par_1_55' title="bbox 1891 2642 3483 2708">
     <span class='ocr_line' id='line_1_55' title="bbox 1891 2642 3483 2708; baseline 0.004 -10"><span class='ocrx_word' id='word_1_416' title='bbox 1891 2658 1952 2698; x_wconf 89' lang='lat' dir='ltr'><strong>se</strong></span> <span class='ocrx_word' id='word_1_417' title='bbox 1973 2642 2041 2697; x_wconf 89' lang='lat' dir='ltr'><strong>ad</strong></span> <span class='ocrx_word' id='word_1_418' title='bbox 2074 2644 2342 2699; x_wconf 88' lang='lat' dir='ltr'><strong>orientem</strong></span> <span class='ocrx_word' id='word_1_419' title='bbox 2373 2644 2693 2708; x_wconf 87' lang='lat' dir='ltr'><strong>obverterit,</strong></span> <span class='ocrx_word' id='word_1_420' title='bbox 2725 2644 2815 2700; x_wconf 87' lang='lat' dir='ltr'><strong>hic</strong></span> <span class='ocrx_word' id='word_1_421' title='bbox 2834 2646 2901 2701; x_wconf 90' lang='lat' dir='ltr'><strong>ad</strong></span> <span class='ocrx_word' id='word_1_422' title='bbox 2924 2646 3205 2702; x_wconf 85' lang='lat' dir='ltr'><strong>dexteram</strong></span> <span class='ocrx_word' id='word_1_423' title='bbox 3234 2660 3483 2706; x_wconf 90' lang='lat' dir='ltr'><strong>austrum</strong></span> 
     </span>
    </p>
   </div>
   <div class='ocr_carea' id='block_1_56' title="bbox 1890 2734 3475 2808">
    <p class='ocr_par' dir='ltr' id='par_1_56' title="bbox 1890 2734 3475 2808">
     <span class='ocr_line' id='line_1_56' title="bbox 1890 2734 3475 2808; baseline 0.005 -19"><span class='ocrx_word' id='word_1_424' title='bbox 1890 2734 2005 2791; x_wconf 89' lang='lat' dir='ltr'><strong>sive</strong></span> <span class='ocrx_word' id='word_1_425' title='bbox 2031 2737 2312 2792; x_wconf 89' lang='lat' dir='ltr'><strong>meridiem</strong></span> <span class='ocrx_word' id='word_1_426' title='bbox 2349 2736 2591 2801; x_wconf 83' lang='lat' dir='ltr'><strong>habebit,</strong></span> <span class='ocrx_word' id='word_1_427' title='bbox 2632 2738 3036 2808; x_wconf 86' lang='lat' dir='ltr'><strong>septentriones</strong></span> <span class='ocrx_word' id='word_1_428' title='bbox 3071 2739 3137 2793; x_wconf 88' lang='lat' dir='ltr'><strong>ad</strong></span> <span class='ocrx_word' id='word_1_429' title='bbox 3171 2741 3475 2797; x_wconf 89' lang='lat' dir='ltr'><strong>sinistram.</strong></span> 
     </span>
    </p>
   </div>
   <div class='ocr_carea' id='block_1_57' title="bbox 1893 2824 3482 2898">
    <p class='ocr_par' dir='ltr' id='par_1_57' title="bbox 1893 2824 3482 2898">
     <span class='ocr_line' id='line_1_57' title="bbox 1893 2824 3482 2898; baseline 0.005 -17"><span class='ocrx_word' id='word_1_430' title='bbox 1893 2824 1989 2882; x_wconf 90' lang='lat' dir='ltr'><strong>Sin</strong></span> <span class='ocrx_word' id='word_1_431' title='bbox 2020 2829 2363 2885; x_wconf 86' lang='lat' dir='ltr'><strong>occidentem</strong></span> <span class='ocrx_word' id='word_1_432' title='bbox 2402 2844 2598 2885; x_wconf 91' lang='lat' dir='ltr'><strong>versus</strong></span> <span class='ocrx_word' id='word_1_433' title='bbox 2627 2846 2749 2887; x_wconf 90' lang='lat' dir='ltr'><strong>sese</strong></span> <span class='ocrx_word' id='word_1_434' title='bbox 2800 2833 3148 2898; x_wconf 78' lang='lat' dir='ltr'><strong>converterit,</strong></span> <span class='ocrx_word' id='word_1_435' title='bbox 3178 2834 3368 2890; x_wconf 92' lang='lat' dir='ltr'><strong>mundi</strong></span> <span class='ocrx_word' id='word_1_436' title='bbox 3404 2837 3482 2891; x_wconf 90' lang='lat' dir='ltr'><strong>illi</strong></span> 
     </span>
    </p>
   </div>
   <div class='ocr_carea' id='block_1_58' title="bbox 1891 2914 3483 2998">
    <p class='ocr_par' dir='ltr' id='par_1_58' title="bbox 1891 2914 3483 2998">
     <span class='ocr_line' id='line_1_58' title="bbox 1891 2914 3483 2998; baseline 0.006 -25"><span class='ocrx_word' id='word_1_437' title='bbox 1891 2918 2148 2974; x_wconf 86' lang='lat' dir='ltr'><strong>cardines</strong></span> <span class='ocrx_word' id='word_1_438' title='bbox 2209 2914 2445 2975; x_wconf 77' lang='lat' dir='ltr'><strong>diversis</strong></span> <span class='ocrx_word' id='word_1_439' title='bbox 2502 2921 2821 2977; x_wconf 89' lang='lat' dir='ltr'><strong>nominibus</strong></span> <span class='ocrx_word' id='word_1_440' title='bbox 2872 2922 3209 2990; x_wconf 66' lang='lat' dir='ltr'><strong>adicientur;</strong></span> <span class='ocrx_word' id='word_1_441' title='bbox 3255 2941 3483 2998; x_wconf 66' lang='lat' dir='ltr'><strong>quaeque</strong></span> 
     </span>
    </p>
   </div>
   <div class='ocr_carea' id='block_1_59' title="bbox 1891 3009 3483 3081">
    <p class='ocr_par' dir='ltr' id='par_1_59' title="bbox 1891 3009 3483 3081">
     <span class='ocr_line' id='line_1_59' title="bbox 1891 3009 3483 3081; baseline 0.004 -18"><span class='ocrx_word' id='word_1_442' title='bbox 1891 3011 2055 3081; x_wconf 90' lang='lat' dir='ltr'><strong>paulo</strong></span> <span class='ocrx_word' id='word_1_443' title='bbox 2075 3018 2207 3064; x_wconf 87' lang='lat' dir='ltr'><strong>ante</strong></span> <span class='ocrx_word' id='word_1_444' title='bbox 2229 3009 2421 3065; x_wconf 85' lang='lat' dir='ltr'><strong>dextra</strong></span> <span class='ocrx_word' id='word_1_445' title='bbox 2448 3010 2626 3065; x_wconf 80' lang='lat' dir='ltr'><strong>fuerat</strong></span> <span class='ocrx_word' id='word_1_446' title='bbox 2649 3012 2925 3080; x_wconf 89' lang='lat' dir='ltr'><strong>meridies,</strong></span> <span class='ocrx_word' id='word_1_447' title='bbox 2958 3013 3014 3068; x_wconf 91' lang='lat' dir='ltr'><strong>in</strong></span> <span class='ocrx_word' id='word_1_448' title='bbox 3049 3015 3330 3070; x_wconf 87' lang='lat' dir='ltr'><strong>sinistram</strong></span> <span class='ocrx_word' id='word_1_449' title='bbox 3357 3032 3483 3070; x_wconf 86' lang='lat' dir='ltr'><strong>mu-</strong></span> 
     </span>
    </p>
   </div>
   <div class='ocr_carea' id='block_1_60' title="bbox 1891 3102 3483 3176">
    <p class='ocr_par' dir='ltr' id='par_1_60' title="bbox 1891 3102 3483 3176">
     <span class='ocr_line' id='line_1_60' title="bbox 1891 3102 3483 3176; baseline 0.004 -20"><span class='ocrx_word' id='word_1_450' title='bbox 1891 3102 2146 3156; x_wconf 87' lang='lat' dir='ltr'><strong>tabitur:</strong></span> <span class='ocrx_word' id='word_1_451' title='bbox 2188 3116 2310 3171; x_wconf 62' lang='lat' dir='ltr'><strong>quae</strong></span> <span class='ocrx_word' id='word_1_452' title='bbox 2362 3102 2429 3157; x_wconf 88' lang='lat' dir='ltr'><strong>ad</strong></span> <span class='ocrx_word' id='word_1_453' title='bbox 2475 3102 2756 3159; x_wconf 87' lang='lat' dir='ltr'><strong>sinistram</strong></span> <span class='ocrx_word' id='word_1_454' title='bbox 2804 3120 3026 3176; x_wconf 80' lang='lat' dir='ltr'><strong>vergere</strong></span> <span class='ocrx_word' id='word_1_455' title='bbox 3059 3106 3345 3163; x_wconf 86' lang='lat' dir='ltr'><strong>dicebatur</strong></span> <span class='ocrx_word' id='word_1_456' title='bbox 3378 3109 3483 3163; x_wconf 85' lang='lat' dir='ltr'><strong>ho-</strong></span> 
     </span>
    </p>
   </div>
   <div class='ocr_carea' id='block_1_61' title="bbox 1895 3191 3481 3264">
    <p class='ocr_par' dir='ltr' id='par_1_61' title="bbox 1895 3191 3481 3264">
     <span class='ocr_line' id='line_1_61' title="bbox 1895 3191 3481 3264; baseline 0.008 -20"><span class='ocrx_word' id='word_1_457' title='bbox 1895 3191 2061 3248; x_wconf 90' lang='lat' dir='ltr'><strong>minis</strong></span> <span class='ocrx_word' id='word_1_458' title='bbox 2097 3192 2435 3262; x_wconf 89' lang='lat' dir='ltr'><strong>aqnilonaris</strong></span> <span class='ocrx_word' id='word_1_459' title='bbox 2462 3193 2636 3264; x_wconf 81' lang='lat' dir='ltr'><strong>regio,</strong></span> <span class='ocrx_word' id='word_1_460' title='bbox 2673 3194 2740 3248; x_wconf 85' lang='lat' dir='ltr'><strong>ad</strong></span> <span class='ocrx_word' id='word_1_461' title='bbox 2779 3194 3059 3250; x_wconf 82' lang='lat' dir='ltr'><strong>dexteram</strong></span> <span class='ocrx_word' id='word_1_462' title='bbox 3090 3212 3215 3253; x_wconf 91' lang='lat' dir='ltr'><strong>esse</strong></span> <span class='ocrx_word' id='word_1_463' title='bbox 3246 3197 3481 3257; x_wconf 85' lang='lat' dir='ltr'><strong>dicetur.</strong></span> 
     </span>
    </p>
   </div>
   <div class='ocr_carea' id='block_1_62' title="bbox 206 3273 1792 3358">
    <p class='ocr_par' dir='ltr' id='par_1_62' title="bbox 206 3285 1789 3358">
     <span class='ocr_line' id='line_1_62' title="bbox 206 3285 1789 3358; baseline -0.001 -17"><span class='ocrx_word' id='word_1_464' title='bbox 206 3305 355 3357; x_wconf 85' lang='grc' dir='ltr'>ρειον</span> <span class='ocrx_word' id='word_1_465' title='bbox 400 3286 592 3358; x_wconf 85' lang='grc' dir='ltr'>κλίμα,</span> <span class='ocrx_word' id='word_1_466' title='bbox 625 3290 707 3353; x_wconf 73' lang='grc' dir='ltr'>εἰς</span> <span class='ocrx_word' id='word_1_467' title='bbox 736 3287 917 3356; x_wconf 79' lang='grc' dir='ltr'>δεξιὰν</span> <span class='ocrx_word' id='word_1_468' title='bbox 950 3286 1118 3341; x_wconf 84' lang='grc' dir='ltr'>αὑτοῦ</span> <span class='ocrx_word' id='word_1_469' title='bbox 1150 3285 1637 3358; x_wconf 79' lang='grc' dir='ltr'>μεταϐαλλόμενον.</span> <span class='ocrx_word' id='word_1_470' title='bbox 1679 3286 1789 3341; x_wconf 75' lang='grc' dir='ltr'>Ποῦ</span> 
     </span>
    </p>
   </div>
   <div class='ocr_carea' id='block_1_63' title="bbox 1897 3273 3481 3358">
    <p class='ocr_par' dir='ltr' id='par_1_63' title="bbox 1899 3283 3481 3355">
     <span class='ocr_line' id='line_1_63' title="bbox 1899 3283 3481 3355; baseline 0.006 -16"><span class='ocrx_word' id='word_1_471' title='bbox 1899 3283 2127 3340; x_wconf 83' lang='lat' dir='ltr'><strong>Ubinam</strong></span> <span class='ocrx_word' id='word_1_472' title='bbox 2167 3299 2299 3355; x_wconf 91' lang='lat' dir='ltr'><strong>ergo</strong></span> <span class='ocrx_word' id='word_1_473' title='bbox 2337 3292 2611 3341; x_wconf 87' lang='lat' dir='ltr'><strong>veterator</strong></span> <span class='ocrx_word' id='word_1_474' title='bbox 2638 3287 2740 3341; x_wconf 92' lang='lat' dir='ltr'><strong>iste</strong></span> <span class='ocrx_word' id='word_1_475' title='bbox 2769 3302 2924 3343; x_wconf 86' lang='lat' dir='ltr'><strong>suam</strong></span> <span class='ocrx_word' id='word_1_476' title='bbox 2971 3290 3117 3343; x_wconf 90' lang='lat' dir='ltr'><strong>illam</strong></span> <span class='ocrx_word' id='word_1_477' title='bbox 3151 3291 3481 3349; x_wconf 81' lang='lat' dir='ltr'><strong>modulanda</strong></span> 
     </span>
    </p>
   </div>
   <div class='ocr_carea' id='block_1_64' title="bbox 199 3376 1796 3450">
    <p class='ocr_par' dir='ltr' id='par_1_64' title="bbox 199 3376 1796 3450">
     <span class='ocr_line' id='line_1_64' title="bbox 199 3376 1796 3450; baseline -0.003 -15"><span class='ocrx_word' id='word_1_478' title='bbox 199 3376 385 3435; x_wconf 76' lang='grc' dir='ltr'>τοίνυν</span> <span class='ocrx_word' id='word_1_479' title='bbox 407 3381 437 3432; x_wconf 81' lang='grc' dir='ltr'>ὁ</span> <span class='ocrx_word' id='word_1_480' title='bbox 456 3377 711 3433; x_wconf 81' lang='grc' dir='ltr'>ἀπατεὼν</span> <span class='ocrx_word' id='word_1_481' title='bbox 740 3378 967 3450; x_wconf 76' lang='grc' dir='ltr'>ἐφεῦρεν</span> <span class='ocrx_word' id='word_1_482' title='bbox 1002 3376 1181 3450; x_wconf 86' lang='grc' dir='ltr'>ἑαυτῷ</span> <span class='ocrx_word' id='word_1_483' title='bbox 1214 3377 1311 3450; x_wconf 85' lang='grc' dir='ltr'>τὴν</span> <span class='ocrx_word' id='word_1_484' title='bbox 1335 3377 1479 3432; x_wconf 84' lang='grc' dir='ltr'>κατὰ</span> <span class='ocrx_word' id='word_1_485' title='bbox 1502 3378 1636 3433; x_wconf 82' lang='grc' dir='ltr'>Θεὸν</span> <span class='ocrx_word' id='word_1_486' title='bbox 1657 3395 1796 3447; x_wconf 90' lang='grc' dir='ltr'>γεω-</span> 
     </span>
    </p>
   </div>
   <div class='ocr_carea' id='block_1_65' title="bbox 205 3472 1791 3547">
    <p class='ocr_par' dir='ltr' id='par_1_65' title="bbox 205 3472 1791 3547">
     <span class='ocr_line' id='line_1_65' title="bbox 205 3472 1791 3547; baseline 0 -20"><span class='ocrx_word' id='word_1_487' title='bbox 205 3473 479 3547; x_wconf 75' lang='grc' dir='ltr'>μετρίανς</span> <span class='ocrx_word' id='word_1_488' title='bbox 511 3473 622 3529; x_wconf 77' lang='grc' dir='ltr'><strong>Καὶ</strong></span> <span class='ocrx_word' id='word_1_489' title='bbox 666 3472 713 3527; x_wconf 86' lang='grc' dir='ltr'><strong>ὣ</strong></span> <span class='ocrx_word' id='word_1_490' title='bbox 755 3474 855 3544; x_wconf 82' lang='grc' dir='ltr'>τῆς</span> <span class='ocrx_word' id='word_1_491' title='bbox 897 3472 1152 3543; x_wconf 84' lang='grc' dir='ltr'>τοιαύτης</span> <span class='ocrx_word' id='word_1_492' title='bbox 1200 3472 1404 3543; x_wconf 79' lang='grc' dir='ltr'>πολλῆς</span> <span class='ocrx_word' id='word_1_493' title='bbox 1451 3472 1791 3545; x_wconf 78' lang='grc' dir='ltr'>ληρολογίας,</span> 
     </span>
    </p>
   </div>
   <div class='ocr_carea' id='block_1_66' title="bbox 202 3563 1799 3638">
    <p class='ocr_par' dir='ltr' id='par_1_66' title="bbox 202 3563 1799 3638">
     <span class='ocr_line' id='line_1_66' title="bbox 202 3563 1799 3638; baseline 0 -20"><span class='ocrx_word' id='word_1_494' title='bbox 202 3568 307 3638; x_wconf 81' lang='grc' dir='ltr'>τῆς</span> <span class='ocrx_word' id='word_1_495' title='bbox 329 3565 399 3620; x_wconf 82' lang='grc' dir='ltr'><strong>τὰ</strong></span> <span class='ocrx_word' id='word_1_496' title='bbox 426 3565 604 3619; x_wconf 85' lang='grc' dir='ltr'>πάντα</span> <span class='ocrx_word' id='word_1_497' title='bbox 646 3564 1009 3637; x_wconf 77' lang='grc' dir='ltr'>συγχεούσηςι</span> <span class='ocrx_word' id='word_1_498' title='bbox 1044 3566 1246 3621; x_wconf 78' lang='grc' dir='ltr'>Φάσκει</span> <span class='ocrx_word' id='word_1_499' title='bbox 1283 3564 1339 3618; x_wconf 84' lang='grc' dir='ltr'><strong>δὲ</strong></span> <span class='ocrx_word' id='word_1_500' title='bbox 1373 3564 1512 3636; x_wconf 87' lang='grc' dir='ltr'>μετὰ</span> <span class='ocrx_word' id='word_1_501' title='bbox 1548 3563 1610 3618; x_wconf 84' lang='grc' dir='ltr'><strong>τδ</strong></span> <span class='ocrx_word' id='word_1_502' title='bbox 1639 3564 1799 3618; x_wconf 90' lang='grc' dir='ltr'>ὑστέ-</span> 
     </span>
    </p>
   </div>
   <div class='ocr_carea' id='block_1_67' title="bbox 210 3654 1795 3730">
    <p class='ocr_par' dir='ltr' id='par_1_67' title="bbox 210 3654 1795 3730">
     <span class='ocr_line' id='line_1_67' title="bbox 210 3654 1795 3730; baseline 0.001 -20"><span class='ocrx_word' id='word_1_503' title='bbox 210 3673 367 3729; x_wconf 85' lang='grc' dir='ltr'>ρημα</span> <span class='ocrx_word' id='word_1_504' title='bbox 392 3654 503 3727; x_wconf 81' lang='lat'><strong>(85)</strong></span> <span class='ocrx_word' id='word_1_505' title='bbox 534 3655 629 3709; x_wconf 76' lang='grc' dir='ltr'><strong>τοῦ</strong></span> <span class='ocrx_word' id='word_1_506' title='bbox 659 3656 951 3727; x_wconf 88' lang='grc' dir='ltr'>τριάκοντα</span> <span class='ocrx_word' id='word_1_507' title='bbox 972 3662 989 3691; x_wconf 73' lang='grc'>³</span> <span class='ocrx_word' id='word_1_508' title='bbox 1021 3658 1227 3723; x_wconf 81' lang='grc' dir='ltr'>Αἱῶνος</span> <span class='ocrx_word' id='word_1_509' title='bbox 1252 3658 1601 3730; x_wconf 85' lang='grc' dir='ltr'>γεγενῆσθαι.</span> <span class='ocrx_word' id='word_1_510' title='bbox 1622 3658 1795 3713; x_wconf 83' lang='grc' dir='ltr'>Πόθεν</span> 
     </span>
    </p>
   </div>
   <div class='ocr_carea' id='block_1_68' title="bbox 205 3748 1793 3826">
    <p class='ocr_par' dir='ltr' id='par_1_68' title="bbox 205 3748 1793 3826">
     <span class='ocr_line' id='line_1_68' title="bbox 205 3748 1793 3826; baseline 0 -19"><span class='ocrx_word' id='word_1_511' title='bbox 205 3751 320 3825; x_wconf 72' lang='grc' dir='ltr'>ἄρα</span> <span class='ocrx_word' id='word_1_512' title='bbox 344 3754 446 3823; x_wconf 79' lang='grc' dir='ltr'>τὴν</span> <span class='ocrx_word' id='word_1_513' title='bbox 472 3751 566 3805; x_wconf 80' lang='grc' dir='ltr'>τοῦ</span> <span class='ocrx_word' id='word_1_514' title='bbox 591 3753 967 3824; x_wconf 79' lang='grc' dir='ltr'>ὑστερήματος</span> <span class='ocrx_word' id='word_1_515' title='bbox 996 3754 1156 3825; x_wconf 83' lang='grc' dir='ltr'>φύσιν</span> <span class='ocrx_word' id='word_1_516' title='bbox 1175 3754 1528 3826; x_wconf 78' lang='grc' dir='ltr'>κατείληφας,</span> <span class='ocrx_word' id='word_1_517' title='bbox 1551 3748 1598 3808; x_wconf 79' lang='grc' dir='ltr'><strong>ὦ</strong></span> <span class='ocrx_word' id='word_1_518' title='bbox 1616 3748 1793 3818; x_wconf 77' lang='grc' dir='ltr'>οὗτος,</span> 
     </span>
    </p>
   </div>
   <div class='ocr_carea' id='block_1_69' title="bbox 203 3839 1794 3919">
    <p class='ocr_par' dir='ltr' id='par_1_69' title="bbox 203 3839 1794 3919">
     <span class='ocr_line' id='line_1_69' title="bbox 203 3839 1794 3919; baseline 0 -21"><span class='ocrx_word' id='word_1_519' title='bbox 203 3845 241 3916; x_wconf 77' lang='grc' dir='ltr'>ἢ</span> <span class='ocrx_word' id='word_1_520' title='bbox 275 3845 595 3898; x_wconf 78' lang='grc' dir='ltr'>ἀποστᾶσαν</span> <span class='ocrx_word' id='word_1_521' title='bbox 615 3843 864 3916; x_wconf 85' lang='grc' dir='ltr'>δύναμιν,</span> <span class='ocrx_word' id='word_1_522' title='bbox 882 3846 1011 3915; x_wconf 83' lang='grc' dir='ltr'>λέγε</span> <span class='ocrx_word' id='word_1_523' title='bbox 1030 3863 1045 3910; x_wconf 89' lang='lat'><strong>;</strong></span> <span class='ocrx_word' id='word_1_524' title='bbox 1067 3847 1130 3900; x_wconf 86' lang='lat' dir='ltr'><strong>Ei</strong></span> <span class='ocrx_word' id='word_1_525' title='bbox 1154 3847 1254 3918; x_wconf 84' lang='grc' dir='ltr'>μὲν</span> <span class='ocrx_word' id='word_1_526' title='bbox 1282 3845 1393 3919; x_wconf 87' lang='grc' dir='ltr'><strong>γὰρ</strong></span> <span class='ocrx_word' id='word_1_527' title='bbox 1416 3839 1576 3916; x_wconf 76' lang='grc' dir='ltr'>εὗρες</span> <span class='ocrx_word' id='word_1_528' title='bbox 1589 3845 1794 3917; x_wconf 85' lang='grc' dir='ltr'>ταύτην</span> 
     </span>
    </p>
   </div>
   <div class='ocr_carea' id='block_1_70' title="bbox 204 3931 1795 4005">
    <p class='ocr_par' dir='ltr' id='par_1_70' title="bbox 204 3931 1795 4005">
     <span class='ocr_line' id='line_1_70' title="bbox 204 3931 1795 4005; baseline -0.004 -15"><span class='ocrx_word' id='word_1_529' title='bbox 204 3935 320 3990; x_wconf 74' lang='grc' dir='ltr'><strong>ἀπὸ</strong></span> <span class='ocrx_word' id='word_1_530' title='bbox 355 3933 735 4005; x_wconf 80' lang='grc' dir='ltr'>βλαστήματος</span> <span class='ocrx_word' id='word_1_531' title='bbox 765 3933 875 3987; x_wconf 87' lang='grc' dir='ltr'><strong>τῶν</strong></span> <span class='ocrx_word' id='word_1_532' title='bbox 901 3934 1035 3999; x_wconf 81' lang='grc' dir='ltr'>ἄνω,</span> <span class='ocrx_word' id='word_1_533' title='bbox 1060 3935 1121 3988; x_wconf 91' lang='grc' dir='ltr'><strong>οὑ</strong></span> <span class='ocrx_word' id='word_1_534' title='bbox 1153 3934 1400 4004; x_wconf 83' lang='grc' dir='ltr'>κτιστὴν,</span> <span class='ocrx_word' id='word_1_535' title='bbox 1432 3931 1569 3986; x_wconf 82' lang='grc' dir='ltr'>ἀλλὰ</span> <span class='ocrx_word' id='word_1_536' title='bbox 1602 3949 1795 4003; x_wconf 83' lang='grc' dir='ltr'>γεννη-</span> 
     </span>
    </p>
   </div>
   <div class='ocr_carea' id='block_1_71' title="bbox 203 4022 1796 4099">
    <p class='ocr_par' dir='ltr' id='par_1_71' title="bbox 203 4022 1796 4099">
     <span class='ocr_line' id='line_1_71' title="bbox 203 4022 1796 4099; baseline -0.001 -22"><span class='ocrx_word' id='word_1_537' title='bbox 203 4026 331 4098; x_wconf 74' lang='grc' dir='ltr'>τὴν,</span> <span class='ocrx_word' id='word_1_538' title='bbox 366 4024 553 4097; x_wconf 76' lang='grc' dir='ltr'>ἐπειδὴ</span> <span class='ocrx_word' id='word_1_539' title='bbox 579 4026 661 4079; x_wconf 88' lang='grc' dir='ltr'><strong>σοί</strong></span> <span class='ocrx_word' id='word_1_540' title='bbox 692 4042 753 4078; x_wconf 91' lang='grc' dir='ltr'>τε</span> <span class='ocrx_word' id='word_1_541' title='bbox 782 4026 877 4079; x_wconf 80' lang='grc' dir='ltr'>καὶ</span> <span class='ocrx_word' id='word_1_542' title='bbox 895 4025 974 4097; x_wconf 83' lang='grc' dir='ltr'><strong>τῷ</strong></span> <span class='ocrx_word' id='word_1_543' title='bbox 1001 4042 1096 4078; x_wconf 93' lang='grc' dir='ltr'><strong>σου</strong></span> <span class='ocrx_word' id='word_1_544' title='bbox 1129 4026 1395 4099; x_wconf 77' lang='grc' dir='ltr'>ἐπιστάτῃ</span> <span class='ocrx_word' id='word_1_545' title='bbox 1419 4025 1519 4078; x_wconf 89' lang='grc' dir='ltr'><strong>οὑκ</strong></span> <span class='ocrx_word' id='word_1_546' title='bbox 1542 4022 1796 4095; x_wconf 75' lang='grc' dir='ltr'>ἐκτισμέ-</span> 
     </span>
    </p>
   </div>
   <div class='ocr_carea' id='block_1_72' title="bbox 204 4115 1794 4190">
    <p class='ocr_par' dir='ltr' id='par_1_72' title="bbox 204 4115 1794 4190">
     <span class='ocr_line' id='line_1_72' title="bbox 204 4115 1794 4190; baseline -0.001 -19"><span class='ocrx_word' id='word_1_547' title='bbox 204 4136 279 4171; x_wconf 72' lang='grc' dir='ltr'><strong>να</strong></span> <span class='ocrx_word' id='word_1_548' title='bbox 303 4116 374 4171; x_wconf 80' lang='grc' dir='ltr'>τὰ</span> <span class='ocrx_word' id='word_1_549' title='bbox 398 4119 593 4173; x_wconf 80' lang='grc' dir='ltr'>κτιστά</span> <span class='ocrx_word' id='word_1_550' title='bbox 623 4119 887 4190; x_wconf 78' lang='grc' dir='ltr'>ὁρίζεται,</span> <span class='ocrx_word' id='word_1_551' title='bbox 912 4117 1049 4172; x_wconf 80' lang='grc' dir='ltr'>ἀλλὰ</span> <span class='ocrx_word' id='word_1_552' title='bbox 1075 4116 1339 4189; x_wconf 86' lang='grc' dir='ltr'>γεννητά·</span> <span class='ocrx_word' id='word_1_553' title='bbox 1371 4118 1467 4171; x_wconf 79' lang='grc' dir='ltr'>καὶ</span> <span class='ocrx_word' id='word_1_554' title='bbox 1510 4115 1619 4171; x_wconf 74' lang='grc' dir='ltr'>ἀπὸ</span> <span class='ocrx_word' id='word_1_555' title='bbox 1662 4134 1794 4188; x_wconf 90' lang='grc' dir='ltr'>μετ-</span> 
     </span>
    </p>
   </div>
   <div class='ocr_carea' id='block_1_73' title="bbox 211 4207 1794 4284">
    <p class='ocr_par' dir='ltr' id='par_1_73' title="bbox 211 4207 1794 4284">
     <span class='ocr_line' id='line_1_73' title="bbox 211 4207 1794 4284; baseline 0.001 -24"><span class='ocrx_word' id='word_1_556' title='bbox 211 4208 399 4272; x_wconf 82' lang='grc' dir='ltr'>ουσίας</span> <span class='ocrx_word' id='word_1_557' title='bbox 429 4210 667 4281; x_wconf 80' lang='grc' dir='ltr'>ἑκάστης</span> <span class='ocrx_word' id='word_1_558' title='bbox 710 4208 924 4281; x_wconf 83' lang='grc' dir='ltr'>φύσεως</span> <span class='ocrx_word' id='word_1_559' title='bbox 969 4212 1097 4284; x_wconf 87' lang='grc' dir='ltr'>παρ’</span> <span class='ocrx_word' id='word_1_560' title='bbox 1128 4211 1365 4279; x_wconf 79' lang='grc' dir='ltr'>ἑκάστης</span> <span class='ocrx_word' id='word_1_561' title='bbox 1413 4207 1684 4279; x_wconf 78' lang='grc' dir='ltr'>λαϐούσης</span> <span class='ocrx_word' id='word_1_562' title='bbox 1726 4208 1794 4262; x_wconf 84' lang='grc' dir='ltr'>τὰ</span> 
     </span>
    </p>
   </div>
   <div class='ocr_carea' id='block_1_74' title="bbox 210 4292 1794 4371">
    <p class='ocr_par' dir='ltr' id='par_1_74' title="bbox 210 4292 1794 4371">
     <span class='ocr_line' id='line_1_74' title="bbox 210 4292 1794 4371; baseline 0 -21"><span class='ocrx_word' id='word_1_563' title='bbox 210 4292 371 4361; x_wconf 84' lang='grc' dir='ltr'>αὖθις</span> <span class='ocrx_word' id='word_1_564' title='bbox 408 4298 725 4369; x_wconf 85' lang='grc' dir='ltr'>γεννώμενα</span> <span class='ocrx_word' id='word_1_565' title='bbox 768 4297 1215 4371; x_wconf 79' lang='grc' dir='ltr'>ἀναφῦναι.”Αρα</span> <span class='ocrx_word' id='word_1_566' title='bbox 1245 4314 1309 4366; x_wconf 90' lang='grc' dir='ltr'><strong>γε</strong></span> <span class='ocrx_word' id='word_1_567' title='bbox 1343 4297 1486 4352; x_wconf 88' lang='grc' dir='ltr'>κατά</span> <span class='ocrx_word' id='word_1_568' title='bbox 1510 4299 1600 4350; x_wconf 84' lang='grc' dir='ltr'>τὸν</span> <span class='ocrx_word' id='word_1_569' title='bbox 1629 4296 1794 4350; x_wconf 80' lang='grc' dir='ltr'>αὑτοῦ</span> 
     </span>
    </p>
   </div>
   <div class='ocr_carea' id='block_1_75' title="bbox 205 4387 1795 4463">
    <p class='ocr_par' dir='ltr' id='par_1_75' title="bbox 205 4387 1795 4463">
     <span class='ocr_line' id='line_1_75' title="bbox 205 4387 1795 4463; baseline 0.001 -21"><span class='ocrx_word' id='word_1_570' title='bbox 205 4389 370 4458; x_wconf 83' lang='grc' dir='ltr'>λόγον</span> <span class='ocrx_word' id='word_1_571' title='bbox 399 4390 541 4445; x_wconf 82' lang='grc' dir='ltr'>κατὰ</span> <span class='ocrx_word' id='word_1_572' title='bbox 570 4389 771 4444; x_wconf 78' lang='grc' dir='ltr'>σαυτοῦ</span> <span class='ocrx_word' id='word_1_573' title='bbox 797 4388 1016 4463; x_wconf 78' lang='grc' dir='ltr'>ὁπλίζῃ.</span> <span class='ocrx_word' id='word_1_574' title='bbox 1052 4390 1116 4443; x_wconf 84' lang='lat' dir='ltr'><strong>Ei</strong></span> <span class='ocrx_word' id='word_1_575' title='bbox 1148 4389 1256 4461; x_wconf 87' lang='grc' dir='ltr'><strong>γὰρ</strong></span> <span class='ocrx_word' id='word_1_576' title='bbox 1281 4388 1390 4443; x_wconf 78' lang='grc' dir='ltr'><strong>ἀπὸ</strong></span> <span class='ocrx_word' id='word_1_577' title='bbox 1415 4387 1525 4442; x_wconf 86' lang='grc' dir='ltr'>τῶν</span> <span class='ocrx_word' id='word_1_578' title='bbox 1554 4388 1666 4443; x_wconf 80' lang='grc' dir='ltr'>ἄνω</span> <span class='ocrx_word' id='word_1_579' title='bbox 1698 4388 1795 4443; x_wconf 77' lang='grc' dir='ltr'>καὶ</span> 
     </span>
    </p>
   </div>
   <div class='ocr_carea' id='block_1_76' title="bbox 203 4477 1793 4553">
    <p class='ocr_par' dir='ltr' id='par_1_76' title="bbox 203 4477 1793 4553">
     <span class='ocr_line' id='line_1_76' title="bbox 203 4477 1793 4553; baseline -0.002 -18"><span class='ocrx_word' id='word_1_580' title='bbox 203 4483 242 4551; x_wconf 77' lang='grc' dir='ltr'><strong>ἡ</strong></span> <span class='ocrx_word' id='word_1_581' title='bbox 276 4481 484 4553; x_wconf 84' lang='grc' dir='ltr'>ὑστέρα</span> <span class='ocrx_word' id='word_1_582' title='bbox 525 4480 773 4552; x_wconf 80' lang='grc' dir='ltr'>δύναμις,</span> <span class='ocrx_word' id='word_1_583' title='bbox 819 4481 916 4534; x_wconf 52' lang='grc' dir='ltr'><strong>καὶ⁵</strong></span> <span class='ocrx_word' id='word_1_584' title='bbox 943 4482 978 4551; x_wconf 87' lang='grc' dir='ltr'>ἡ</span> <span class='ocrx_word' id='word_1_585' title='bbox 1011 4480 1319 4535; x_wconf 81' lang='grc' dir='ltr'>ἀποστασία</span> <span class='ocrx_word' id='word_1_586' title='bbox 1347 4479 1659 4551; x_wconf 81' lang='grc' dir='ltr'>γεγένηται,</span> <span class='ocrx_word' id='word_1_587' title='bbox 1693 4477 1793 4549; x_wconf 79' lang='grc' dir='ltr'><strong>έφυ</strong></span> 
     </span>
    </p>
   </div>
   <div class='ocr_carea' id='block_1_77' title="bbox 1896 3375 3484 3449">
    <p class='ocr_par' dir='ltr' id='par_1_77' title="bbox 1896 3375 3484 3449">
     <span class='ocr_line' id='line_1_77' title="bbox 1896 3375 3484 3449; baseline 0.007 -20"><span class='ocrx_word' id='word_1_588' title='bbox 1896 3375 2009 3432; x_wconf 85' lang='lat' dir='ltr'><strong>Deo</strong></span> <span class='ocrx_word' id='word_1_589' title='bbox 2058 3377 2413 3449; x_wconf 85' lang='lat' dir='ltr'><strong>geometriam</strong></span> <span class='ocrx_word' id='word_1_590' title='bbox 2465 3377 2709 3449; x_wconf 84' lang='lat' dir='ltr'><strong>reperit?</strong></span> <span class='ocrx_word' id='word_1_591' title='bbox 2741 3378 2785 3435; x_wconf 92' lang='grc' dir='ltr'>Ο</span> <span class='ocrx_word' id='word_1_592' title='bbox 2821 3381 3197 3443; x_wconf 84' lang='lat' dir='ltr'><strong>incredibilem</strong></span> <span class='ocrx_word' id='word_1_593' title='bbox 3255 3382 3484 3440; x_wconf 78' lang='lat' dir='ltr'><strong>futilita-</strong></span> 
     </span>
    </p>
   </div>
   <div class='ocr_carea' id='block_1_78' title="bbox 1896 3471 3482 3548">
    <p class='ocr_par' dir='ltr' id='par_1_78' title="bbox 1896 3471 3482 3548">
     <span class='ocr_line' id='line_1_78' title="bbox 1896 3471 3482 3548; baseline 0.004 -22"><span class='ocrx_word' id='word_1_594' title='bbox 1896 3478 2027 3532; x_wconf 85' lang='lat' dir='ltr'><strong>tem,</strong></span> <span class='ocrx_word' id='word_1_595' title='bbox 2048 3477 2211 3541; x_wconf 88' lang='lat' dir='ltr'><strong>atque</strong></span> <span class='ocrx_word' id='word_1_596' title='bbox 2230 3471 2485 3526; x_wconf 87' lang='lat' dir='ltr'><strong>universa</strong></span> <span class='ocrx_word' id='word_1_597' title='bbox 2512 3472 2831 3528; x_wconf 89' lang='lat' dir='ltr'><strong>miscentem</strong></span> <span class='ocrx_word' id='word_1_598' title='bbox 2852 3474 2866 3527; x_wconf 83' lang='grc' dir='ltr'><strong>ι</strong></span> <span class='ocrx_word' id='word_1_599' title='bbox 2895 3472 3050 3540; x_wconf 66' lang='grc' dir='ltr'><strong>ρηοά</strong></span> <span class='ocrx_word' id='word_1_600' title='bbox 3075 3491 3203 3531; x_wconf 91' lang='lat' dir='ltr'><strong>vero</strong></span> <span class='ocrx_word' id='word_1_601' title='bbox 3224 3486 3349 3548; x_wconf 90' lang='lat' dir='ltr'><strong>post</strong></span> <span class='ocrx_word' id='word_1_602' title='bbox 3378 3483 3482 3534; x_wconf 88' lang='lat' dir='ltr'><strong>tri-</strong></span> 
     </span>
    </p>
   </div>
   <div class='ocr_carea' id='block_1_79' title="bbox 1896 3563 3485 3636">
    <p class='ocr_par' dir='ltr' id='par_1_79' title="bbox 1896 3563 3485 3636">
     <span class='ocr_line' id='line_1_79' title="bbox 1896 3563 3485 3636; baseline 0.008 -21"><span class='ocrx_word' id='word_1_603' title='bbox 1896 3563 2046 3633; x_wconf 87' lang='lat' dir='ltr'><strong>ginta</strong></span> <span class='ocrx_word' id='word_1_604' title='bbox 2070 3563 2194 3618; x_wconf 90' lang='lat' dir='ltr'><strong>illos</strong></span> <span class='ocrx_word' id='word_1_605' title='bbox 2218 3563 2423 3619; x_wconf 65' lang='lat' dir='ltr'><strong>Eonas</strong></span> <span class='ocrx_word' id='word_1_606' title='bbox 2443 3563 2714 3619; x_wconf 78' lang='lat' dir='ltr'><strong>defectum</strong></span> <span class='ocrx_word' id='word_1_607' title='bbox 2736 3567 3013 3623; x_wconf 78' lang='lat' dir='ltr'><strong>exstitisse</strong></span> <span class='ocrx_word' id='word_1_608' title='bbox 3031 3576 3240 3636; x_wconf 90' lang='lat' dir='ltr'><strong>narrat,</strong></span> <span class='ocrx_word' id='word_1_609' title='bbox 3266 3570 3398 3626; x_wconf 84' lang='lat' dir='ltr'><strong>libet</strong></span> <span class='ocrx_word' id='word_1_610' title='bbox 3417 3571 3485 3628; x_wconf 89' lang='lat' dir='ltr'><strong>de</strong></span> 
     </span>
    </p>
   </div>
   <div class='ocr_carea' id='block_1_80' title="bbox 1895 3655 3485 3727">
    <p class='ocr_par' dir='ltr' id='par_1_80' title="bbox 1895 3655 3485 3727">
     <span class='ocr_line' id='line_1_80' title="bbox 1895 3655 3485 3727; baseline 0.007 -18"><span class='ocrx_word' id='word_1_611' title='bbox 1895 3669 1963 3710; x_wconf 92' lang='lat' dir='ltr'><strong>eo</strong></span> <span class='ocrx_word' id='word_1_612' title='bbox 1991 3655 2262 3711; x_wconf 87' lang='lat' dir='ltr'><strong>sciscitari</strong></span> <span class='ocrx_word' id='word_1_613' title='bbox 2290 3671 2303 3707; x_wconf 93' lang='lat'>:</span> <span class='ocrx_word' id='word_1_614' title='bbox 2328 3656 2493 3727; x_wconf 73' lang='lat'><strong>210</strong></span> <span class='ocrx_word' id='word_1_615' title='bbox 2512 3655 2660 3713; x_wconf 80' lang='lat' dir='ltr'><strong>licus</strong></span> <span class='ocrx_word' id='word_1_616' title='bbox 2680 3667 2735 3713; x_wconf 92' lang='lat' dir='ltr'><strong>tu</strong></span> <span class='ocrx_word' id='word_1_617' title='bbox 2756 3660 2770 3713; x_wconf 73' lang='grc' dir='ltr'><strong>ί</strong></span> <span class='ocrx_word' id='word_1_618' title='bbox 2792 3657 2955 3717; x_wconf 91' lang='lat' dir='ltr'><strong>Potes</strong></span> <span class='ocrx_word' id='word_1_619' title='bbox 2972 3661 3155 3717; x_wconf 88' lang='lat' dir='ltr'><strong>dicere</strong></span> <span class='ocrx_word' id='word_1_620' title='bbox 3174 3663 3317 3719; x_wconf 90' lang='lat' dir='ltr'><strong>unde</strong></span> <span class='ocrx_word' id='word_1_621' title='bbox 3333 3664 3485 3721; x_wconf 87' lang='lat' dir='ltr'><strong>illius</strong></span> 
     </span>
    </p>
   </div>
   <div class='ocr_carea' id='block_1_81' title="bbox 1895 3742 3485 3826">
    <p class='ocr_par' dir='ltr' id='par_1_81' title="bbox 1895 3742 3485 3826">
     <span class='ocr_line' id='line_1_81' title="bbox 1895 3742 3485 3826; baseline 0.009 -29"><span class='ocrx_word' id='word_1_622' title='bbox 1895 3742 2145 3800; x_wconf 79' lang='lat' dir='ltr'><strong>defectus</strong></span> <span class='ocrx_word' id='word_1_623' title='bbox 2176 3752 2430 3800; x_wconf 85' lang='lat' dir='ltr'><strong>naturam</strong></span> <span class='ocrx_word' id='word_1_624' title='bbox 2460 3762 2525 3801; x_wconf 88' lang='lat' dir='ltr'><strong>ac</strong></span> <span class='ocrx_word' id='word_1_625' title='bbox 2561 3747 2957 3805; x_wconf 86' lang='lat' dir='ltr'><strong>desciscentem</strong></span> <span class='ocrx_word' id='word_1_626' title='bbox 2991 3752 3245 3810; x_wconf 86' lang='lat' dir='ltr'><strong>virtutem</strong></span> <span class='ocrx_word' id='word_1_627' title='bbox 3280 3770 3485 3826; x_wconf 88' lang='lat' dir='ltr'><strong>cogno-</strong></span> 
     </span>
    </p>
   </div>
   <div class='ocr_carea' id='block_1_82' title="bbox 1895 3835 3482 3915">
    <p class='ocr_par' dir='ltr' id='par_1_82' title="bbox 1895 3835 3482 3915">
     <span class='ocr_line' id='line_1_82' title="bbox 1895 3835 3482 3915; baseline 0.009 -26"><span class='ocrx_word' id='word_1_628' title='bbox 1895 3836 2078 3890; x_wconf 79' lang='lat' dir='ltr'><strong>veris?</strong></span> <span class='ocrx_word' id='word_1_629' title='bbox 2103 3835 2159 3891; x_wconf 91' lang='lat' dir='ltr'><strong>Si</strong></span> <span class='ocrx_word' id='word_1_630' title='bbox 2187 3839 2333 3893; x_wconf 81' lang='lat' dir='ltr'><strong>enim</strong></span> <span class='ocrx_word' id='word_1_631' title='bbox 2367 3853 2397 3892; x_wconf 91' lang='lat' dir='ltr'><strong>a</strong></span> <span class='ocrx_word' id='word_1_632' title='bbox 2429 3841 2805 3910; x_wconf 90' lang='lat' dir='ltr'><strong>superioribus</strong></span> <span class='ocrx_word' id='word_1_633' title='bbox 2830 3844 3129 3914; x_wconf 90' lang='lat' dir='ltr'><strong>pullulasse</strong></span> <span class='ocrx_word' id='word_1_634' title='bbox 3161 3847 3335 3915; x_wconf 86' lang='lat' dir='ltr'><strong>dicas,</strong></span> <span class='ocrx_word' id='word_1_635' title='bbox 3371 3865 3482 3905; x_wconf 91' lang='lat' dir='ltr'><strong>non</strong></span> 
     </span>
    </p>
   </div>
   <div class='ocr_carea' id='block_1_83' title="bbox 1895 3930 3483 4011">
    <p class='ocr_par' dir='ltr' id='par_1_83' title="bbox 1895 3930 3483 4011">
     <span class='ocr_line' id='line_1_83' title="bbox 1895 3930 3483 4011; baseline 0.009 -29"><span class='ocrx_word' id='word_1_636' title='bbox 1895 3937 2157 3998; x_wconf 88' lang='lat' dir='ltr'><strong>creatam,</strong></span> <span class='ocrx_word' id='word_1_637' title='bbox 2186 3930 2283 3987; x_wconf 86' lang='lat' dir='ltr'><strong>sed</strong></span> <span class='ocrx_word' id='word_1_638' title='bbox 2309 3932 2546 4000; x_wconf 82' lang='lat' dir='ltr'><strong>genitam</strong></span> <span class='ocrx_word' id='word_1_639' title='bbox 2583 3951 2599 3988; x_wconf 88' lang='lat'>:</span> <span class='ocrx_word' id='word_1_640' title='bbox 2630 3949 2776 4000; x_wconf 90' lang='lat' dir='ltr'><strong>cum,</strong></span> <span class='ocrx_word' id='word_1_641' title='bbox 2809 3951 2876 3991; x_wconf 83' lang='lat' dir='ltr'><strong>ex</strong></span> <span class='ocrx_word' id='word_1_642' title='bbox 2900 3943 2993 3991; x_wconf 90' lang='lat' dir='ltr'><strong>tua</strong></span> <span class='ocrx_word' id='word_1_643' title='bbox 3020 3952 3085 3993; x_wconf 91' lang='lat' dir='ltr'><strong>ac</strong></span> <span class='ocrx_word' id='word_1_644' title='bbox 3121 3940 3370 4011; x_wconf 83' lang='lat' dir='ltr'><strong>magistri</strong></span> <span class='ocrx_word' id='word_1_645' title='bbox 3401 3941 3483 3997; x_wconf 87' lang='lat' dir='ltr'><strong>tui</strong></span> 
     </span>
    </p>
   </div>
   <div class='ocr_carea' id='block_1_84' title="bbox 1897 4022 3479 4099">
    <p class='ocr_par' dir='ltr' id='par_1_84' title="bbox 1897 4022 3479 4099">
     <span class='ocr_line' id='line_1_84' title="bbox 1897 4022 3479 4099; baseline 0.006 -22"><span class='ocrx_word' id='word_1_646' title='bbox 1897 4022 2168 4077; x_wconf 89' lang='lat' dir='ltr'><strong>sententia</strong></span> <span class='ocrx_word' id='word_1_647' title='bbox 2195 4064 2211 4089; x_wconf 94' lang='lat'><strong>,</strong></span> <span class='ocrx_word' id='word_1_648' title='bbox 2246 4037 2369 4093; x_wconf 65' lang='lat' dir='ltr'><strong>quae</strong></span> <span class='ocrx_word' id='word_1_649' title='bbox 2413 4023 2633 4079; x_wconf 90' lang='lat' dir='ltr'><strong>condita</strong></span> <span class='ocrx_word' id='word_1_650' title='bbox 2676 4034 2827 4092; x_wconf 92' lang='lat' dir='ltr'><strong>sunt,</strong></span> <span class='ocrx_word' id='word_1_651' title='bbox 2868 4044 2977 4083; x_wconf 92' lang='lat' dir='ltr'><strong>non</strong></span> <span class='ocrx_word' id='word_1_652' title='bbox 3010 4037 3194 4084; x_wconf 82' lang='lat' dir='ltr'><strong>creata</strong></span> <span class='ocrx_word' id='word_1_653' title='bbox 3240 4030 3479 4099; x_wconf 75' lang='lat' dir='ltr'><strong>fuerint,</strong></span> 
     </span>
    </p>
   </div>
   <div class='ocr_carea' id='block_1_85' title="bbox 1896 4115 3480 4191">
    <p class='ocr_par' dir='ltr' id='par_1_85' title="bbox 1896 4115 3480 4191">
     <span class='ocr_line' id='line_1_85' title="bbox 1896 4115 3480 4191; baseline 0.007 -20"><span class='ocrx_word' id='word_1_654' title='bbox 1896 4115 1993 4171; x_wconf 89' lang='lat' dir='ltr'><strong>sed</strong></span> <span class='ocrx_word' id='word_1_655' title='bbox 2034 4115 2215 4185; x_wconf 87' lang='lat' dir='ltr'><strong>genita</strong></span> <span class='ocrx_word' id='word_1_656' title='bbox 2263 4134 2276 4169; x_wconf 92' lang='lat'>:</span> <span class='ocrx_word' id='word_1_657' title='bbox 2314 4129 2379 4170; x_wconf 89' lang='lat' dir='ltr'><strong>ac</strong></span> <span class='ocrx_word' id='word_1_658' title='bbox 2430 4117 2638 4186; x_wconf 83' lang='lat' dir='ltr'><strong>quaevis</strong></span> <span class='ocrx_word' id='word_1_659' title='bbox 2684 4124 2879 4174; x_wconf 89' lang='lat' dir='ltr'><strong>natura</strong></span> <span class='ocrx_word' id='word_1_660' title='bbox 2923 4122 3157 4191; x_wconf 88' lang='lat' dir='ltr'><strong>quadam</strong></span> <span class='ocrx_word' id='word_1_661' title='bbox 3205 4125 3273 4180; x_wconf 91' lang='lat' dir='ltr'><strong>ab</strong></span> <span class='ocrx_word' id='word_1_662' title='bbox 3311 4126 3480 4182; x_wconf 88' lang='lat' dir='ltr'><strong>altera</strong></span> 
     </span>
    </p>
   </div>
   <div class='ocr_carea' id='block_1_86' title="bbox 1896 4205 3481 4282">
    <p class='ocr_par' dir='ltr' id='par_1_86' title="bbox 1896 4205 3481 4282">
     <span class='ocr_line' id='line_1_86' title="bbox 1896 4205 3481 4282; baseline 0.009 -23"><span class='ocrx_word' id='word_1_663' title='bbox 1896 4205 2396 4262; x_wconf 89' lang='lat' dir='ltr'><strong>communicatione</strong></span> <span class='ocrx_word' id='word_1_664' title='bbox 2447 4207 2789 4263; x_wconf 81' lang='lat' dir='ltr'><strong>transfusum</strong></span> <span class='ocrx_word' id='word_1_665' title='bbox 2841 4211 2894 4266; x_wconf 92' lang='lat' dir='ltr'><strong>id</strong></span> <span class='ocrx_word' id='word_1_666' title='bbox 2942 4214 3086 4282; x_wconf 88' lang='lat' dir='ltr'><strong>quod</strong></span> <span class='ocrx_word' id='word_1_667' title='bbox 3121 4215 3282 4271; x_wconf 90' lang='lat' dir='ltr'><strong>habet</strong></span> <span class='ocrx_word' id='word_1_668' title='bbox 3320 4231 3481 4274; x_wconf 81' lang='lat' dir='ltr'><strong>acce-</strong></span> 
     </span>
    </p>
   </div>
   <div class='ocr_carea' id='block_1_87' title="bbox 1894 4298 3481 4376">
    <p class='ocr_par' dir='ltr' id='par_1_87' title="bbox 1894 4298 3481 4376">
     <span class='ocr_line' id='line_1_87' title="bbox 1894 4298 3481 4376; baseline 0.009 -26"><span class='ocrx_word' id='word_1_669' title='bbox 1894 4298 2061 4367; x_wconf 88' lang='lat' dir='ltr'><strong>perit,</strong></span> <span class='ocrx_word' id='word_1_670' title='bbox 2105 4305 2267 4367; x_wconf 89' lang='lat' dir='ltr'><strong>atque</strong></span> <span class='ocrx_word' id='word_1_671' title='bbox 2323 4298 2379 4352; x_wconf 89' lang='lat' dir='ltr'><strong>in</strong></span> <span class='ocrx_word' id='word_1_672' title='bbox 2428 4298 2602 4354; x_wconf 89' lang='lat' dir='ltr'><strong>lucem</strong></span> <span class='ocrx_word' id='word_1_673' title='bbox 2639 4300 2938 4370; x_wconf 89' lang='lat' dir='ltr'><strong>prodierit;</strong></span> <span class='ocrx_word' id='word_1_674' title='bbox 2980 4303 3092 4373; x_wconf 84' lang='lat' dir='ltr'><strong>jam</strong></span> <span class='ocrx_word' id='word_1_675' title='bbox 3124 4306 3240 4376; x_wconf 86' lang='lat' dir='ltr'><strong>ipse</strong></span> <span class='ocrx_word' id='word_1_676' title='bbox 3267 4308 3481 4364; x_wconf 78' lang='lat' dir='ltr'><strong>confes-</strong></span> 
     </span>
    </p>
   </div>
   <div class='ocr_carea' id='block_1_88' title="bbox 1898 4388 3482 4469">
    <p class='ocr_par' dir='ltr' id='par_1_88' title="bbox 1898 4388 3482 4469">
     <span class='ocr_line' id='line_1_88' title="bbox 1898 4388 3482 4469; baseline 0.007 -25"><span class='ocrx_word' id='word_1_677' title='bbox 1898 4388 2053 4444; x_wconf 92' lang='lat' dir='ltr'><strong>sione</strong></span> <span class='ocrx_word' id='word_1_678' title='bbox 2092 4396 2188 4443; x_wconf 84' lang='lat' dir='ltr'><strong>tua</strong></span> <span class='ocrx_word' id='word_1_679' title='bbox 2236 4388 2485 4445; x_wconf 89' lang='lat' dir='ltr'><strong>induaris</strong></span> <span class='ocrx_word' id='word_1_680' title='bbox 2515 4398 2753 4460; x_wconf 89' lang='lat' dir='ltr'><strong>oportet.</strong></span> <span class='ocrx_word' id='word_1_681' title='bbox 2796 4391 3006 4449; x_wconf 85' lang='lat' dir='ltr'><strong>Etenim</strong></span> <span class='ocrx_word' id='word_1_682' title='bbox 3037 4397 3083 4451; x_wconf 82' lang='lat' dir='ltr'><strong>si</strong></span> <span class='ocrx_word' id='word_1_683' title='bbox 3116 4413 3145 4450; x_wconf 90' lang='lat' dir='ltr'><strong>a</strong></span> <span class='ocrx_word' id='word_1_684' title='bbox 3181 4401 3482 4469; x_wconf 89' lang='lat' dir='ltr'><strong>superiori-</strong></span> 
     </span>
    </p>
   </div>
   <div class='ocr_carea' id='block_1_89' title="bbox 1896 4478 3481 4552">
    <p class='ocr_par' dir='ltr' id='par_1_89' title="bbox 1896 4478 3481 4552">
     <span class='ocr_line' id='line_1_89' title="bbox 1896 4478 3481 4552; baseline 0.008 -18"><span class='ocrx_word' id='word_1_685' title='bbox 1896 4479 2001 4535; x_wconf 90' lang='lat' dir='ltr'><strong>bus</strong></span> <span class='ocrx_word' id='word_1_686' title='bbox 2029 4478 2300 4549; x_wconf 87' lang='lat' dir='ltr'><strong>posterior</strong></span> <span class='ocrx_word' id='word_1_687' title='bbox 2332 4479 2423 4533; x_wconf 90' lang='lat' dir='ltr'><strong>illa</strong></span> <span class='ocrx_word' id='word_1_688' title='bbox 2452 4479 2626 4536; x_wconf 89' lang='lat' dir='ltr'><strong>virtus</strong></span> <span class='ocrx_word' id='word_1_689' title='bbox 2649 4495 2712 4535; x_wconf 86' lang='lat' dir='ltr'><strong>ac</strong></span> <span class='ocrx_word' id='word_1_690' title='bbox 2741 4480 2994 4539; x_wconf 83' lang='lat' dir='ltr'><strong>delectus</strong></span> <span class='ocrx_word' id='word_1_691' title='bbox 3021 4485 3311 4552; x_wconf 84' lang='lat' dir='ltr'><strong>exstiterit,</strong></span> <span class='ocrx_word' id='word_1_692' title='bbox 3337 4488 3481 4546; x_wconf 86' lang='lat' dir='ltr'><strong>inde-</strong></span> 
     </span>
    </p>
   </div>
   <div class='ocr_carea' id='block_1_90' title="bbox 203 4568 1792 4669">
    <p class='ocr_par' dir='ltr' id='par_1_90' title="bbox 203 4571 1792 4653">
     <span class='ocr_line' id='line_1_90' title="bbox 203 4571 1792 4653; baseline -0.003 -24"><span class='ocrx_word' id='word_1_693' title='bbox 203 4573 287 4637; x_wconf 72' lang='grc' dir='ltr'><strong>δὲ,</strong></span> <span class='ocrx_word' id='word_1_694' title='bbox 319 4573 397 4635; x_wconf 83' lang='grc' dir='ltr'>ὡς</span> <span class='ocrx_word' id='word_1_695' title='bbox 424 4574 621 4637; x_wconf 70' lang='grc' dir='ltr'>εἰπεῖν,</span> <span class='ocrx_word' id='word_1_696' title='bbox 649 4573 765 4653; x_wconf 38' lang='grc' dir='ltr'>καὶ.</span> <span class='ocrx_word' id='word_1_697' title='bbox 786 4571 1118 4645; x_wconf 58' lang='grc' dir='ltr'>ἐϐλάστησεν</span> <span class='ocrx_word' id='word_1_698' title='bbox 1149 4572 1366 4644; x_wconf 85' lang='grc' dir='ltr'>μετέχει</span> <span class='ocrx_word' id='word_1_699' title='bbox 1406 4571 1514 4644; x_wconf 85' lang='grc' dir='ltr'>ἄρα</span> <span class='ocrx_word' id='word_1_700' title='bbox 1542 4572 1652 4627; x_wconf 86' lang='grc' dir='ltr'>τῶν</span> <span class='ocrx_word' id='word_1_701' title='bbox 1679 4573 1792 4627; x_wconf 80' lang='grc' dir='ltr'>ἄνω</span> 
     </span>
    </p>
   </div>
   <div class='ocr_carea' id='block_1_91' title="bbox 1897 4568 3483 4669">
    <p class='ocr_par' dir='ltr' id='par_1_91' title="bbox 1897 4568 3483 4644">
     <span class='ocr_line' id='line_1_91' title="bbox 1897 4568 3483 4644; baseline 0.006 -21"><span class='ocrx_word' id='word_1_702' title='bbox 1897 4582 2022 4639; x_wconf 88' lang='lat' dir='ltr'><strong>que,</strong></span> <span class='ocrx_word' id='word_1_703' title='bbox 2057 4576 2115 4622; x_wconf 88' lang='lat' dir='ltr'><strong>ut</strong></span> <span class='ocrx_word' id='word_1_704' title='bbox 2146 4568 2219 4623; x_wconf 90' lang='lat' dir='ltr'><strong>ita</strong></span> <span class='ocrx_word' id='word_1_705' title='bbox 2260 4568 2476 4638; x_wconf 85' lang='lat' dir='ltr'><strong>loquar,</strong></span> <span class='ocrx_word' id='word_1_706' title='bbox 2507 4570 2813 4639; x_wconf 84' lang='lat' dir='ltr'><strong>pullularit,</strong></span> <span class='ocrx_word' id='word_1_707' title='bbox 2868 4574 2971 4627; x_wconf 89' lang='lat' dir='ltr'><strong>erit</strong></span> <span class='ocrx_word' id='word_1_708' title='bbox 2990 4575 3149 4644; x_wconf 87' lang='lat' dir='ltr'><strong>plane</strong></span> <span class='ocrx_word' id='word_1_709' title='bbox 3178 4578 3483 4633; x_wconf 72' lang='lat' dir='ltr'><strong>cmlestium</strong></span> 
     </span>
    </p>
   </div>
   <div class='ocr_carea' id='block_1_92' title="bbox 203 4661 1792 4736">
    <p class='ocr_par' dir='ltr' id='par_1_92' title="bbox 203 4663 1792 4736">
     <span class='ocr_line' id='line_1_92' title="bbox 203 4663 1792 4736; baseline 0.001 -19"><span class='ocrx_word' id='word_1_710' title='bbox 203 4664 597 4736; x_wconf 75' lang='grc' dir='ltr'>χαρισμάτων·</span> <span class='ocrx_word' id='word_1_711' title='bbox 644 4663 828 4736; x_wconf 73' lang='grc' dir='ltr'>ἐπειδὴ</span> <span class='ocrx_word' id='word_1_712' title='bbox 870 4666 1213 4718; x_wconf 78' lang='grc' dir='ltr'>ἐπικοινωνεῖ</span> <span class='ocrx_word' id='word_1_713' title='bbox 1254 4664 1331 4736; x_wconf 82' lang='grc' dir='ltr'><strong>τῷ</strong></span> <span class='ocrx_word' id='word_1_714' title='bbox 1378 4664 1715 4736; x_wconf 82' lang='grc' dir='ltr'>Πληρώματι</span> <span class='ocrx_word' id='word_1_715' title='bbox 1758 4665 1792 4736; x_wconf 77' lang='grc' dir='ltr'>ἡ</span> 
     </span>
    </p>
   </div>
   <div class='ocr_carea' id='block_1_93' title="bbox 1897 4661 3486 4736">
    <p class='ocr_par' dir='ltr' id='par_1_93' title="bbox 1900 4661 3486 4736">
     <span class='ocr_line' id='line_1_93' title="bbox 1900 4661 3486 4736; baseline 0.008 -22"><span class='ocrx_word' id='word_1_716' title='bbox 1900 4667 2351 4715; x_wconf 88' lang='lat' dir='ltr'><strong>ornamentorum</strong></span> <span class='ocrx_word' id='word_1_717' title='bbox 2384 4661 2690 4732; x_wconf 82' lang='lat' dir='ltr'><strong>particeps,</strong></span> <span class='ocrx_word' id='word_1_718' title='bbox 2723 4665 3165 4736; x_wconf 86' lang='lat' dir='ltr'><strong>quandoquidem</strong></span> <span class='ocrx_word' id='word_1_719' title='bbox 3198 4686 3486 4728; x_wconf 90' lang='lat' dir='ltr'><strong>commune</strong></span> 
     </span>
    </p>
   </div>
   <div class='ocr_carea' id='block_1_94' title="bbox 205 4751 1795 4827">
    <p class='ocr_par' dir='ltr' id='par_1_94' title="bbox 205 4751 1795 4827">
     <span class='ocr_line' id='line_1_94' title="bbox 205 4751 1795 4827; baseline 0.002 -22"><span class='ocrx_word' id='word_1_720' title='bbox 205 4751 437 4823; x_wconf 81' lang='grc' dir='ltr'>ὑστέρα,</span> <span class='ocrx_word' id='word_1_721' title='bbox 465 4752 557 4805; x_wconf 83' lang='grc' dir='ltr'>καὶ</span> <span class='ocrx_word' id='word_1_722' title='bbox 584 4751 644 4806; x_wconf 87' lang='grc' dir='ltr'><strong>τδ</strong></span> <span class='ocrx_word' id='word_1_723' title='bbox 670 4752 953 4826; x_wconf 85' lang='grc' dir='ltr'>Πλήρωμα</span> <span class='ocrx_word' id='word_1_724' title='bbox 976 4755 1043 4825; x_wconf 79' lang='grc' dir='ltr'>τῇ</span> <span class='ocrx_word' id='word_1_725' title='bbox 1070 4752 1300 4825; x_wconf 67' lang='grc' dir='ltr'>ὑστέρᾳ·</span> <span class='ocrx_word' id='word_1_726' title='bbox 1332 4755 1426 4809; x_wconf 79' lang='grc' dir='ltr'>καὶ</span> <span class='ocrx_word' id='word_1_727' title='bbox 1444 4754 1599 4808; x_wconf 79' lang='grc' dir='ltr'>οὐδὲν</span> <span class='ocrx_word' id='word_1_728' title='bbox 1621 4772 1795 4827; x_wconf 88' lang='grc' dir='ltr'>προσ-</span> 
     </span>
    </p>
   </div>
   <div class='ocr_carea' id='block_1_95' title="bbox 204 4843 1793 4919">
    <p class='ocr_par' dir='ltr' id='par_1_95' title="bbox 204 4843 1793 4919">
     <span class='ocr_line' id='line_1_95' title="bbox 204 4843 1793 4919; baseline 0.001 -22"><span class='ocrx_word' id='word_1_729' title='bbox 204 4843 566 4913; x_wconf 78' lang='grc' dir='ltr'>ενεχθήσεται</span> <span class='ocrx_word' id='word_1_730' title='bbox 595 4844 751 4898; x_wconf 79' lang='grc' dir='ltr'>τοῦτο</span> <span class='ocrx_word' id='word_1_731' title='bbox 783 4844 922 4916; x_wconf 85' lang='grc' dir='ltr'>πρὸς</span> <span class='ocrx_word' id='word_1_732' title='bbox 950 4846 1145 4911; x_wconf 78' lang='grc' dir='ltr'>ἑκεῖνο,</span> <span class='ocrx_word' id='word_1_733' title='bbox 1173 4844 1296 4899; x_wconf 72' lang='grc' dir='ltr'>οὔτε</span> <span class='ocrx_word' id='word_1_734' title='bbox 1317 4848 1491 4901; x_wconf 79' lang='grc' dir='ltr'>ἑκεὶνο</span> <span class='ocrx_word' id='word_1_735' title='bbox 1520 4845 1656 4919; x_wconf 84' lang='grc' dir='ltr'>πρὸς</span> <span class='ocrx_word' id='word_1_736' title='bbox 1674 4844 1793 4899; x_wconf 80' lang='grc' dir='ltr'><strong>τοῦ-</strong></span> 
     </span>
    </p>
   </div>
   <div class='ocr_carea' id='block_1_96' title="bbox 204 4935 1797 5009">
    <p class='ocr_par' dir='ltr' id='par_1_96' title="bbox 204 4935 1797 5009">
     <span class='ocr_line' id='line_1_96' title="bbox 204 4935 1797 5009; baseline 0.002 -20"><span class='ocrx_word' id='word_1_737' title='bbox 204 4952 292 5001; x_wconf 85' lang='grc' dir='ltr'><strong>το,</strong></span> <span class='ocrx_word' id='word_1_738' title='bbox 322 4936 600 5007; x_wconf 78' lang='grc' dir='ltr'>ἑκατέρων</span> <span class='ocrx_word' id='word_1_739' title='bbox 631 4935 771 4989; x_wconf 86' lang='grc' dir='ltr'>κατὰ</span> <span class='ocrx_word' id='word_1_740' title='bbox 817 4936 887 4990; x_wconf 84' lang='grc' dir='ltr'>τὰ</span> <span class='ocrx_word' id='word_1_741' title='bbox 926 4936 1173 5009; x_wconf 86' lang='grc' dir='ltr'>τέρματα</span> <span class='ocrx_word' id='word_1_742' title='bbox 1213 4937 1465 5009; x_wconf 82' lang='grc' dir='ltr'>ἀλλήλοις</span> <span class='ocrx_word' id='word_1_743' title='bbox 1510 4939 1797 4992; x_wconf 74' lang='grc' dir='ltr'>ἐπικοινω-</span> 
     </span>
    </p>
   </div>
   <div class='ocr_carea' id='block_1_97' title="bbox 204 5024 1793 5102">
    <p class='ocr_par' dir='ltr' id='par_1_97' title="bbox 204 5024 1793 5102">
     <span class='ocr_line' id='line_1_97' title="bbox 204 5024 1793 5102; baseline 0.003 -24"><span class='ocrx_word' id='word_1_744' title='bbox 204 5024 469 5080; x_wconf 82' lang='grc' dir='ltr'>νοὺντων.</span> <span class='ocrx_word' id='word_1_745' title='bbox 497 5027 608 5081; x_wconf 69' lang='grc' dir='ltr'><strong>Καὶ</strong></span> <span class='ocrx_word' id='word_1_746' title='bbox 658 5028 723 5080; x_wconf 84' lang='grc' dir='ltr'><strong>ἑκ</strong></span> <span class='ocrx_word' id='word_1_747' title='bbox 773 5028 975 5092; x_wconf 85' lang='grc' dir='ltr'>παντὸς</span> <span class='ocrx_word' id='word_1_748' title='bbox 1004 5028 1165 5098; x_wconf 89' lang='grc' dir='ltr'>λόγου</span> <span class='ocrx_word' id='word_1_749' title='bbox 1193 5029 1551 5102; x_wconf 83' lang='grc' dir='ltr'>διελεγχθήσῃ</span> <span class='ocrx_word' id='word_1_750' title='bbox 1577 5028 1640 5097; x_wconf 82' lang='grc' dir='ltr'>ἑξ</span> <span class='ocrx_word' id='word_1_751' title='bbox 1670 5032 1793 5084; x_wconf 87' lang='grc' dir='ltr'>ἑπι-</span> 
     </span>
    </p>
   </div>
   <div class='ocr_carea' id='block_1_98' title="bbox 206 5118 1793 5196">
    <p class='ocr_par' dir='ltr' id='par_1_98' title="bbox 206 5118 1793 5196">
     <span class='ocr_line' id='line_1_98' title="bbox 206 5118 1793 5196; baseline 0.003 -25"><span class='ocrx_word' id='word_1_752' title='bbox 206 5120 426 5189; x_wconf 80' lang='grc' dir='ltr'>σπορᾶς</span> <span class='ocrx_word' id='word_1_753' title='bbox 453 5119 704 5189; x_wconf 87' lang='grc' dir='ltr'>δαίμονος</span> <span class='ocrx_word' id='word_1_754' title='bbox 726 5118 863 5189; x_wconf 76' lang='grc' dir='ltr'>ἔχων</span> <span class='ocrx_word' id='word_1_755' title='bbox 882 5122 981 5193; x_wconf 77' lang='grc' dir='ltr'><strong>τὴν</strong></span> <span class='ocrx_word' id='word_1_756' title='bbox 1009 5122 1107 5192; x_wconf 82' lang='grc' dir='ltr'>τῆς</span> <span class='ocrx_word' id='word_1_757' title='bbox 1136 5120 1343 5193; x_wconf 83' lang='grc' dir='ltr'>πλάνης</span> <span class='ocrx_word' id='word_1_758' title='bbox 1374 5138 1465 5175; x_wconf 89' lang='grc' dir='ltr'><strong>σου</strong></span> <span class='ocrx_word' id='word_1_759' title='bbox 1500 5122 1793 5196; x_wconf 89' lang='grc' dir='ltr'>κόσμησιν,</span> 
     </span>
    </p>
   </div>
   <div class='ocr_carea' id='block_1_99' title="bbox 203 5207 1103 5264">
    <p class='ocr_par' dir='ltr' id='par_1_99' title="bbox 203 5207 1103 5264">
     <span class='ocr_line' id='line_1_99' title="bbox 203 5207 1103 5264; baseline 0.003 -4"><span class='ocrx_word' id='word_1_760' title='bbox 203 5208 438 5260; x_wconf 84' lang='grc' dir='ltr'>πάντων</span> <span class='ocrx_word' id='word_1_761' title='bbox 468 5207 717 5263; x_wconf 82' lang='grc' dir='ltr'>ἐλεεινῶν</span> <span class='ocrx_word' id='word_1_762' title='bbox 745 5208 1103 5264; x_wconf 74' lang='grc' dir='ltr'>ἑλεεινάτατεί</span> 
     </span>
    </p>
   </div>
   <div class='ocr_carea' id='block_1_100' title="bbox 282 5384 1795 5457">
    <p class='ocr_par' dir='ltr' id='par_1_100' title="bbox 282 5384 1795 5457">
     <span class='ocr_line' id='line_1_100' title="bbox 282 5384 1795 5457; baseline 0 -19"><span class='ocrx_word' id='word_1_763' title='bbox 282 5385 362 5438; x_wconf 76' lang='grc' dir='ltr'>Ρ.</span> <span class='ocrx_word' id='word_1_764' title='bbox 400 5385 520 5439; x_wconf 82' lang='grc' dir='ltr'>Ἵνα</span> <span class='ocrx_word' id='word_1_765' title='bbox 551 5384 609 5438; x_wconf 84' lang='grc' dir='ltr'><strong>δὲ</strong></span> <span class='ocrx_word' id='word_1_766' title='bbox 646 5385 720 5455; x_wconf 77' lang='grc' dir='ltr'>μὴ</span> <span class='ocrx_word' id='word_1_767' title='bbox 753 5385 1176 5457; x_wconf 73' lang='grc' dir='ltr'>παραλείψωμαί</span> <span class='ocrx_word' id='word_1_768' title='bbox 1199 5402 1251 5439; x_wconf 85' lang='grc' dir='ltr'>τι</span> <span class='ocrx_word' id='word_1_769' title='bbox 1274 5385 1382 5440; x_wconf 83' lang='grc' dir='ltr'><strong>τῶν</strong></span> <span class='ocrx_word' id='word_1_770' title='bbox 1408 5386 1559 5457; x_wconf 82' lang='grc' dir='ltr'>παρά</span> <span class='ocrx_word' id='word_1_771' title='bbox 1582 5401 1689 5439; x_wconf 92' lang='grc' dir='ltr'>τισι</span> <span class='ocrx_word' id='word_1_772' title='bbox 1709 5402 1795 5455; x_wconf 81' lang='grc' dir='ltr'>γι·</span> 
     </span>
    </p>
   </div>
   <div class='ocr_carea' id='block_1_101' title="bbox 204 5476 1795 5550">
    <p class='ocr_par' dir='ltr' id='par_1_101' title="bbox 204 5476 1795 5550">
     <span class='ocr_line' id='line_1_101' title="bbox 204 5476 1795 5550; baseline -0.001 -17"><span class='ocrx_word' id='word_1_773' title='bbox 204 5476 457 5549; x_wconf 80' lang='grc' dir='ltr'>νομένων</span> <span class='ocrx_word' id='word_1_774' title='bbox 480 5493 540 5530; x_wconf 87' lang='grc' dir='ltr'><strong>τε</strong></span> <span class='ocrx_word' id='word_1_775' title='bbox 573 5477 667 5529; x_wconf 81' lang='grc' dir='ltr'><strong>καί</strong></span> <span class='ocrx_word' id='word_1_776' title='bbox 694 5477 1024 5548; x_wconf 82' lang='grc' dir='ltr'>λεγομένων,</span> <span class='ocrx_word' id='word_1_777' title='bbox 1058 5476 1159 5531; x_wconf 79' lang='grc' dir='ltr'><strong>κάν</strong></span> <span class='ocrx_word' id='word_1_778' title='bbox 1188 5493 1248 5530; x_wconf 89' lang='grc' dir='ltr'>τε</span> <span class='ocrx_word' id='word_1_779' title='bbox 1285 5479 1343 5531; x_wconf 87' lang='grc' dir='ltr'><strong>ἑν</strong></span> <span class='ocrx_word' id='word_1_780' title='bbox 1374 5477 1579 5550; x_wconf 80' lang='grc' dir='ltr'>ἑκάστῃ</span> <span class='ocrx_word' id='word_1_781' title='bbox 1610 5477 1795 5532; x_wconf 72' lang='grc' dir='ltr'>πολλοὶ</span> 
     </span>
    </p>
   </div>
   <div class='ocr_carea' id='block_1_102' title="bbox 282 5630 1360 5705">
    <p class='ocr_par' dir='ltr' id='par_1_102' title="bbox 282 5630 1360 5705">
     <span class='ocr_line' id='line_1_102' title="bbox 282 5630 1360 5705; baseline 0.001 -19"><span class='ocrx_word' id='word_1_782' title='bbox 282 5633 301 5663; x_wconf 80' lang='grc'>⁸</span> <span class='ocrx_word' id='word_1_783' title='bbox 332 5630 460 5687; x_wconf 86' lang='lat' dir='ltr'><strong>For.</strong></span> <span class='ocrx_word' id='word_1_784' title='bbox 489 5630 671 5696; x_wconf 83' lang='grc' dir='ltr'>τοῦτο,</span> <span class='ocrx_word' id='word_1_785' title='bbox 707 5638 761 5686; x_wconf 89' lang='lat' dir='ltr'><strong>et</strong></span> <span class='ocrx_word' id='word_1_786' title='bbox 797 5650 810 5686; x_wconf 90' lang='lat'>:</span> <span class='ocrx_word' id='word_1_787' title='bbox 838 5630 932 5686; x_wconf 81' lang='grc' dir='ltr'><strong>τοῦ</strong></span> <span class='ocrx_word' id='word_1_788' title='bbox 952 5632 1016 5687; x_wconf 84' lang='grc' dir='ltr'><strong>ἑκ</strong></span> <span class='ocrx_word' id='word_1_789' title='bbox 1038 5630 1146 5686; x_wconf 86' lang='grc' dir='ltr'>τῶν</span> <span class='ocrx_word' id='word_1_790' title='bbox 1177 5649 1360 5705; x_wconf 87' lang='grc' dir='ltr'>τριακ.</span> 
     </span>
    </p>
   </div>
   <div class='ocr_carea' id='block_1_103' title="bbox 1901 4742 3484 4829">
    <p class='ocr_par' dir='ltr' id='par_1_103' title="bbox 1901 4742 3484 4829">
     <span class='ocr_line' id='line_1_103' title="bbox 1901 4742 3484 4829; baseline 0.008 -23"><span class='ocrx_word' id='word_1_791' title='bbox 1901 4751 2109 4822; x_wconf 89' lang='lat' dir='ltr'><strong>aliquid</strong></span> <span class='ocrx_word' id='word_1_792' title='bbox 2146 4768 2273 4808; x_wconf 89' lang='lat' dir='ltr'><strong>cum</strong></span> <span class='ocrx_word' id='word_1_793' title='bbox 2320 4753 2627 4811; x_wconf 86' lang='lat' dir='ltr'><strong>Plcromate</strong></span> <span class='ocrx_word' id='word_1_794' title='bbox 2652 4756 2814 4812; x_wconf 88' lang='lat' dir='ltr'><strong>habet</strong></span> <span class='ocrx_word' id='word_1_795' title='bbox 2844 4742 2933 4812; x_wconf 83' lang='lat' dir='ltr'><strong>illa</strong></span> <span class='ocrx_word' id='word_1_796' title='bbox 2962 4761 3253 4829; x_wconf 88' lang='lat' dir='ltr'><strong>posterior,</strong></span> <span class='ocrx_word' id='word_1_797' title='bbox 3284 4774 3337 4817; x_wconf 89' lang='lat' dir='ltr'><strong>et</strong></span> <span class='ocrx_word' id='word_1_798' title='bbox 3358 4780 3484 4818; x_wconf 92' lang='lat' dir='ltr'><strong>cum</strong></span> 
     </span>
    </p>
   </div>
   <div class='ocr_carea' id='block_1_104' title="bbox 1903 4844 3486 4920">
    <p class='ocr_par' dir='ltr' id='par_1_104' title="bbox 1903 4844 3486 4920">
     <span class='ocr_line' id='line_1_104' title="bbox 1903 4844 3486 4920; baseline 0.008 -21"><span class='ocrx_word' id='word_1_799' title='bbox 1903 4845 2210 4915; x_wconf 88' lang='lat' dir='ltr'><strong>posteriore</strong></span> <span class='ocrx_word' id='word_1_800' title='bbox 2253 4844 2550 4915; x_wconf 90' lang='lat' dir='ltr'><strong>Pleroma;</strong></span> <span class='ocrx_word' id='word_1_801' title='bbox 2588 4865 2762 4920; x_wconf 90' lang='lat' dir='ltr'><strong>neque</strong></span> <span class='ocrx_word' id='word_1_802' title='bbox 2807 4852 2955 4906; x_wconf 89' lang='lat' dir='ltr'><strong>aliud</strong></span> <span class='ocrx_word' id='word_1_803' title='bbox 2999 4852 3067 4907; x_wconf 91' lang='lat' dir='ltr'><strong>ab</strong></span> <span class='ocrx_word' id='word_1_804' title='bbox 3097 4856 3271 4910; x_wconf 89' lang='lat' dir='ltr'><strong>altero</strong></span> <span class='ocrx_word' id='word_1_805' title='bbox 3315 4856 3486 4911; x_wconf 77' lang='lat' dir='ltr'><strong>dissi-</strong></span> 
     </span>
    </p>
   </div>
   <div class='ocr_carea' id='block_1_105' title="bbox 1904 4935 3487 5009">
    <p class='ocr_par' dir='ltr' id='par_1_105' title="bbox 1904 4935 3487 5009">
     <span class='ocr_line' id='line_1_105' title="bbox 1904 4935 3487 5009; baseline 0.008 -19"><span class='ocrx_word' id='word_1_806' title='bbox 1904 4935 2076 5001; x_wconf 89' lang='lat' dir='ltr'><strong>debit,</strong></span> <span class='ocrx_word' id='word_1_807' title='bbox 2108 4952 2231 4992; x_wconf 89' lang='lat' dir='ltr'><strong>cum</strong></span> <span class='ocrx_word' id='word_1_808' title='bbox 2264 4947 2495 5009; x_wconf 88' lang='lat' dir='ltr'><strong>utraque</strong></span> <span class='ocrx_word' id='word_1_809' title='bbox 2526 4944 2912 4998; x_wconf 75' lang='lat' dir='ltr'><strong>communibus</strong></span> <span class='ocrx_word' id='word_1_810' title='bbox 2952 4945 3186 4999; x_wconf 90' lang='lat' dir='ltr'><strong>invicem</strong></span> <span class='ocrx_word' id='word_1_811' title='bbox 3234 4947 3487 5002; x_wconf 90' lang='lat' dir='ltr'><strong>terminis</strong></span> 
     </span>
    </p>
   </div>
   <div class='ocr_carea' id='block_1_106' title="bbox 1904 5026 3479 5096">
    <p class='ocr_par' dir='ltr' id='par_1_106' title="bbox 1904 5026 3479 5096">
     <span class='ocr_line' id='line_1_106' title="bbox 1904 5026 3479 5096; baseline 0.007 -17"><span class='ocrx_word' id='word_1_812' title='bbox 1904 5026 2252 5096; x_wconf 87' lang='lat' dir='ltr'><strong>copulentur.</strong></span> <span class='ocrx_word' id='word_1_813' title='bbox 2306 5027 2670 5094; x_wconf 86' lang='lat' dir='ltr'><strong>Quamobrem</strong></span> <span class='ocrx_word' id='word_1_814' title='bbox 2736 5032 3016 5087; x_wconf 88' lang='lat' dir='ltr'><strong>hominum</strong></span> <span class='ocrx_word' id='word_1_815' title='bbox 3071 5034 3479 5092; x_wconf 83' lang='lat' dir='ltr'><strong>infelicissimei</strong></span> 
     </span>
    </p>
   </div>
   <div class='ocr_carea' id='block_1_107' title="bbox 1906 5116 3486 5187">
    <p class='ocr_par' dir='ltr' id='par_1_107' title="bbox 1906 5116 3486 5187">
     <span class='ocr_line' id='line_1_107' title="bbox 1906 5116 3486 5187; baseline 0.007 -19"><span class='ocrx_word' id='word_1_816' title='bbox 1906 5130 2015 5170; x_wconf 85' lang='lat' dir='ltr'><strong>non</strong></span> <span class='ocrx_word' id='word_1_817' title='bbox 2043 5116 2264 5170; x_wconf 87' lang='lat' dir='ltr'><strong>aliunde</strong></span> <span class='ocrx_word' id='word_1_818' title='bbox 2300 5133 2464 5187; x_wconf 87' lang='lat' dir='ltr'><strong>quam</strong></span> <span class='ocrx_word' id='word_1_819' title='bbox 2495 5134 2561 5173; x_wconf 78' lang='lat' dir='ltr'><strong>ex</strong></span> <span class='ocrx_word' id='word_1_820' title='bbox 2592 5119 2855 5176; x_wconf 58' lang='lat' dir='ltr'><strong>daemonis</strong></span> <span class='ocrx_word' id='word_1_821' title='bbox 2884 5123 3151 5179; x_wconf 86' lang='lat' dir='ltr'><strong>instinctu</strong></span> <span class='ocrx_word' id='word_1_822' title='bbox 3196 5133 3367 5181; x_wconf 90' lang='lat' dir='ltr'><strong>totam</strong></span> <span class='ocrx_word' id='word_1_823' title='bbox 3416 5127 3486 5181; x_wconf 87' lang='lat' dir='ltr'><strong>il-</strong></span> 
     </span>
    </p>
   </div>
   <div class='ocr_carea' id='block_1_108' title="bbox 1905 5206 3488 5287">
    <p class='ocr_par' dir='ltr' id='par_1_108' title="bbox 1905 5206 3488 5287">
     <span class='ocr_line' id='line_1_108' title="bbox 1905 5206 3488 5287; baseline 0.009 -27"><span class='ocrx_word' id='word_1_824' title='bbox 1905 5206 2013 5260; x_wconf 90' lang='lat' dir='ltr'><strong>lam</strong></span> <span class='ocrx_word' id='word_1_825' title='bbox 2061 5221 2312 5262; x_wconf 91' lang='lat' dir='ltr'><strong>errorum</strong></span> <span class='ocrx_word' id='word_1_826' title='bbox 2372 5208 2626 5266; x_wconf 88' lang='lat' dir='ltr'><strong>hausisse</strong></span> <span class='ocrx_word' id='word_1_827' title='bbox 2673 5219 3008 5270; x_wconf 88' lang='lat' dir='ltr'><strong>structuram</strong></span> <span class='ocrx_word' id='word_1_828' title='bbox 3038 5217 3189 5269; x_wconf 91' lang='lat' dir='ltr'><strong>omni</strong></span> <span class='ocrx_word' id='word_1_829' title='bbox 3219 5231 3285 5272; x_wconf 78' lang='lat' dir='ltr'><strong>ex</strong></span> <span class='ocrx_word' id='word_1_830' title='bbox 3330 5227 3488 5287; x_wconf 78' lang='lat' dir='ltr'><strong>parte</strong></span> 
     </span>
    </p>
   </div>
   <div class='ocr_carea' id='block_1_109' title="bbox 1902 5309 2270 5353">
    <p class='ocr_par' dir='ltr' id='par_1_109' title="bbox 1902 5309 2270 5353">
     <span class='ocr_line' id='line_1_109' title="bbox 1902 5309 2270 5353; baseline 0.005 -4"><span class='ocrx_word' id='word_1_831' title='bbox 1902 5309 2270 5353; x_wconf 85' lang='lat' dir='ltr'><strong>convmcens.</strong></span> 
     </span>
    </p>
   </div>
   <div class='ocr_carea' id='block_1_110' title="bbox 1972 5387 3482 5470">
    <p class='ocr_par' dir='ltr' id='par_1_110' title="bbox 1972 5387 3482 5470">
     <span class='ocr_line' id='line_1_110' title="bbox 1972 5387 3482 5470; baseline 0.011 -28"><span class='ocrx_word' id='word_1_832' title='bbox 1972 5387 2066 5445; x_wconf 84' lang='lat' dir='ltr'><strong>lli.</strong></span> <span class='ocrx_word' id='word_1_833' title='bbox 2123 5388 2228 5445; x_wconf 90' lang='lat' dir='ltr'><strong>Sed</strong></span> <span class='ocrx_word' id='word_1_834' title='bbox 2264 5407 2333 5447; x_wconf 89' lang='lat' dir='ltr'><strong>ne</strong></span> <span class='ocrx_word' id='word_1_835' title='bbox 2366 5393 2495 5464; x_wconf 88' lang='lat' dir='ltr'><strong>quid</strong></span> <span class='ocrx_word' id='word_1_836' title='bbox 2542 5410 2572 5450; x_wconf 91' lang='lat' dir='ltr'><strong>a</strong></span> <span class='ocrx_word' id='word_1_837' title='bbox 2612 5396 2771 5453; x_wconf 88' lang='lat' dir='ltr'><strong>nobis</strong></span> <span class='ocrx_word' id='word_1_838' title='bbox 2823 5399 3295 5469; x_wconf 70' lang='lat' dir='ltr'><strong>przetermittatur,</strong></span> <span class='ocrx_word' id='word_1_839' title='bbox 3337 5404 3482 5470; x_wconf 80' lang='lat' dir='ltr'><strong>quod</strong></span> 
     </span>
    </p>
   </div>
   <div class='ocr_carea' id='block_1_111' title="bbox 1906 5484 3487 5565">
    <p class='ocr_par' dir='ltr' id='par_1_111' title="bbox 1906 5484 3487 5565">
     <span class='ocr_line' id='line_1_111' title="bbox 1906 5484 3487 5565; baseline 0.011 -31"><span class='ocrx_word' id='word_1_840' title='bbox 1906 5494 1936 5534; x_wconf 86' lang='lat' dir='ltr'><strong>a</strong></span> <span class='ocrx_word' id='word_1_841' title='bbox 1975 5496 2252 5553; x_wconf 89' lang='lat' dir='ltr'><strong>quoquam</strong></span> <span class='ocrx_word' id='word_1_842' title='bbox 2286 5484 2504 5542; x_wconf 82' lang='lat' dir='ltr'><strong>dicatur</strong></span> <span class='ocrx_word' id='word_1_843' title='bbox 2534 5497 2628 5543; x_wconf 88' lang='lat' dir='ltr'><strong>aut</strong></span> <span class='ocrx_word' id='word_1_844' title='bbox 2660 5488 2771 5558; x_wconf 81' lang='lat' dir='ltr'><strong>(lat,</strong></span> <span class='ocrx_word' id='word_1_845' title='bbox 2798 5507 2923 5547; x_wconf 93' lang='lat' dir='ltr'><strong>cum</strong></span> <span class='ocrx_word' id='word_1_846' title='bbox 2954 5493 3256 5564; x_wconf 64' lang='lat' dir='ltr'><strong>prmsertim</strong></span> <span class='ocrx_word' id='word_1_847' title='bbox 3302 5496 3487 5565; x_wconf 80' lang='lat' dir='ltr'><strong>plures</strong></span> 
     </span>
    </p>
   </div>
   <div class='ocr_carea' id='block_1_112' title="bbox 285 5786 3477 5873">
    <p class='ocr_par' dir='ltr' id='par_1_112' title="bbox 285 5786 3477 5873">
     <span class='ocr_line' id='line_1_112' title="bbox 285 5786 3477 5873; baseline 0.004 -32"><span class='ocrx_word' id='word_1_848' title='bbox 285 5787 396 5860; x_wconf 79' lang='grc'>(35)</span> <span class='ocrx_word' id='word_1_849' title='bbox 432 5789 657 5873; x_wconf 51' lang='grc' dir='ltr'>φάσκει</span> <span class='ocrx_word' id='word_1_850' title='bbox 684 5786 751 5840; x_wconf 81' lang='grc' dir='ltr'><strong>δὲ</strong></span> <span class='ocrx_word' id='word_1_851' title='bbox 768 5786 919 5873; x_wconf 50' lang='grc' dir='ltr'>θεῖά</span> <span class='ocrx_word' id='word_1_852' title='bbox 940 5786 1007 5841; x_wconf 83' lang='grc' dir='ltr'><strong>τὸ</strong></span> <span class='ocrx_word' id='word_1_853' title='bbox 1029 5787 1355 5873; x_wconf 59' lang='grc' dir='ltr'>ὑστέρημα.</span> <span class='ocrx_word' id='word_1_854' title='bbox 1418 5786 1824 5873; x_wconf 29' lang='grc' dir='ltr'>μρελοηπιίῃο,</span> <span class='ocrx_word' id='word_1_855' title='bbox 1868 5793 2062 5866; x_wconf 73' lang='grc' dir='ltr'>φάσκει</span> <span class='ocrx_word' id='word_1_856' title='bbox 2103 5796 2159 5850; x_wconf 77' lang='grc' dir='ltr'><strong>δὲ</strong></span> <span class='ocrx_word' id='word_1_857' title='bbox 2233 5794 2302 5869; x_wconf 33' lang='grc' dir='ltr'><strong>τὸ.</strong></span> <span class='ocrx_word' id='word_1_858' title='bbox 2336 5796 2619 5868; x_wconf 74' lang='grc' dir='ltr'>ὑστέρημα</span> <span class='ocrx_word' id='word_1_859' title='bbox 2673 5799 2812 5868; x_wconf 72' lang='grc' dir='ltr'>μετὰ</span> <span class='ocrx_word' id='word_1_860' title='bbox 2862 5801 2987 5864; x_wconf 76' lang='grc' dir='ltr'>τοὺς</span> <span class='ocrx_word' id='word_1_861' title='bbox 3032 5802 3214 5873; x_wconf 83' lang='grc' dir='ltr'>τριάκ.</span> <span class='ocrx_word' id='word_1_862' title='bbox 3255 5798 3477 5863; x_wconf 79' lang='grc' dir='ltr'>αἰῶνας.</span> 
     </span>
    </p>
   </div>
   <div class='ocr_carea' id='block_1_113' title="bbox 205 5856 1790 5940">
    <p class='ocr_par' dir='ltr' id='par_1_113' title="bbox 205 5856 1790 5940">
     <span class='ocr_line' id='line_1_113' title="bbox 205 5856 1790 5940; baseline 0.001 -25"><span class='ocrx_word' id='word_1_863' title='bbox 205 5856 545 5916; x_wconf 66' lang='grc' dir='ltr'>Ιιειιιεέηὶιη</span> <span class='ocrx_word' id='word_1_864' title='bbox 575 5856 810 5914; x_wconf 84' lang='lat' dir='ltr'><strong>Secundi</strong></span> <span class='ocrx_word' id='word_1_865' title='bbox 844 5858 1014 5915; x_wconf 82' lang='lat' dir='ltr'><strong>fuisse</strong></span> <span class='ocrx_word' id='word_1_866' title='bbox 1050 5860 1375 5914; x_wconf 86' lang='lat' dir='ltr'><strong>sententiam</strong></span> <span class='ocrx_word' id='word_1_867' title='bbox 1404 5856 1590 5940; x_wconf 72' lang='lat' dir='ltr'><strong>docuit</strong></span> <span class='ocrx_word' id='word_1_868' title='bbox 1637 5878 1691 5916; x_wconf 83' lang='grc' dir='ltr'><strong>ιι.</strong></span> <span class='ocrx_word' id='word_1_869' title='bbox 1738 5863 1790 5916; x_wconf 79' lang='grc'>1.</span> 
     </span>
    </p>
   </div>
  </div>
