3982 6440
560 360 585 375 δ.

520 390 620 443 ὅϊῖ

1920 383 1976 439 S.
2020 383 2363 440 Ei‘lPHANll

3692 381 3807 435 548

520 503 634 559 sint
665 503 717 557 in
750 502 941 559 eadem
975 512 1121 560 secta
1162 503 1464 573 principes,
1490 503 1583 574 qui
1609 503 1845 560 diversis
1876 505 2103 559 concin-

2219 500 2319 557 ιῖεν
2343 506 2390 557 oi
2411 504 2650 577 ἔξαρχοι,
2676 505 2770 558 καί⁵
2791 503 3082 574 αὐχοῦντες
3107 504 3271 575 ἕτερα
3293 500 3408 556 ἀνθ’
3428 499 3628 573 ἐτέρων
3651 500 3809 570 ὑπὲρ

520 596 717 650 nandis
759 594 960 649 fabulis
983 597 1270 664 magistros
1299 595 1461 649 etiam
1508 594 1657 664 ipsos
1702 610 1963 665 superare
1986 612 2107 652 sese

520 684 848 754 gloriantur,
886 686 1012 740 volo
1044 685 1098 740 in
1138 686 1206 741 iis
1244 688 1766 753 commemorandis,
1807 689 1900 758 qui
1930 690 1986 743 in
2014 704 2107 744 ea—

521 777 643 830 dem
687 777 876 832 haeresi
924 788 1084 842 sunt,
1136 778 1229 834 sed
1281 779 1386 832 alia
1416 781 1667 848 quazdam
1699 780 1924 851 insuper
1956 796 2108 837 asse-

524 879 668 934 Iunt,
706 869 983 940 paulisper
1015 871 1318 927 immorari.
1362 870 1703 944 Epiphanem
1751 886 1912 945 atque
1935 873 2108 931 Isidoa

522 975 640 1012 rum
668 961 910 1030 intelligo
948 980 960 1016 :
1002 962 1095 1031 qui
1121 963 1567 1019 cohortationum
1604 978 1669 1019 ac
1699 972 2101 1034 praeceptorum

523 1051 704 1119 specie
736 1051 785 1104 in
822 1052 1234 1121 profundiorem
1264 1071 1385 1112 sese
1418 1055 1761 1112 infelicitatis
1790 1057 2103 1127 voraginem

523 1142 811 1197 immersit.
840 1145 905 1197 Et
941 1159 1066 1199 cum
1095 1160 1126 1199 a
1155 1146 1490 1217 Carpocrate
1518 1156 1744 1216 parente
1779 1162 1881 1203 suo
1920 1162 2107 1203 revera

523 1230 642 1305 falsi
678 1232 952 1303 dogmatis
982 1235 1201 1289 initium
1232 1238 1530 1306 acceperit,
1562 1238 1628 1293 ad
1655 1236 1894 1293 Secundi
1924 1246 2107 1294 tamen

519 1324 812 1392 opiniones
870 1326 1130 1390 adhaesit,
1188 1335 1242 1381 et
1281 1328 1350 1381 ad
1401 1327 1782 1386 Secundianos
1833 1330 2108 1400 ascriptus

521 1426 622 1469 est.
659 1414 718 1469 In
745 1417 937 1486 primis
966 1418 1111 1472 enim
1142 1433 1338 1489 magna
1368 1426 1452 1474 est
1472 1420 1847 1475 aberrantium
1880 1421 2106 1477 istorum

522 1506 805 1559 hominum
836 1522 868 1560 a
904 1523 965 1562 se
996 1507 1226 1563 invicem
1257 1509 1553 1577 dissensio,
1586 1520 1641 1565 et
1668 1511 2004 1568 inanissima:
2038 1511 2111 1565 lo-

522 1597 822 1668 quacitatis
864 1597 1143 1652 incondita
1183 1600 1429 1669 quaedam
1472 1616 1536 1654 ac
1571 1601 1889 1671 perturbata
1930 1602 2111 1657 varie-

526 1700 630 1744 tas.
671 1688 829 1755 Nam,
856 1699 915 1744 ut
954 1691 1023 1745 ab
1062 1691 1338 1762 Epiphane
1365 1693 1586 1758 ordiar,
1628 1692 1978 1762 Carpocratis
2007 1694 2110 1748 iste

512 1783 704 1857 Vtilius,
738 1798 802 1837 ex
840 1784 1165 1838 Alexandria
1214 1795 1392 1840 matre
1419 1825 1433 1847 .
1488 1785 1597 1840 hoc
1626 1786 1772 1840 enim
1823 1785 1873 1840 ei
1908 1800 2107 1840 nomen

2209 598 2335 660 τοὺς
2353 597 2532 650 αὐτῶν
2550 596 2901 659 διδασκάλους
2931 597 3361 667 μυθοποιεῖσθαι,
3383 596 3463 648 ἔτι
3483 594 3779 663 ἐπιμένων
3794 594 3809 622 ⁸

2209 686 2589 758 ὑφηγούμενος
2622 687 2748 751 τοὺς
2779 688 2838 739 ἐν
2865 688 3003 757 αὐτῇ
3060 688 3125 757 τῇ
3178 685 3390 756 αἱρέσει
3417 686 3593 747 ὄντας,
3622 683 3816 752 hae:

2207 778 2265 832 δὲ
2310 778 2462 851 παρά
2503 779 2706 832 τούτων
2735 779 3014 848 λέγοντας,
3042 778 3187 848 φημὶ
3214 777 3272 830 δέ
3315 776 3440 847 περὶ
3463 775 3815 842 Ἐπιφὼιους

2207 869 2302 925 τοῦ
2332 870 2604 941 Ἰσιδώρου
2635 874 2699 924 ἐκ
2733 871 3061 942 προφάσεως
3090 868 3485 941 παραινετικῶν
3523 866 3817 938 ῥημάτων

2208 962 2399 1016 ἐαυτὸν
2429 962 2509 1016 ἔτι
2529 965 2609 1025 είς
2631 969 3019 1033 περισσότερον
3045 960 3203 1030 βυθὸν
3245 959 3611 1030 ταλαιπωρίας
3658 974 3814 1009 κατι

2207 1056 2527 1122 αγαγὸντος.
2562 1055 2785 1120 Τάλτ.θῆ
2819 1054 2919 1121 μὲν
2962 1049 3078 1119 οὖν,
3101 1055 3208 1107 ἀπὸ
3236 1052 3674 1125 Καρποκράτους
3708 1048 3816 1101 τοι]

2212 1149 2341 1200 ἰδίου
2387 1149 2594 1219 πατρὸς
2634 1148 2774 1203 κατά
2817 1154 2994 1219 σάρδια
3028 1148 3313 1219 εἰληφότος
3339 1145 3434 1209 τὰς
3462 1145 3815 1216 προφάσεις.

2212 1238 2560 1309 συνημμένου
2593 1240 2651 1292 δὲ
2675 1241 2742 1310 τῇ
2772 1241 2981 1306 αἱρέσει
3010 1238 3105 1292 τοῦ
3134 1238 3525 1310 προειρημένου
3555 1236 3819 1289 Σεκούν-

2208 1326 2319 1391 δου,
2356 1328 2451 1381 καὶ
2482 1328 2647 1382 αὐτοῦ
2676 1328 2782 1383 τῶν
2808 1327 3204 1382 Σεκουνδιανῶν
3233 1328 3581 1398 ὑπάρχοντος.
3611 1324 3818 1395 Πολλὴ

2209 1420 2318 1489 γὰρ
2348 1420 2581 1473 ἑκάστου
2605 1419 2712 1473 τῶν
2742 1419 3174 1491 πεπλανημένων
3197 1422 3331 1491 πρὸς
3354 1419 3443 1472 τὸν
3465 1417 3659 1486 ἕτερον
3680 1416 3817 1469 δια-

2211 1511 2374 1581 φορὰ,
2408 1510 2504 1564 καὶ
2538 1510 2912 1583 συρφετώδης,
2952 1513 3030 1575 ὡς
3070 1514 3265 1574 εἰπεῖν,
3297 1508 3588 1580 πολυμιξία
3630 1524 3817 1561 κενο-

2211 1602 2438 1671 φωνίας.
2474 1596 2639 1666 Οὗτος
2687 1605 2794 1674 γὰρ
2819 1607 2849 1657 ὁ
2874 1604 3177 1674 Ἐπιφάνης
3210 1602 3344 1672 (86),
3375 1600 3451 1664 ὼς
3482 1602 3645 1670 ἔφην,
3685 1599 3815 1663 υἱὸς

2210 1693 2287 1746 ὢν
2333 1694 2787 1765 Καρποκράτους,
2843 1695 3051 1766 μητρὸς
3096 1695 3152 1747 δὲ
3197 1692 3605 1762 Ἀλεξανδρείας
3652 1690 3815 1743 οὕτω

2213 1786 2573 1856 καλουμένης,
2613 1784 2842 1849 τούτοις,
2876 1785 2950 1848 ὡς
2984 1788 3263 1856 προεῖπον,
3298 1783 3649 1845 συνάπτεται,
3694 1781 3815 1835 ἀπὸ

527 1875 648 1939 fuit,
679 1878 746 1931 ad
799 1878 942 1944 illos,
978 1878 1052 1933 uti
1080 1879 1344 1943 diximus,
1387 1885 1729 1950 aggregatur,
1756 1878 1850 1948 qui
1900 1894 1967 1932 ex
2003 1877 2109 1931 Ce-

2219 1878 2590 1948 Κεφαλληνίας
2621 1877 2721 1947 μὲν
2747 1878 2810 1930 τὸ
2840 1878 2974 1946 πρὸς
3001 1876 3205 1946 πατρὸς
3227 1876 3381 1946 γένος
3406 1874 3496 1935 ὣν,
3523 1875 3813 1926 ἑπτακαι-

524 1968 793 2037 phallenia
838 1979 1064 2041 paterno
1116 1986 1316 2041 genere
1360 1971 1665 2035 oriundus,
1699 1985 1826 2024 cum
1873 1969 2106 2024 ad'xvn

521 2060 704 2115 aetatis
737 2076 939 2116 annum
982 2064 1346 2132 pervenisset,
1373 2064 1665 2118 immatura
1696 2072 1872 2119 morte
1909 2079 2110 2133 prtere-

527 2161 654 2220 ptus
687 2162 792 2208 est.
821 2154 1089 2208 Nimirum
1119 2155 1426 2210 sceleratos
1450 2155 1698 2211 homines
1722 2154 1864 2211 Deus
1892 2155 1972 2210 sic
1988 2163 2111 2209 tan-

514 2258 684 2311 quam
716 2245 903 2314 spinas
934 2246 1162 2311 evulsit,
1190 2246 1537 2317 humanoque
1564 2246 1749 2316 generi
1786 2247 1981 2302 melius
2010 2247 2110 2301 ali-

522 2336 649 2405 quid
688 2337 946 2406 providit.
983 2337 1114 2392 Post
1149 2337 1296 2391 illius
1327 2320 1543 2391 obitum
1572 2336 1640 2391 iis
1678 2336 1772 2406 qui
1808 2337 1877 2392 ab
1910 2352 1978 2392 eo
2016 2336 2111 2393 de-

523 2429 663 2499 cepti
699 2427 913 2482 fuerant
945 2428 1102 2499 plaga
1144 2428 1234 2482 illa
1263 2428 1440 2482 letalis
1479 2428 1730 2483 adhaesit.
1770 2426 1837 2481 Et
1874 2429 1929 2482 in
1971 2428 2112 2483 hanc

525 2536 697 2589 usque
711 2520 856 2574 diem
875 2520 928 2573 in
950 2521 1129 2575 insula
1149 2519 1313 2574 Samo
1331 2519 1530 2573 divinis
1546 2519 1845 2574 honoribus
1858 2519 2109 2574 adicitur.

524 2610 661 2666 Nam
699 2613 894 2667 incola:
934 2612 1195 2682 templum
1226 2610 1276 2667 ei
1308 2610 1711 2674 condiderunt,
1745 2611 1904 2679 211
1943 2618 1996 2665 et
2031 2611 2114 2665 in-

525 2714 689 2761 eunte
716 2720 905 2761 mense
941 2720 1098 2760 sacra
1126 2704 1374 2773 quadam
1400 2718 1463 2759 ac
1485 2704 1841 2759 caeremonias
1862 2703 2069 2758 obeunt.
2096 2720 2109 2756 :

526 2811 627 2850 nec
662 2810 773 2850 non
809 2804 954 2851 artes
982 2803 1035 2850 et
1066 2809 1318 2848 muscum
1354 2791 1422 2847 ad
1463 2794 1775 2849 detestandi
1823 2792 1973 2848 illius
2023 2807 2116 2847 no-

526 2889 692 2944 minis
736 2888 1056 2945 memoriam
1101 2893 1539 2951 consecrarunt;
1575 2884 1876 2956 Epiphanis
1913 2885 2116 2955 quippe

526 2979 772 3037 Museum
815 2979 1112 3049 appellant.
1144 2975 1788 3055 Ccphalleniipinquam,
1819 2990 1884 3030 eo
1926 2989 2117 3028 vecor-

525 3071 626 3126 diae
651 3069 928 3142 progressi
960 3078 1109 3135 sunt,
1148 3075 1208 3123 ut
1236 3076 1291 3122 et
1334 3067 1383 3122 ei
1416 3066 1686 3121 sacriﬁcia
1720 3080 1785 3118 ac
1824 3065 2113 3120 libationes

524 3158 774 3222 offerant,
813 3165 867 3212 et
928 3158 984 3211 in
1052 3157 1179 3213 fano
1241 3156 1389 3212 illius
1444 3156 1664 3226 epulum
1729 3154 2029 3225 praebeant,
2063 3162 2117 3209 et

526 3248 756 3319 hymnos
784 3247 840 3302 in
881 3247 1002 3317 ejus
1034 3248 1293 3302 honorem
1326 3247 1640 3302 concinam.
1665 3244 1867 3301 llabuit
1890 3261 2019 3300 vero
2049 3245 2116 3300 ad

526 3342 775 3396 infelices
809 3341 932 3396 illos
956 3340 1346 3409 decipiendos,
1397 3353 1462 3394 ac
1512 3354 1624 3393 non
1680 3336 1842 3393 modo
1886 3336 1955 3392 ad
1994 3350 2115 3392 eam

525 3443 758 3498 sectam,
800 3433 895 3488 sed
942 3439 997 3488 et
1031 3431 1099 3485 ad
1139 3432 1287 3486 aliud
1316 3446 1490 3502 genus
1523 3429 1752 3492 erroris.
1785 3429 1890 3484 hoc
1933 3441 2017 3486 est
2045 3430 2115 3486 si-

527 3527 895 3580 mulacrorum
950 3522 1398 3592 superstitionem
1449 3520 1818 3574 traducendos
1858 3534 2109 3589 magnam

528 3616 840 3671 illecebram
871 3614 1141 3685 exquisita
1173 3612 1423 3685 quaedam
1471 3611 1713 3668 hominis
1750 3612 1986 3666 eruditio
2008 3654 2023 3679 ,
2057 3620 2112 3668 et

527 3723 651 3761 cum
677 3707 729 3761 in
756 3706 905 3762 omni
934 3705 1294 3759 humanitatis
1322 3717 1540 3774 genere,
1578 3711 1691 3756 tum
1725 3703 1780 3756 in
1816 3700 2111 3759 Platonicis

528 3800 878 3871 dogmatibus
908 3798 1153 3869 apprime
1194 3805 1432 3853 versata.
1468 3794 1571 3862 Qui
1612 3795 1831 3865 quidem
1876 3794 2112 3866 Epipha-

2212 1970 2440 2041 δεκαέτη
2474 1969 2675 2039 βιώσας
2704 1970 2914 2041 χρόνον,
2949 1970 3142 2022 θᾶττον
3166 1969 3257 2022 τὸν
3294 1968 3405 2038 βίον
3432 1966 3811 2037 κατέστρεψε,

2211 2060 2305 2113 τοῦ
2340 2060 2546 2130 Κυρίου
2580 2058 2772 2129 ὥσπερ
2798 2058 3044 2122 ἀκάνθας
3085 2059 3211 2120 τοὺς
3256 2057 3493 2127 φαύλους
3516 2055 3811 2109 ἀπαλλάσ-

2212 2169 2415 2216 σοντος,
2440 2154 2685 2225 κρεῖττόν
2708 2171 2761 2207 τι
2789 2154 2919 2225 περὶ
2944 2155 3041 2224 τῆς
3063 2154 3387 2225 οἰκουμένης
3415 2151 3808 2225 προνοοῦντος,

2211 2245 2366 2297 Μετὰ
2397 2245 2455 2298 δὲ
2481 2245 2579 2316 τὴν
2613 2246 2777 2300 αὐτοῦ
2800 2247 3059 2318 τελευτὴν
3093 2248 3142 2299 οί
3175 2246 3310 2315 πρὸς
3328 2245 3493 2299 αὐτοῦ
3521 2243 3811 2313 πεπλανη-

2217 2338 2369 2408 μένοι
2395 2340 2492 2410 τῆς
2516 2339 2612 2394 ἀπ’
2633 2338 2798 2392 αὐτοῦ
2829 2339 3043 2411 πληγῆς
3066 2340 3165 2393 οὐκ
3187 2340 3504 2408 ἀπέσχοντο.
3523 2336 3610 2389 Ἐν
3630 2336 3809 2405 Σάμῳ

2212 2428 2322 2498 γὰρ
2354 2427 2429 2491 ὡς
2470 2429 2588 2493 θεὸς
2621 2429 2733 2497 (87)
2764 2428 2844 2482 ἔτι
2871 2429 2965 2481 καὶ
2992 2430 3071 2493 είς
3095 2428 3254 2500 δεῦρο
3285 2429 3536 2497 τιμᾶται.
3562 2425 3807 2495 Τέμενος

2212 2519 2321 2591 γὰρ
2349 2518 2498 2587 αὐτῷ
2531 2519 2847 2591 ἱδρύσαντες
2877 2521 2928 2573 οἱ
2958 2518 3264 2590 ἐπιχώριοι,
3295 2517 3485 2582 θυσίας
3528 2518 3624 2570 καὶ
3648 2516 3810 2569 τελε-

2213 2609 2312 2671 τὰς
2332 2610 2638 2664 ἐπιτελοῦσι
2662 2611 2802 2665 κατά
2822 2612 3134 2681 νεομηνίαν,
3161 2611 3378 2682 βωμοὺς
3396 2609 3451 2663 δὲ
3470 2608 3623 2678 αὐτῷ
3642 2608 3806 2679 ἕστη-

2218 2716 2340 2763 σαν,
2365 2701 2460 2753 καὶ
2489 2704 2737 2772 μουσεῖον
2781 2704 2862 2766 είς
2899 2702 3070 2773 ὄνομα
3099 2702 3265 2757 αὐτοῦ
3296 2702 3663 2772 περίπτυλστον
3711 2701 3805 2753 ἀν-

2216 2792 2535 2861 εστήσαντο,
2567 2792 2629 2845 τὸ
2673 2792 2736 2864 δὴ
2769 2794 3099 2862 Ἐπιφάνους
3150 2796 3400 2865 μουσεῖον
3441 2791 3802 2861 καλούμενον.

2215 2882 2415 2937 Θύουσι
2446 2885 2557 2954 γὰρ
2588 2884 2736 2956 αὐτῷ
2768 2888 2817 2940 ot
2846 2886 3199 2956 Κεφαλλῆνες
3239 2888 3319 2949 είς
3350 2884 3620 2957 τοσαύτην
3668 2886 3802 2939 πλά·

2216 2991 2314 3045 νην
2361 2975 2704 3048 ἐληλακότες,
2736 2977 2829 3030 καὶ
2876 2977 3180 3043 σπένδουσι,
3218 2977 3313 3030 καὶ
3345 2979 3400 3029 ἐν
3422 2975 3501 3047 τῷ
3533 2977 3803 3047 ἱδρυμένῳ

2214 3068 2383 3123 αὑτοῦ
2430 3069 2651 3140 τεμένει
2695 3069 3057 3141 εὐωχοῦνται·
3096 3070 3299 3141 ὕμνους
3323 3069 3377 3123 δέ
3410 3067 3560 3139 αὐτῷ
3594 3068 3801 3139 ᾄδουσι.

2220 3161 2300 3212 Δι’
2328 3160 2635 3231 ὑπερϐολὴν
2665 3160 2724 3215 δὲ
2764 3161 2866 3232 τῆς
2908 3162 3116 3215 ἐκείνου
3151 3160 3400 3225 παιδείας
3422 3158 3719 3228 ἐγκυκλίου
3746 3175 3802 3211 τε

2223 3252 2317 3305 καὶ
2344 3252 2695 3324 Πλατωνικῆς
2731 3254 2764 3324 ἡ
2796 3254 2945 3307 πᾶσα
2977 3253 3089 3316 τοῖς
3122 3252 3547 3325 προειρημένοις
3572 3250 3718 3303 κατά
3743 3266 3798 3302 τε

2220 3341 2322 3414 τὴν
2351 3342 2560 3415 αἵρεσιν
2590 3344 2684 3397 καὶ
2712 3342 2853 3397 κατά
2878 3345 2976 3414 τὴν
3016 3345 3207 3415 ἑτέραν
3249 3342 3481 3413 πλάνην,
3522 3340 3667 3409 λέγω
3707 3340 3797 3410 τὴν

2221 3436 2301 3497 είς
2332 3434 2722 3505 είδωλομανίαν
2752 3436 2880 3499 τοὺς
2910 3435 3238 3507 ἐπιχωρίους
3262 3433 3560 3506 τρέψασαν,
3583 3432 3795 3501 γέγονεν

2218 3527 2315 3579 ἀπ’
2339 3526 2505 3581 αὐτοῦ
2547 3528 2751 3598 ἀπάτη.
2783 3528 3073 3582 Συνείπετο
3099 3527 3231 3596 γοῦν
3256 3523 3410 3591 οὗτος
3440 3529 3468 3579 ὁ
3501 3525 3796 3595 Ἐπιφάνης

2218 3619 2498 3690 Σεκούνδῳ
2530 3619 2623 3673 καὶ
2656 3622 2767 3684 τοῖς
2796 3621 2933 3691 ἀμφ’
2955 3619 3139 3673 αὐτόν.
3172 3620 3284 3691 Τὴν
3317 3618 3426 3691 γάρ
3463 3618 3632 3671 αὐτοῦ
3665 3617 3798 3670 ἰοϐο-

2218 3708 2338 3760 λίαν
2377 3709 2719 3780 ἀπεμάξατο,
2752 3710 2895 3781 λέγω
2917 3710 3018 3783 τὴν
3061 3710 3165 3780 τῆς
3212 3709 3552 3782 ἐρπετώδους
3600 3706 3796 3777 φθορᾶς

2219 3802 2651 3872 περιττολογίαν.

531 3914 626 3951 nes
652 3897 719 3952 ad
750 3878 1062 3950 Secundum
1092 3908 1150 3947 se
1176 3899 1338 3963 atque
1361 3892 1483 3959 ejus
1520 3889 1765 3947 fautores
1823 3891 2152 3962 applicavit;
2190 3894 2457 3969 illiusque
2496 3900 2551 3953 in
2601 3914 2661 3956 se
2701 3900 2876 3966 virus,
2923 3901 3028 3957 hoc
3072 3908 3158 3956 est
3203 3900 3469 3955 imbutam
3538 3902 3795 3952 venenata

528 3988 763 4060 quadam
798 3992 949 4054 peste
976 3983 1363 4052 loquacitatem
1394 3979 1686 4049 expressit.

597 4080 687 4135 IV.
738 4078 1008 4136 lsidorum
1048 4093 1178 4132 vero
1228 4082 1455 4130 narrant
1491 4074 1821 4144 quihusdam
1852 4073 2121 4132 Cohorta-

529 4175 736 4229 tionum
767 4171 922 4228 libris
952 4170 1210 4241 ncquitiaa
1230 4185 1344 4225 suae
1375 4168 1726 4222 fundamenta
1745 4167 1969 4237 jecisse.
2009 4169 2117 4226 Sed

530 4276 712 4321 utrum
754 4263 945 4319 eadem
988 4263 1036 4318 is
1075 4277 1139 4317 ex
1181 4269 1361 4324 secta,
1410 4267 1575 4329 atque
1616 4258 1810 4315 iisdem
1844 4261 2120 4328 opinioni-

529 4358 632 4412 bus
661 4355 958 4429 exstiterit,
988 4368 1056 4407 an
1090 4368 1157 4408 ex
1191 4351 1649 4423 philosophorum
1688 4350 1983 4420 disciplina
2023 4366 2119 4408 co-

420 4490 437 4497 -
529 4445 902 4500 hortationem
935 4440 1133 4495 artifex
1176 4456 1300 4496 esse
1329 4438 1622 4505 didicerit,
1669 4439 1807 4492 certi
1853 4438 1990 4492 nihil
2019 4455 2116 4494 ex-

531 4538 746 4607 plorare
774 4533 1083 4588 docuimus.
1131 4528 1422 4601 Utcunque
1455 4546 1513 4585 se
1557 4547 1645 4588 res
1671 4531 1892 4595 haheat.
1925 4530 1980 4585 in
2014 4545 2111 4586 eo-

531 4629 653 4682 dem
693 4639 884 4682 omnes
913 4621 1236 4678 consuendo
1266 4621 1522 4691 dogmate
1550 4630 1867 4678 versantur.

601 4718 659 4772 ln
685 4716 877 4788 primis
912 4714 1226 4785 Epiphanes
1267 4711 1399 4766 illud
1425 4727 1550 4767 cum
1581 4712 1778 4777 Patre,
1811 4712 2114 4783 eodemque

533 4810 758 4866 haeresis
790 4807 1076 4864 conditore
1100 4806 1433 4876 Carpocrate
1464 4805 1732 4874 decrevit,
1766 4806 2113 4876 promiscuae

603 4973 618 5002 ³
644 4965 771 5021 Fur.
807 4963 1071 5038 ὲπιμενῶ.
1107 4961 1264 5016 Addo
1297 4963 1391 5016 καὶ
1418 4961 1538 5019 τοῦ.

599 5132 714 5203 (86)
757 5126 946 5203 Οὗτος
973 5128 1085 5203 γὰρ
1119 5130 1151 5181 ὁ
1183 5127 1529 5203 ῘΕπιςράνης.
1559 5124 1634 5181 Ex
1664 5123 1929 5203 C'lcment.
1954 5125 2111 5181 Alex.

533 5196 827 5259 tu‘St'rom.
867 5196 990 5256 haec
1024 5196 1302 5267 descripta
1335 5204 1507 5267 sunt;
1541 5196 1758 5251 tametsi
1791 5196 1863 5250 ab
1886 5205 2115 5252 auctore

534 5274 653 5342 ipso
701 5275 916 5328 diversa
963 5265 1572 5342 quadam—tradiderit;
1605 5267 1907 5342 Clementis
1938 5267 2112 5342 verba

537 5331 849 5400 necessario
881 5331 1284 5396 hie-attexenda
1317 5345 1446 5393 sunt
1475 5354 1487 5390 :
1514 5335 1819 5405 Ἑπιφᾴνης
1852 5331 2027 5400 οὗτος,
2050 5333 2113 5391 οὒ

537 5354 849 5400 necessario
881 5354 969 5396 Inc
994 5354 1284 5394 atlexenaa
1317 5354 1446 5393 ειιῐιι
1475 5354 1487 5390 2
1531 5354 1749 5405 [ιπιφαν
1792 5354 1819 5400 ς
1852 5354 2027 5400 ουτος,
2050 5354 2111 5391 Ου

533 5413 628 5463 καὶ
652 5413 719 5465 τὰ
749 5414 1153 5485 συγγράμμᾳῖσςι
1180 5406 1484 5485 ἕομέξξταιν
1521 5407 1637 5485 θεὸς
1680 5354 2111 5485 ἦντίςαρτέοκρᾴ-

536 5497 680 5542 τους,
704 5485 798 5545 καὶ
1056 5476 1434 5549 Ἀλεξανδρίας
1457 5476 1715 5560 τοῦνομα,
1746 5477 1815 5530 τὰ
1846 5476 1945 5597 μὲν
1976 5476 2115 5562 πρὸς

540 5550 739 5597 mane:
775 5551 1174 5597 Ἀλεξανδοεὺς-
1215 5548 1325 5597 ἀπὸ
1352 5549 1409 5597 δὲ
1448 5563 1650 5597 nmmo:
1687 5549 1848 5597 Κειοα
1884 5547 2112 5597 ληνευς·

540 5547 1409 5622 πατρὸςῇΔλεξανδρεὺςηἀπο-δέ
1447 5547 1650 5622 μητρὸς
1687 5547 2112 5622 Κεφαλληνεύς·

538 5617 699 5688 ἔζησε
739 5620 795 5672 δὲ
839 5622 909 5675 τὰ
950 5616 1128 5672 πάντα
1171 5619 1267 5688 ἐτη
1314 5616 1701 5688 ἑπτακαίδεκα,
1748 5617 1841 5688 καὶ.
1883 5616 2003 5688 θεὸς
2053 5618 2111 5688 ἐν

539 5685 700 5758 {idem
730 5693 827 5758 τῆς
866 5685 1587 5758 Κεφαλληνίαςτετίμηται·
1617 5686 1746 5740 ἔνθα
1781 5685 1933 5758 αὐτῷ
1968 5685 2111 5758 ἱερὸν

539 5706 700 5763 ἀτιμίῃ
730 5706 758 5740 τ
801 5708 827 5753 ς
866 5706 1088 5758 negat“.
1129 5706 1247 5751 νιας
1273 5706 1587 5757 τετιμηται·
1617 5706 1746 5740 ενυα
1785 5706 1933 5755 αυτῳ
1968 5706 2109 5757 ιερον

537 5755 716 5827 ρυτωγ
747 5708 926 5825 λτίθων,
962 5706 1134 5827 βωμύί.
1156 5799 1170 5821 ,
1204 5758 1407 5826 τεμένη
1430 5798 1453 5827 ,ν
1491 5759 1736 5826 μουσεῖον
1764 5754 2109 5827 ᾠκοδόμηταί

534 5812 593 5874 τε
628 5823 722 5875 καὶ
771 5812 1131 5889 καθιέρωταν
1161 5812 1283 5880 ’καί
1312 5812 1585 5887 aevum/"cs;
1630 5827 1710 5888 είς
1752 5812 1813 5879 τὸ
1865 5812 2016 5901 ιερδηί
2056 5826 2106 5878 οἱ

2293 4078 2366 4130 Δ’.
2410 4075 2682 4148 Ἰσίδωρον
2703 4075 2759 4130 δὲ
2785 4075 3087 4144 φάσκουσιν
3105 4075 3218 4145 (88)
3244 4077 3302 4129 ἐν
3326 4076 3688 4146 παραινέσεσι
3709 4079 3796 4150 τῆς

2221 4165 2390 4220 αὐτοῦ
2429 4165 2727 4237 μοχθηρίας
2758 4165 2927 4220 αἴτιον
2956 4165 3306 4235 γεγενῆσθαι.
3343 4168 3405 4221 Et
3435 4166 3493 4219 δὲ
3522 4169 3619 4221 καὶ
3648 4168 3796 4232 αὐτὸς

2221 4259 2289 4314 τά
2316 4260 2405 4313 ἴσα
2433 4259 2669 4331 φρονῶν,
2705 4260 2799 4313 καὶ
2839 4257 2901 4323 ἐξ
2932 4257 3111 4312 αὐτῶν
3139 4256 3458 4329 ὁρμώμενος
3486 4260 3795 4329 ἐτύγχανεν,

2219 4353 2253 4423 ἡ
2293 4354 2357 4405 ἐκ
2388 4351 2695 4420 φιλοσόφων
2732 4349 2919 4421 μαθὼν
2952 4350 3340 4422 παραινετικός
3371 4367 3454 4413 τις
3506 4352 3604 4404 καὶ
3647 4352 3796 4417 αὐτὸς

2222 4443 2490 4512 ὑπῆρχεν,
2521 4440 2580 4494 ού
2625 4441 2771 4493 πάνυ
2804 4439 2991 4509 σαφῶς
3020 4439 3150 4510 περὶ
3176 4439 3270 4491 τοῦ
3303 4438 3576 4510 Ἰσιδώρου
3608 4442 3800 4510 γνῶναι

2218 4530 2587 4601 ἠδυνήθημεν.
2619 4529 2766 4601 Πλὴν
2809 4522 2953 4583 οὗτοι
2990 4527 3192 4591 πάντες
3228 4527 3520 4582 καττύονσι
3555 4529 3653 4600 τὴν
3685 4531 3799 4601 ἴσην

2222 4622 2624 4694 πραγματείαν.
3440 4680 3456 4693 Ι

2292 4713 2514 4787 Πρῶτον
2561 4714 2660 4784 μὲν
2688 4713 2770 4767 ὅτι
2798 4711 3107 4783 ἐνομοθέτει
3129 4711 3290 4774 αὐτὸς
3313 4714 3343 4765 ὁ
3372 4711 3680 4784 Ἐπιφάνης
3713 4714 3797 4767 σὺν

2220 4805 2298 4878 τῷ
2357 4805 2522 4862 αὑτοῦ
2574 4805 2744 4876 πατρί
2790 4820 2853 4859 τε
2898 4804 2993 4859 καὶ
3018 4804 3374 4876 πρωτοστάτῃ
3411 4804 3513 4875 τῆς
3542 4806 3797 4878 αἱρέσεως

2223 5125 2574 5198 Κεφαλλῆνες
2613 5123 2758 5198 κατά
2794 5126 3128 5198 νουμηνίαν,
3174 5122 3451 5198 γενέθλιον
3484 5123 3808 5198 -ἀποθὲωσιν

2223 5192 2444 5266 θύουσιν
2469 5192 2792 5266 ’Ἐπιφάνει,
2843 5192 3128 5266 σπένδουσί
3177 5211 3258 5256 τε,
3304 5193 3679 5266 εὐωχοῦνται,
3722 5192 3809 5244 καὶ

2223 5265 2383 5350 ὕμνοι
2415 5264 2664 5350 λέγανσαι
2687 5284 2700 5296 ·
2731 5264 3035 5350 ἐπαιδεύθη.
3067 5265 3165 5350 μέν
3186 5264 3352 5350 ,πιαρά
3399 5266 3477 5334 τῷ
3513 5265 3806 5350 πατρὶ-τήν

2221 5333 2281 5391 τε
2325 5333 2615 5407 ἐγκύκλιον
2663 5335 2905 5400 παιδίαν,
2948 5333 3139 5389 καὶτὰ
3186 5333 3498 5407 Πλάτωνος,
3536 5333 3646 5407 ειυς
3691 5333 3809 5387 Hazc

2224 5407 2333 5462 ille.
2371 5405 2449 5460 ‘At
2500 5406 2849 5477 Epiphanius
2893 5420 2921 5457 a
2963 5414 3119 5474 patre
3154 5405 3574 5476 Cephallenium
3616 5406 3804 5468 fuisse,

2216 5492 2326 5531 non
2360 5476 2790 5532 Alexandrinum
2821 5476 3001 5530 docet.
3102 5492 3123 5513 ο

2253 5617 2263 5627 _
2290 5547 2402 5617 (87)
2453 5548 2559 5602 Ἐν
2585 5546 2761 5617 Σάμῳ
2791 5545 2904 5616 γὰρ
2929 5547 3011 5612 ὼς
3038 5548 3193 5611 θεός.
3246 5544 3382 5612 Qua:
3427 5554 3483 5601 el
3527 5544 3695 5601 Same
3728 5541 3800 5598 di-

2218 5627 2363 5671 Clllll‘
2402 5635 2416 5671 2

2286 5687 2724 5756 Dulycht'umque,
2757 5684 3015 5756 Sameque
3043 5694 3093 5738 et
3124 5683 3355 5756 Neritos
3377 5687 3552 5756 ardua
3586 5684 3752 5741 saxis.

2306 5755 2417 5827 (88)
2470 5755 2781 5825 Ἰσίδωρον
2811 5755 2881 5809 δὲ
2924 5755 3295 5824 φάσκουσιν.
3335 5755 3649 5827 Βεᾲιείάοτο
3696 5768 3791 5810 me-

2215 5824 2371 5885 minit
2402 5824 2549 5887 idem
2587 5824 2840 5885 Clémens
2870 5826 3138 5882 Alexand.
3171 5826 3265 5883 lib.
3303 5842 3358 5884 vt
3391 5824 3591 5883 Strom.
