3982 6426
240 401 351 458 5ε9

1046 397 1418 456 ADVERSUS
1459 395 1801 459 HASBESES

1939 401 1966 452 ι.
2007 396 2051 452 1.
2092 394 2257 453 ΤΟΜ.
2300 396 2366 452 11.
2406 428 2475 437 —-
2501 396 2771 454 "IERES.
2810 398 3023 487 XXXlI.

3427 403 3533 459 550

240 513 643 587 Καρποκράτει
692 513 785 567 καὶ
831 516 943 579 τοῖς
989 515 1127 587 ἀμφ’
1154 516 1319 569 αὑτὸν
1345 514 1531 579 κοινὰς
1560 510 1702 569 εἶναι
1743 514 1835 577 τὰς

1944 525 2069 566 esse
2112 511 2373 583 conjuges
2410 521 2705 584 oportere;
2746 516 2945 585 partim
2977 515 3123 584 quod
3165 514 3238 568 ita
3290 514 3444 570 Plato
3478 518 3535 572 in

237 602 353 655 τῶν
381 602 686 675 ἀνθρώπων
715 608 1004 674 γυναῖκας,
1043 605 1107 661 ἐκ
1135 625 1197 660 τε
1228 607 1323 661 τοῦ
1354 606 1644 669 Πλάτωνος
1674 609 1846 661 Πολι-

237 692 422 748 τειῶν
477 698 752 768 πρόφασιν
786 697 979 753 λαϐὼν
1005 738 1020 764 ,
1069 700 1167 753 καὶ
1211 700 1312 772 τὴν
1362 699 1500 754 ἰδίαν
1548 698 1844 771 ἐπιθυμίαν

242 785 505 840 ἐκτελῶν.
524 787 809 843 Ἐντεῦθεν
835 790 892 844 δὲ
920 791 1019 862 τὴν
1050 790 1223 862 ἀρχὴν
1253 792 1507 853 ποιεῖται,
1540 791 1734 860 λέγων,
1767 790 1843 855 ὡς

243 877 304 928 ἐν
334 876 415 948 τῷ
451 877 768 951 Εὐαγγελίῳ
793 881 1096 952 ἐμφέρεται
1126 881 1221 935 τοῦ
1254 882 1507 953 Σωτῆρος
1543 882 1863 952 φάσκοντοςκ

242 970 401 1038 τρεῖς
424 968 521 1038 μὲν
549 969 837 1041 εὐνούχους
867 966 1027 1035 εἶναι,
1050 971 1139 1024 τόν
1163 989 1219 1025 τε
1245 969 1305 1036 ἐξ
1331 971 1633 1044 ἀνθρώπων
1661 973 1845 1026 εὐνου-

244 1060 558 1130 χιζὸμενον,
596 1064 687 1115 καὶ
720 1062 811 1115 τὸν
835 1064 899 1116 ὲκ
921 1064 1167 1134 γενετῆς,
1200 1064 1293 1117 καὶ
1320 1064 1414 1117 τὸν
1447 1063 1592 1118 κατὰ
1617 1063 1714 1135 τὴν
1746 1064 1843 1134 βα-

245 1150 459 1204 σιλείαν
487 1151 596 1206 τῶν
625 1153 870 1224 οὐρανῶν
895 1153 1087 1207 ἐαυτὸν
1119 1155 1383 1219 ἑκουσίως
1430 1157 1839 1227 εὐνουχίσαντα.

244 1243 361 1296 Καί
393 1261 558 1315 φησιν
579 1261 593 1275 ο
631 1246 696 1298 Οἱ
727 1245 908 1298 τοίνυν
947 1245 1090 1299 κατὰ
1122 1246 1367 1317 ἀνάγκην
1396 1247 1457 1300 οὐ
1492 1249 1635 1302 κατὰ
1681 1247 1842 1317 λόγον

242 1334 495 1406 εὐνοῦχοι
521 1337 780 1405 γίνονται.
814 1338 876 1391 Oi.
900 1338 956 1390 δὲ
986 1338 1149 1393 ἕνεκα
1174 1333 1275 1410 τῆς
1306 1338 1584 1410 βασιλείας
1616 1339 1725 1393 τῶν
1748 1340 1840 1393 οὐ·

245 1428 432 1500 ρανῶν
483 1430 710 1494 ἑαυτοὺς
756 1432 1167 1503 εὐνουχίσαντες
1198 1432 1284 1487 διὰ
1327 1432 1396 1485 τὰ
1442 1434 1507 1485 ἐκ
1538 1432 1633 1485 τοῦ
1660 1433 1839 1503 γάμου

246 1522 623 1595 συμϐαίνοντα
651 1540 785 1593 φασι
827 1522 919 1575 τὸν
945 1522 1300 1595 ἐπιλογισμὸν
1328 1524 1343 1554 ¹
1374 1522 1481 1576 τῶν
1518 1521 1841 1589 ἐπιτηδείων

241 1614 506 1685 ἀσχολίαν
535 1613 785 1677 δεδιότες.
815 1613 1067 1667 Βέλτιον
1096 1612 1362 1683 γαμῆσαι
1398 1612 1437 1683 ἢ
1478 1613 1838 1681 πυροῦσθαι,

245 1706 323 1777 μὴ
353 1708 435 1769 είς
459 1705 571 1776 πῦρ
597 1705 842 1778 ἐμϐάλῃς
871 1706 972 1776 τὴν
1005 1705 1185 1777 ψυχήν
1216 1723 1332 1769 σου,
1362 1705 1497 1777 φησὶ
1524 1705 1702 1774 λέγειν
1750 1707 1840 1759 τὸν

255 1798 606 1861 ’Ᾱπόστολον,
640 1796 854 1869 ἡμέρας
883 1798 975 1851 καὶ
999 1797 1193 1861 νυκτὸς
1225 1797 1487 1868 ἀντέχων,
1521 1799 1614 1850 κα)⁵
1645 1797 1841 1866 φοϐού-

1948 603 2101 658 lihris
2140 596 2213 658 De
2254 606 2524 673 republica
2569 607 2893 673 statuisset,
2930 608 3129 678 partim
3167 616 3225 661 nt
3265 609 3534 677 privatam

1948 695 2232 752 libidinem
2266 697 2533 765 expleret.
2569 696 2675 753 Sed
2702 699 2828 755 inde
2859 699 3177 769 disputandi
3206 699 3423 755 initium
3456 700 3538 756 fa-

1946 787 2043 841 cit.
2079 786 2207 841 Tria
2235 789 2611 843 cunuchorum
2646 806 2770 846 esse
2822 807 3044 864 genera,
3091 793 3237 862 quod
3281 808 3311 846 a
3343 792 3537 848 Salva-

1947 884 2063 932 tore
2091 877 2296 930 dictum
2332 876 2621 948 Evangelia
2651 895 2807 935 saera
2850 889 3124 936 testantur
3148 883 3169 913 ⁸
3198 900 3210 932 ;
3235 898 3360 936 nam
3395 884 3536 941 alios

1944 985 2069 1025 esse
2102 969 2195 1040 qui
2235 970 2303 1024 ab
2332 970 2650 1028 hominibus
2674 973 2880 1028 exSecti
2913 983 3063 1038 sunt,
3099 974 3237 1029 alios
3270 974 3341 1029 ita
3375 990 3404 1028 a
3436 991 3536 1029 na-

1946 1072 2075 1116 tura
2107 1061 2307 1129 faetos,
2346 1065 2483 1119 alios
2521 1068 2614 1135 qui
2655 1066 2898 1121 cmlcstis
2936 1068 3088 1137 regni
3132 1069 3306 1137 gratia
3340 1078 3537 1139 sponte

1946 1168 2069 1208 sese
2097 1160 2439 1208 castrarunt.
2466 1154 2570 1222 Qui
2598 1156 2789 1227 igitur,
2825 1158 3001 1224 aiunt,
3036 1159 3173 1213 tales
3206 1160 3536 1214 necessitate

1947 1254 2079 1301 sunt
2115 1244 2268 1310 l‘aeti,
2296 1263 2405 1303 non
2440 1248 2493 1303 id
2533 1256 2685 1305 certo
2716 1250 2952 1306 consilio
2999 1267 3063 1305 ac
3098 1253 3309 1308 ratione
3336 1269 3531 1309 susce-

1945 1347 2162 1408 perunt.
2188 1337 2291 1405 Qui
2326 1356 2384 1395 se
2415 1355 2547 1395 vero
2578 1349 2799 1412 propter
2829 1343 3054 1399 cmleste
3079 1360 3301 1415 regnum
3327 1358 3534 1401 castra-

1943 1435 2180 1491 verunt,
2220 1428 2272 1482 id
2317 1429 2383 1483 ad
2418 1430 2777 1485 deelinandas
2818 1432 3060 1503 conjugii
3093 1435 3375 1491 molestias
3408 1451 3533 1506 ege-

1945 1524 2093 1580 runt,
2137 1518 2283 1587 quod
2318 1518 2450 1572 illud
2505 1522 2864 1590 procurandae
2910 1525 2984 1577 rei
3035 1523 3323 1580 fanuliaris
3352 1542 3534 1589 onus.

1945 1623 2010 1663 ac
2035 1610 2465 1666 sollicitudinem
2491 1614 2769 1672 timerent.
2805 1614 2997 1669 Melius
3030 1628 3105 1670 est
3131 1616 3340 1674 nubere.
3376 1634 3532 1687 quant

1944 1703 2030 1756 uri
2063 1704 2125 1755 8:
2163 1705 2390 1774 proinde
2429 1720 2560 1760 cave
2595 1707 2833 1762 animam
2868 1716 3018 1762 tuam
3048 1710 3103 1763 in
3135 1714 3308 1780 ignem
3334 1709 3539 1762 immit~

1945 1803 2031 1859 tas
2062 1796 2164 1865 (sic
2194 1797 2336 1852 enim
2367 1798 2436 1852 ab
2467 1798 2732 1869 Apostolo
2774 1810 3106 1873 praeceptum
3134 1818 3259 1857 esse
3293 1802 3530 1870 dicunt),

244 1905 412 1959 μενος
462 1889 536 1960 μὴ
589 1890 687 1959 τῆς
734 1887 1064 1959 ἐγκρατείας
1097 1887 1402 1960 ἀποπέσῃς.
1438 1888 1580 1959 Πρὸς
1621 1888 1732 1961 γὰρ
1779 1888 1835 1941 τὸ

1944 1887 2073 1942 dum
2108 1898 2303 1946 noctes
2332 1890 2562 1961 diesque
2604 1892 2843 1957 resistis,
2881 1909 2944 1948 ac
2978 1910 3047 1949 ne
3071 1910 3099 1948 a
3120 1895 3374 1951 castitate
3395 1895 3537 1951 exci.

242 1982 494 2052 ἀντέχειν
524 1980 784 2051 γινομένη
815 1979 964 2051 ψυχὴ
1007 1981 1292 2052 μερίζεται
1333 1981 1433 2050 τῆς
1470 1979 1700 2043 ἐλπίδος.
1720 1981 1837 2034 Ἄν-

240 2074 396 2144 ἐχου
422 2073 653 2141 τοίνυν,
688 2074 768 2139 ὠς
792 2070 908 2141 ἤδη
940 2072 1246 2140 προεῖπον,
1278 2070 1389 2140 τῆς
1411 2072 1836 2141 παραινέσεως,

240 2167 323 2229 είς
364 2164 527 2237 μέσον
562 2163 743 2235 φέρων
770 2162 861 2215 τὸν
891 2161 1069 2231 λόγον,
1100 2161 1234 2231 φησὶ
1285 2160 1429 2214 κατὰ
1470 2158 1615 2225 λέξιν
1652 2162 1680 2213 6
1710 2160 1839 2213 Ἰσί-

239 2261 419 2333 δωρος
447 2260 505 2311 ὲν
533 2260 645 2320 τοῖς
683 2255 933 2321 Ἠθικοῖς
964 2296 979 2321 ,
1001 2254 1270 2324 μαχίμης
1304 2252 1607 2324 γυναικὸς,
1635 2251 1837 2321 ἵναμὴ

238 2347 658 2416 ιὶποσπασθῇς
709 2346 821 2415 τῆς
874 2346 1116 2414 χῖὶριτος
1162 2345 1271 2399 τοῦ
1321 2342 1487 2398 Θεοῦ.
1538 2343 1680 2398 Τότε
1719 2343 1837 2410 πῦρ

238 2442 787 2512 ἀποσπερματίσας
815 2437 1258 2505 εὐσυνειδήτως
1287 2436 1840 2506 προσεύχου.”οταν

236 2535 332 2598 δὲ,
382 2534 576 2605 φησὶν,
613 2534 651 2601 ἠ
680 2531 1032 2602 εὐχαριστία
1061 2546 1177 2584 σου
1205 2532 1292 2595 εις
1328 2529 1572 2597 αἴτησιν
1615 2528 1840 2583 ὑποπέ-

236 2642 364 2691 σοι,
393 2626 491 2679 καί
523 2622 679 2692 στῆς
700 2624 767 2677 τὸ
798 2623 1035 2686 λοιπὸν,
1061 2623 1135 2675 οὐ
1160 2620 1543 2689 κατορθώσας
1574 2622 1657 2692 μὴ
1685 2638 1840 2691 σεβα-

235 2716 449 2786 .ίῆναι,
506 2716 802 2786 τὰμησον.
854 2712 986 2768 Εἶτα
1021 2714 1183 2767 πάλιν
1219 2713 1410 2785 φησίν⁸
1472 2713 1648 2768 Ἀλλὰ
1700 2715 1838 2782 νέος

238 2829 335 2878 τις
359 2811 398 2879 ἦ
432 2810 623 2876 πένης
657 2808 848 2872 ἐστὶν,
876 2808 914 2877 ἢ
941 2807 1303 2876 καταφερὴς,
1329 2805 1643 2875 τουτέστιν
1663 2807 1839 2861 ἀσθε-

234 2904 380 2972 νὴς,
411 2903 511 2957 καὶ
555 2905 626 2957 οὐ
675 2902 829 2956 θέλει
869 2901 1052 2972 γῆμαι
1091 2901 1241 2954 κατὰ
1282 2899 1389 2953 τὸν
1425 2900 1632 2969 λόγον,
1660 2895 1837 2966 οὗτος

236 2996 351 3050 τοῦ
370 2994 638 3062 ἀδελφοῦ
657 2993 742 3065 μὴ
774 2993 1128 3063 χωριζέσθω.
1156 2990 1397 3062 Αίσχρὰς
1440 2989 1497 3043 δέ
1532 3008 1680 3051 τινας
1699 2990 1840 3043 ὐπο-

235 3090 389 3153 νοίας
443 3086 622 3158 ἐαυτῷ
683 3084 1185 3157 προσποριζόμενος
1209 3083 1608 3155 δραματουργεί
1662 3084 1691 3135 6
1736 3083 1832 3137 τάο

234 3180 359 3245 λπ.
407 3178 670 3250 Λεγὲτω,
707 3179 841 3248 φησὶ
870 3176 1092 3240 τοίνυν,
1147 3175 1237 3229 ὅτι
1285 3175 1674 3240 Εἱσελήλυθα
1722 3175 1835 3244 ἐγὼ

232 3276 325 3339 είς
369 3272 434 3325 τὰ
463 3270 618 3340 ἅγια,
649 3269 831 3324 οὐδὲν
859 3268 1112 3339 δύναμαι
1164 3266 1388 3322 παθεῖν.
1406 3267 1547 3321 Ἐὰν
1586 3266 1655 3318 δὲ
1687 3267 1835 3323 ὑπό-

230 3379 413 3418 νοιαν
451 3360 586 3431 ἔχῃ,
620 3360 872 3414 εἰπάτω.
952 3358 1215 3428 Ἀδελφέ,
1246 3358 1449 3424 ἐπίθες
1490 3374 1594 3426 μοι
1642 3356 1829 3425 χεῖρα,

229 3459 339 3511 ἵνα
362 3454 449 3525 μὴ
484 3453 825 3525 ἀμαρτήσω,
855 3451 952 3505 καί
981 3452 1242 3520 λήψεται
1266 3451 1578 3517 βοήθειαν,
1616 3450 1713 3505 καὶ
1741 3451 1831 3502 al-

229 3546 501 3617 σθητὴν,
530 3545 629 3599 καὶ
655 3543 902 3613 νοητήν.
941 3540 1263 3610 Θελησάτω
1288 3541 1483 3610 μόνον
1505 3542 1831 3609 ἀπαρτίσαι

230 3638 302 3693 τὸ
336 3637 664 3703 καλὸν,καί
687 3634 1080 3699 ἐπιτεύξεται.
1101 3628 1233 3686 Εἶτα
1263 3632 1423 3686 πάλιν
1458 3631 1652 3702 φησίν·
1700 3631 1830 3683 Ἐν-

231 3731 362 3785 Ιοτε
396 3730 479 3795 τῷ
502 3728 621 3799 μὲν
657 3728 910 3797 στόματι
942 3724 1219 3795 λέγομεν,
1250 3726 1323 3778 οὺ
1355 3723 1611 3792 θέλομεν
1647 3723 1831 3792 ἀμαρ-

228 3822 445 3890 τῆσαι,
470 3823 508 3892 ἡ
546 3822 614 3875 δὲ
649 3820 885 3875 διάνοια
924 3820 1183 3889 ἔγκειται
1224 3820 1314 3883 είς
1348 3816 1415 3869 τὸ
1445 3816 1830 3885 ἁμαρτάνειν.

239 3916 302 3968 '0
338 3912 606 3978 τοιοῦτος
629 3912 727 3966 διὰ
755 3914 943 3981 φόϐον
979 3911 1052 3963 οὺ
1080 3906 1240 3961 ποιεῖ
1260 3906 1291 3960 ὃ
1331 3905 1512 3969 θέλει,
1547 3906 1649 3960 ἵνα
1673 3904 1760 3975 μὴ
1789 3906 1828 3975 ἡ

230 4006 494 4072 κόλασις
538 4003 700 4070 αὐτῷ
736 3999 1087 4073 ἐλλογισθῇο
1118 4000 1157 4067 ἡ
1190 3998 1258 4051 δὲ
1294 3999 1683 4066 ἁνθρωπότης
1702 3998 1828 4065 ἔχει

234 4088 701 4170 ἀναγκαῖ’άτινα
741 4095 845 4151 καὶ
893 4094 1125 4165 φυσικὰ
1166 4090 1506 4162 μόναοέχει
1545 4088 1614 4142 τὸ
1662 4104 1825 4156 περι-

238 4189 569 4245 ϐάλλεσθαι
609 4188 676 4243 τὸ
710 4186 1038 4257 ἀναγκαῖον
1074 4184 1173 4239 καί
1208 4182 1504 4253 φυσικόνο
1557 4181 1826 4249 φυσικὸν

230 4281 308 4337 δὲ
337 4281 402 4336 τὸ
432 4282 552 4336 τῶν
575 4279 961 4350 ἀφροδισίων.

1938 1981 2037 2037 das
2087 1984 2454 2052 pertimescis.
2494 1984 2778 2055 Siquidem
2807 1987 3025 2044 animus
3062 1998 3272 2054 noster,
3302 1989 3432 2043 dum
3475 1988 3528 2041 in

1938 2075 2297 2143 repugnando
2323 2076 2754 2148 obsistendoque
2787 2086 2936 2134 totus
2970 2087 3053 2136 est
3090 2095 3120 2133 a
3161 2094 3260 2151 spe
3285 2095 3383 2135 sua
3418 2080 3531 2135 dis-

1938 2164 2172 2232 sipatus,
2210 2164 2575 2219 abstrahitttr.
2603 2166 2879 2220 Patienter
2928 2167 3091 2237 igitur
3142 2168 3237 2220 tibi
3284 2175 3341 2220 ut
3370 2167 3531 2236 paulo

1939 2264 2060 2309 ante
2100 2255 2425 2310 cohortando
2454 2257 2616 2328 212
2647 2259 2825 2311 monui
2850 2259 2988 2330 (haec
3013 2258 3067 2312 in
3100 2256 3305 2313 Ethicis
3334 2257 3531 2313 lsidori

1938 2347 2102 2401 verba
2126 2349 2276 2418 sunt)
2299 2350 2624 2404 contumacis
2643 2351 2826 2404 uxoris
2849 2366 3017 2404 mores
3047 2350 3341 2403 sustinendi
3363 2361 3486 2405 sunt
3510 2393 3524 2415 ,

1939 2455 2001 2492 ne
2035 2438 2134 2492 Dei
2180 2441 2414 2511 gratiam
2460 2442 2678 2495 amittas
2726 2458 2744 2495 :
2776 2457 2996 2511 cumque
3042 2457 3146 2494 una
3184 2456 3302 2493 cunt
3334 2442 3528 2495 semine

1941 2530 2176 2585 libidinis
2219 2532 2496 2601 flammam
2552 2532 2800 2601 cjeceris,
2848 2543 2958 2586 tum
3010 2542 3059 2587 te
3110 2533 3311 2601 optima
3364 2532 3531 2600 fretus

1938 2623 2259 2676 conscientia
2296 2623 2365 2677 ad
2398 2624 2657 2677 orantlnm
2682 2632 2940 2677 converte.
2971 2622 3074 2676 Sed
3099 2639 3217 2675 cum
3264 2625 3320 2675 in
3352 2632 3535 2692 postu-

1940 2712 2189 2767 lationem
2221 2716 2515 2785 gratiarum
2550 2718 2688 2769 actio
2718 2724 2808 2767 tua
2847 2715 3064 2782 delapsa
3089 2715 3271 2782 fuerit,
3303 2731 3365 2768 ac
3391 2715 3534 2769 dein-

1937 2817 2054 2870 ceps
2082 2812 2228 2857 stare
2260 2806 2494 2868 coeperis,
2519 2821 2680 2874 neque
2708 2804 2761 2859 id
2789 2814 2961 2859 tamen
2986 2803 3300 2872 obtinueris,
3326 2816 3380 2858 ut
3414 2806 3526 2860 labi

1936 2908 2154 2960 prorsus
2204 2911 2268 2948 ac
2319 2897 2551 2950 titubare
2589 2897 2801 2950 desinas
2858 2899 2927 2951 ad
2982 2898 3195 2965 nuptias
3233 2897 3526 2967 confugite.

1937 2985 2119 3056 Pergit
2144 2986 2340 3041 deinde
2368 3006 2380 3042 :
2407 2987 2511 3041 Sed
2536 2987 2745 3057 juvenis
2769 2998 2860 3041 aut
2886 3004 3087 3057 pauper
3108 2999 3184 3042 est
3220 2989 3416 3058 aliquis
3440 2998 3532 3042 aut

1935 3078 2250 3145 proclivior,
2284 3078 2381 3132 hoc
2430 3089 2507 3133 est
2543 3079 2856 3143 imbecillus,
2891 3096 3054 3150 neque
3111 3094 3176 3134 ea:
3233 3080 3527 3149 apOstolico

1942 3178 2204 3238 pra’repto
2242 3171 2433 3225 ducere
2459 3172 2506 3225 ei
2541 3170 2665 3225 libet
2700 3186 2917 3225 uxorem
2939 3213 2953 3238 ,
2990 3172 3075 3225 hic
3107 3189 3138 3225 a
3173 3173 3343 3240 fratre
3373 3174 3530 3226 mini-

1864 3241 1905 3298 (ἶ
1940 3279 2021 3316 me
2065 3263 2325 3318 discedat.
2376 3264 2514 3318 Tum
2555 3264 3020 3320 exsecrandorum
3069 3263 3397 3335 ﬂagitiorum
3438 3280 3527 3320 cx-

1939 3356 2205 3426 cogitatas
2233 3356 2474 3411 rationes
2511 3356 2767 3422 offerens,
2812 3358 2980 3411 miras
3013 3357 3200 3411 infelix
3229 3358 3529 3427 tragmdias

1936 3448 2088 3504 facit.
2120 3448 2299 3513 Dicat,
2333 3451 2550 3519 inquit:
2592 3448 2870 3520 Ingressus
2904 3467 3021 3504 sum
3072 3451 3373 3515 in'sancta,
3404 3451 3523 3519 pati

1938 3541 2072 3593 nihil
2098 3556 2336 3609 possunt.
2388 3542 2543 3608 Quod
2584 3543 2632 3596 si
2669 3542 2922 3611 cogitatio
2953 3558 3074 3597 eum
3106 3542 3289 3609 aliqua
3322 3544 3527 3607 subeat,

1934 3632 2078 3686 dicat
2114 3651 2133 3687 :
2173 3633 2392 3700 Frater,
2426 3638 2633 3705 impone
2672 3636 2802 3688 ini/ii
2831 3651 3068 3700 manum,
3098 3651 3160 3688 ne
3209 3650 3445 3703 peccent;
3479 3645 3527 3689 et

1939 3726 2213 3793 confestim
2240 3735 2555 3795 prtesentem
2606 3741 2725 3779 cum
2776 3726 2830 3778 in
2883 3740 3101 3793 corpore.
3141 3726 3254 3793 ipso
3279 3767 3293 3791 ,
3328 3736 3437 3778 tum
3476 3742 3529 3779 in

1937 3825 2112 3871 mente
2142 3834 2292 3886 opem
2341 3819 2657 3887 experietur.
2703 3817 2837 3872 Velit
2868 3818 3023 3872 modo
3068 3818 3208 3888 quod
3251 3819 3528 3872 honestum

1933 3917 2013 3962 est
2056 3911 2339 3978 per/icere,
2369 3919 2420 3963 et
2467 3911 2573 3964 voti
2616 3925 2827 3978 compos
2855 3911 3094 3964 exsistet.
3136 3909 3267 3964 Post
3304 3909 3419 3963 lucc
3453 3908 3527 3962 ita

1934 3999 2181 4070 loquitur
2219 4019 2234 4055 :
2270 4000 2668 4072 Nonnunquam
2712 4017 2800 4055 ore
2821 4010 2969 4056 tenus
2999 4001 3226 4055 dicimus
3252 4042 3267 4065 ,
3313 4017 3529 4069 peccare

1933 4093 2201 4155 nolumus,
2230 4092 2320 4146 sed
2350 4094 2560 4146 anintus
2592 4094 2647 4146 in
2672 4103 2886 4162 peccata
2914 4093 3221 4161 propendet.
3261 4092 3366 4157 Qui
3384 4092 3528 4160 ejus-

1932 4181 2080 4236 modi
2113 4192 2214 4241 est.
2247 4183 2387 4254 quod
2428 4183 2539 4237 vult
2582 4196 2794 4253 propter
2830 4193 3027 4236 metum
3062 4200 3165 4237 non
3190 4183 3343 4252 facit,
3378 4198 3440 4235 ne
3478 4184 3526 4236 ei

1930 4290 2086 4342 paena
2137 4275 2521 4327 constituatur.
2580 4276 2652 4327 At
2697 4273 2968 4327 hominum
3016 4274 3199 4344 generi,
3225 4274 3526 4326 necessaria

228 4374 482 4444 quwdam
512 4383 637 4428 sunt
667 4389 729 4426 ac
777 4370 1054 4426 naturalia
1091 4367 1378 4423 duntaxat.
1420 4364 1563 4419 Nam
1595 4364 1824 4419 vestibus
1863 4369 1948 4424 uti
1996 4366 2243 4422 naturale
2273 4367 2434 4421 simul
2479 4384 2543 4422 ac
2591 4368 2948 4422 necessarium
2994 4376 3112 4433 est;
3152 4366 3418 4421 naturalis
3446 4382 3523 4421 est

232 4484 457 4525 venerea
495 4467 758 4535 voluptas.

305 4561 732 4629 Ε’.Ἀναγκαίως
750 4559 807 4613 δὲ
818 4556 1022 4620 ταύτας
1041 4556 1152 4627 (89)
1169 4553 1488 4627 παρεθέμην
1505 4551 1607 4617 τὰς
1620 4551 1825 4622 φωνὰς,

2004 4547 2071 4602 ν.
2115 4544 2244 4602 Haec
2292 4547 2510 4603 illorum
2570 4548 2626 4602 in
2683 4547 2927 4604 medium
2966 4547 3163 4604 atl‘erre
3192 4551 3358 4607 verba
3399 4568 3520 4609 sum

230 4655 261 4708 ὁ
284 4653 429 4709 κατὰ
459 4651 666 4706 τούτων
696 4650 912 4723 γράψας
955 4651 1198 4719 ἔλεγχον,
1237 4646 1311 4718 μὴ
1345 4646 1607 4717 βιούντων
1652 4642 1830 4715 ὀρθῶς

1939 4648 2184 4706 coactus,
2222 4648 2283 4695 ut
2309 4656 2425 4713 ,eos
2456 4640 2840 4713 redarguerem
2871 4632 3171 4697 Sceleratos
3198 4641 3446 4699 homines
3469 4653 3523 4699 et

232 4745 335 4799 καὶ
377 4740 818 4805 Βασιλειδιανῶν,
868 4740 965 4794 καὶ
1007 4735 1540 4810 Καρποκρατιανῶν,
1580 4733 1675 4788 καὶ
1722 4731 1829 4785 τῶν

1939 4733 2155 4804 impios,
2181 4733 2572 4800 Basilidianos,
2595 4735 2846 4804 inquam,
2876 4740 2929 4786 et
2949 4732 3431 4802 Carpocratianos,
3457 4750 3521 4789 ar:

233 4832 350 4888 ἀπὺ
378 4831 755 4894 Οὐαλεντίνου,
792 4830 885 4884 καὶ
912 4828 1022 4882 τῶν
1046 4827 1379 4897 Ἐπιφὰνους
1407 4824 1764 4895 καλουμένου,
1784 4816 1829 4891 ᾧ

1939 4825 2208 4881 Valentini
2235 4826 2645 4897 Epiphanisque
2673 4824 2997 4895 discipulos,
3025 4824 3093 4878 ad
3123 4840 3287 4893 quem
3319 4823 3522 4880 Secun-

232 4926 300 4994 δὴ
338 4923 584 4995 συνήφθη
608 4920 899 4984 Σεκοῦνδος
929 4921 957 4972 6
988 4916 1443 4990 προτεταγμένος.
1464 4914 1554 4980 Ἐξ
1579 4913 1824 4985 ἀλλήλων

1939 4917 2035 4974 dus
2068 4918 2276 4988 priusa
2322 4917 2483 4972 nobis
2522 4922 2985 4972 commemoratns
3043 4915 3382 4985 adjungitur.
3426 4915 3520 4968 Et-

231 5018 348 5088 γὰρ
374 5016 603 5080 ἕκαστος
630 5016 750 5086 ἦτοι
790 5008 945 5076 οὗτος
977 5010 1171 5081 ἐκείνῳ
1207 5008 1490 5080 μεταδοὺς,
1532 5007 1566 5077 ἢ
1618 5008 1825 5067 ἐκεῖνος

1939 5008 2077 5065 enim
2115 5006 2254 5060 illia
2292 5021 2352 5061 se
2390 5007 2623 5062 invicem
2668 5005 2949 5077 prepagati
2990 5020 3003 5057 :
3042 5005 3158 5061 sive
3188 5007 3293 5062 iste
3333 5006 3515 5066 alteri,

229 5109 412 5180 τούτῳ
431 5107 501 5160 τὰ
526 5107 677 5160 δεινὰ
701 5105 1213 5175 ἀπεμπολήσαντες,
1249 5101 1344 5154 καὶ
1371 5101 1450 5163 εἷς
1477 5116 1532 5153 τι
1563 5097 1701 5170 πρὸς
1730 5097 1824 5152 ἁλ-

1939 5100 2048 5154 sive
2086 5098 2227 5152 alter
2276 5098 2368 5152 isti
2398 5098 2547 5155 velut
2595 5099 2770 5152 malas
2806 5111 3055 5161 merces,
3088 5097 3163 5150 ita
3198 5095 3516 5166 pestiferam

228 5199 432 5271 λήλους
475 5197 877 5268 διαφερόμενοι,
922 5194 1073 5266 ὅμως
1110 5195 1167 5246 ἐν
1204 5193 1303 5262 μιᾷ
1339 5190 1552 5263 αἱρέσει
1595 5189 1825 5251 ἐαυτοτις

1939 5188 2242 5243 doctrinam
2278 5189 2828 5243 communicaverint.
2870 5188 2949 5243 Ac
2992 5188 3119 5242 licet
3154 5187 3334 5257 aliqua
3368 5186 3423 5241 in
3456 5201 3518 5241 re

230 5292 529 5350 κατέθεντο
548 5307 563 5322 ·
588 5289 733 5343 ὥστε
762 5288 857 5343 καὶ
880 5288 1026 5359 ἔχειν
1052 5284 1300 5352 ἐξουσίαν
1327 5282 1713 5353 ἐδογμάτισαν,
1731 5279 1826 5333 καὶ

1939 5277 2265 5347 dissideant,
2310 5279 2365 5334 in
2415 5278 2604 5335 eadem
2638 5286 2823 5335 tamen
2854 5279 3066 5333 haasere
3109 5285 3293 5343 secta;
3338 5286 3397 5332 ut
3428 5278 3513 5334 vel

305 5451 324 5480 ¹
360 5446 438 5501 Ex
492 5444 663 5501 Clem.
718 5444 957 5498 Alex.tu
990 5441 1192 5499 Strom.
1254 5439 1327 5493 ita
1384 5435 1698 5509 legendum,
1749 5433 1835 5488 τὸν

1939 5434 2033 5489 τιλ.
2074 5434 2264 5492 τοῦτον
2309 5435 2703 5507 λαμϐάνουσιν,
2770 5435 2872 5508 τὴν
2922 5436 3050 5507 περὶ
3099 5435 3190 5489 τὸν
3240 5437 3517 5509 πορισμὸν

226 5519 345 5575 τῶν
371 5519 519 5571 ἐπιτ.
598 5518 619 5547 ³
652 5515 842 5570 Matth.
871 5529 987 5580 xix,
1018 5512 1110 5569 12.
1187 5509 1209 5542 ³
1237 5509 1258 5564 1
1288 5508 1418 5565 Cor.
1443 5506 1543 5573 ru,
1573 5506 1627 5561 9.

1925 5661 2145 5733 ἔλεγχον
2167 5660 2276 5714 τῶν
2308 5659 2382 5731 μὴ
2419 5659 2678 5731 βιούντων
2706 5659 2881 5733 ὀρθῶς
2914 5657 3357 5733 Βασιλεινιανῶν,
3400 5666 3507 5712 etc.

1925 5730 2113 5803 Neque
2159 5730 2347 5803 tamen
2387 5730 2601 5803 mutare
2631 5732 2931 5800 quidquam
2976 5731 3029 5784 in
3078 5730 3383 5803 Epiphanio
3413 5743 3513 5780 no-

1928 5798 2043 5859 stro
2072 5803 2238 5856 volui.
2294 5801 2434 5855 Fieri
2471 5798 2673 5870 quippe
2705 5798 2908 5871 potest,
2952 5808 3008 5855 ut
3061 5798 3266 5870 aliquid
3300 5799 3366 5854 de
3404 5812 3513 5851 suo

1925 5875 2108 5932 Sciens
2133 5887 2197 5928 ae.
2226 5872 2419 5929 volens
2449 5872 2764 5928 inseruerit.

306 5676 418 5749 (89)
470 5674 825 5749 Ἀναγκαίως
851 5670 923 5749 δέ
960 5670 1197 5736 ταύτας.
1224 5666 1609 5749 Ἀριιᾲλοιςηι.
1658 5663 1816 5749 Alex.

230 5737 349 5802 huic
398 5737 522 5811 cum
579 5737 1019 5813 praecedentibus
1074 5737 1332 5813 copulata
1386 5737 1460 5813 ita
1517 5737 1815 5813 leguntur:

227 5816 468 5870 φυσικὸν
491 5803 666 5867 ’δὲ’τὸ
705 5813 823 5883 τῶν
861 5803 1212 5883 ἀφροδισίων,
1253 5809 1354 5862 οὐκ
1394 5803 1697 5883 αναγκαῖον
1733 5803 1814 5883 δέ.

228 5887 374 5943 Tum
419 5885 641 5949 subiicit
671 5901 684 5938 :
718 5876 955 5944 Ταύτας
984 5880 1304 5955 παρεθέμην
1350 5879 1449 5941 τὰς
1497 5876 1679 5945 φωνὰς
1738 5876 1817 5937 εἰς
