3982 6438
485 385 581 440 551

1861 368 1918 425 S.
1963 367 2308 428 EPlPllANll

3668 372 3782 429 552

485 506 712 564 peccare
760 487 864 547 sibi
905 494 1128 560 propter
1172 486 1297 541 vita:
1332 484 1728 556 perfectionem
1772 484 1939 540 licere
1980 487 2067 541 di-

2200 490 2235 541 ’δ
2264 486 2599 561 ἁμαρτάνειν
2625 486 2712 540 διὰ
2742 485 2837 553 τὴν
2873 478 3259 557 τελειότητα,ᾖ
3287 483 3503 538 πάντων
3532 500 3595 550 γε
3614 484 3629 515 ί
3669 501 3785 537 σω-

484 593 675 639 cercnt
707 600 808 639 :ex
839 599 947 654 qua
984 582 1059 646 ﬁt,
1096 590 1175 645 ut,
1207 581 1561 650 quantumvis
1609 579 1773 634 modo
1822 579 2072 651 delique-

484 676 620 740 rint,
644 684 825 729 tamen
857 672 1004 743 quod
1038 673 1358 727 naturaliter
1387 670 1454 724 ad
1489 669 1935 747 consequendam
1971 684 2074 725 sa-

487 767 656 820 lutem
708 763 902 819 delecti
957 764 1105 826 sint,
1153 762 1319 815 insita
1359 760 1596 831 quadam
1638 760 1790 830 ipsos
1818 766 2076 831 oporteat

486 858 822 912 necessitate
872 855 1104 910 servari.
1139 852 1328 924 Neque
1371 868 1504 906 vero
1550 850 1713 922 primi
1754 852 2074 921 dogmatum

483 948 773 1003 architecti
822 947 1139 1002 eorumdem
1184 946 1680 1016 perpetrandorum
1727 944 1863 1015 ipsis
1917 951 2074 1015 pote-

483 1046 679 1095 statem
704 1038 929 1092 faciunt.

558 1128 665 1183 Sed
696 1137 755 1181 ut
786 1128 852 1181 ad
877 1128 1003 1183 illos
1029 1134 1296 1192 revertar,
1319 1127 1449 1181 dum
1481 1141 1542 1182 se
1569 1126 1635 1181 ad
1660 1126 1714 1181 id
1733 1126 1881 1196 quod
1904 1125 2080 1181 subli-

489 1224 632 1277 mius
658 1230 822 1291 atque
852 1220 909 1275 in
947 1220 1278 1289 Cognitione
1308 1220 1401 1274 illa
1434 1234 1533 1274 sua
1580 1219 1934 1289 praestantius
1972 1227 2076 1284 est,

489 1317 674 1371 acrius
705 1314 1142 1379 contenderunt,
1197 1311 1431 1381 primam
1478 1311 1735 1365 videlicet
1761 1309 2074 1375 Tetradem,

489 1409 563 1463 ita
617 1407 901 1477 diSputant
931 1424 944 1459 :
980 1404 1115 1458 Ante
1143 1404 1323 1457 omnia
1353 1403 1585 1468 primunt
1617 1412 1726 1464 est,
1780 1403 2076 1472 inquiunt,

492 1495 826 1565 Principium
901 1493 1205 1566 quoddam,
1277 1494 1610 1561 primumque
1672 1494 2078 1564 intelligentiam

493 1602 696 1641 omnem
728 1601 1005 1655 superans,
1037 1583 1177 1653 quod
1220 1600 1311 1637 nec
1339 1583 1598 1653 explicari
1629 1583 1817 1647 verbis,
1854 1599 1945 1637 nec
1983 1598 2080 1652 ap-

492 1679 780 1748 pellatione
811 1677 1078 1730 declarari
1111 1685 1302 1745 potest,
1342 1692 1503 1745 quant
1547 1691 1639 1745 ego
1680 1676 1939 1728 unitatem
1981 1690 2080 1728 nu-

494 1784 657 1822 mero.
712 1766 843 1822 Cum
896 1766 988 1820 hac
1032 1764 1212 1818 Virtus
1265 1763 1508 1834 qua‘dam
1542 1765 1784 1831 exstitit,
1828 1780 1987 1835 quant
2029 1772 2079 1817 et

2184 579 2501 650 θησομένων
2544 579 2788 649 φυσικῶν
2811 580 2853 640 ³,
2880 575 2981 630 κᾶν
3022 593 3084 628 τε
3114 575 3211 628 νῦν
3241 575 3529 647 ἁμάρτωσι
3559 575 3648 629 διὰ
3674 576 3787 648 τὴν

2183 674 2427 744 ἔμφυτον
2467 672 2719 742 ἐκλογήν.
2746 669 2900 723 Ἐπεὶ
2933 668 3066 740 μηδὲ
3098 667 3168 721 τὰ
3195 667 3338 720 αὐτὰ
3374 668 3553 732 αὐτοῖς
3598 668 3791 738 πράτ-

2183 779 2296 814 τειν
2337 762 2709 834 συγχωροῦσιν
2734 763 2783 815 ol
2810 760 3159 831 προπάτορες
3192 757 3302 812 τῶν
3327 759 3614 830 δογμάτων
3649 757 3787 810 τού-

2183 870 2314 908 των.

2256 1122 2394 1174 Φασὶ⁸
2426 1121 2483 1174 δὲ
2517 1122 2610 1174 καὶ
2635 1112 2781 1175 οὗτοι
2814 1120 2946 1191 (90),
2976 1120 3053 1186 ὡς
3080 1122 3172 1174 ἐπὶ
3213 1121 3274 1175 τὸ
3316 1121 3645 1194 ὑῂλότερον
3686 1123 3798 1176 καὶ

2185 1215 2634 1286 γνωπικιῦτερον
2659 1215 3099 1286 ὲπεκτεινόμενοι
3119 1214 3219 1286 τὴν
3249 1215 3469 1287 πρώτην
3498 1216 3794 1287 Τετράδα,

2185 1309 2386 1372 οὕτως’
2423 1309 2591 1362 Ἐστι
2634 1324 2721 1373 τις
2749 1307 2860 1375 πρὸ
2887 1306 3129 1361 πάντων
3160 1307 3456 1376 προαρχὴ.
3476 1322 3795 1376 προανεγ-

2185 1402 2423 1467 νόητος,
2473 1398 2731 1466 ἇῤῥητός
2781 1415 2847 1451 τε
2895 1397 2996 1451 καὶ
3039 1398 3474 1467 ἁνονόμαστος,
3530 1397 3611 1465 ἦν
3662 1400 3799 1469 ἐγὼ

2181 1492 2488 1561 μονότητα
2518 1488 2762 1558 ἀριθμῶ.
2800 1490 2989 1558 mem
3025 1487 3101 1557 τῇ
3137 1491 3423 1559 μονότητι
3457 1490 3797 1560 συνυπάρ-

2187 1598 2277 1650 χει
2311 1580 2588 1649 δύναμις,
2624 1578 2704 1646 ἣν
2730 1579 2831 1634 καὶ
2858 1579 3053 1648 αὐτὴν
3082 1580 3342 1649 ὀνομάζω
3370 1580 3642 1648 ἑνότητα.
3672 1582 3800 1635 Αὔ-

2187 1691 2257 1742 τη
2292 1675 2329 1742 ὴ
2358 1673 2594 1745 ὲνρτης,
2634 1672 2670 1739 ἢ
2705 1690 2770 1726 τε
2791 1673 3059 1742 μονότης
3081 1673 3146 1726 τὸ
3173 1672 3243 1726 ἐν
3266 1669 3448 1728 οὖσαι
3469 1674 3800 1742 προήκω·-

2188 1782 2275 1829 το,
2326 1764 2413 1834 μὴ
2465 1763 2784 1833 προέμεναι
2829 1764 3029 1834 ἀρχὴν
3092 1765 3189 1819 ἐπὶ
3260 1765 3500 1819 πάντων
3546 1752 3800 1834 νοητὴν

490 1861 924 1932 singularitatem
967 1859 1128 1929 213
1147 1876 1291 1913 voco.
1325 1858 1510 1914 Amba:
1558 1873 1718 1927 porro
1761 1873 1881 1910 cum
1912 1873 2081 1911 unum

2200 1856 2522 1926 ὶγέννητόν
2572 1872 2637 1909 τε
2682 1855 2779 1908 καὶ
2815 1856 3095 1923 ἀόρατον,
3128 1854 3207 1922 ἦν
3248 1856 3461 1924 Ἀρχὴν
3500 1859 3532 1910 ό
3591 1857 3801 1925 λόγος

494 1966 651 2023 atque
670 1955 810 2007 idem
830 1955 956 2019 sint,
982 1949 1315 2019 Principium
1336 1949 1603 2019 quoddam
1623 1948 1859 2003 onmium
1876 1964 2077 2012 rerum,

492 2047 630 2116 quod
660 2044 1007 2114 intelligentia
1036 2043 1155 2097 sola
1179 2044 1484 2112 percipitur,
1525 2058 1687 2113 neque
1716 2043 1946 2113 genitum
1980 2051 2079 2105 est,

492 2147 584 2190 aut
608 2136 948 2205 aspectabile,
972 2135 1109 2188 citra
1133 2132 1532 2203 productionem
1566 2131 1736 2184 ullam
1765 2130 2042 2184 ediderunt
2065 2146 2083 2184 :

493 2224 633 2297 quod
683 2224 1014 2292 Principium
1061 2223 1117 2276 in
1165 2223 1337 2275 sacris
1377 2220 1595 2274 Litteris
1632 2218 1822 2273 Unitas
1866 2220 2083 2273 dicitur.

493 2318 626 2372 Cum
655 2316 752 2370 hac
792 2316 996 2369 unitate
1025 2314 1263 2383 ejusdem
1308 2313 1626 2367 substantia:
1658 2310 1769 2364 alia
1796 2312 1962 2365 virtus
1988 2326 2085 2363 ea:-

2188 1947 2435 2003 Μενάδα
2465 1946 2656 2002 καλεῖ.
2688 1946 2878 2012 Ταύτῃ
2896 1944 2973 2013 τῇ
2994 1945 3213 2015 μονάδι
3248 1944 3625 2015 συνυπάρχει
3682 1946 3797 2001 δύο

2188 2058 2370 2111 ναμις
2399 2042 2723 2111 ὀμοούσιος
2750 2040 2929 2108 αὐτῇ,
2959 2039 3039 2107 ἣν
3061 2039 3160 2094 καὶ
3193 2040 3389 2107 αὐτὴν
3419 2039 3691 2109 ὀνομάζω
3724 2041 3798 2095 τὸ

2190 2133 2279 2188 ἓν.
2309 2129 2496 2189 Αὗται
2519 2136 2578 2187 αἱ
2600 2132 2906 2201 δυνάμεις,
2933 2131 2970 2199 ’ἦ
3010 2149 3074 2185 τε
3108 2133 3373 2200 μονότης
3408 2131 3505 2186 καὶ
3539 2133 3795 2201 ἑνότης,

2189 2222 2384 2294 μονάς
2414 2240 2477 2276 τε
2503 2222 2601 2276 καὶ
2638 2222 2703 2275 τὸ
2727 2221 2796 2275 ἐν
2819 2219 3164 2291 προήκαντο
3205 2220 3311 2288 τὰς
3332 2221 3550 2288 λοιπὰς
3575 2224 3800 2290 προϐο-

2191 2314 2309 2380 λὰς
2346 2312 2464 2366 τῶν
2496 2312 2757 2368 Αιώνων.

494 2409 668 2474 stitit,
712 2423 870 2479 quant
902 2417 950 2461 et
988 2408 1161 2476 ipsam
1209 2422 1372 2459 unum
1421 2404 1651 2476 appello.
1691 2406 1823 2471 Quae
1870 2404 2079 2474 quidem
2119 2405 2361 2473 virtutes,
2417 2407 2620 2472 unitas,
2649 2407 2899 2477 inquam,
2944 2417 2995 2460 et
3050 2404 3435 2477 singularitas,
3469 2422 3683 2472 manas,
3742 2404 3797 2459 et

494 2515 658 2552 unum
700 2512 717 2551 :
742 2498 976 2568 reliquas
1009 2493 1247 2548 Eanum
1277 2495 1504 2565 origines
1531 2502 1915 2564 propagarunt.

567 2594 653 2649 Vl.
672 2595 872 2650 Verum
898 2605 1064 2663 quam
1093 2590 1207 2645 haec
1229 2590 1501 2651 avet-itate
1518 2590 1853 2645 abhorreant
1877 2590 2089 2659 omnia,

497 2688 698 2758 egregii
724 2686 945 2757 quidam
979 2685 1277 2754 scriptores
1301 2682 1466 2738 editis
1517 2683 1785 2739 adversus
1821 2699 1917 2740 eos
1937 2699 2089 2739 com-

498 2773 783 2828 mentariis
837 2773 1309 2835 demonstrarunt,
1345 2773 1621 2844 praecipue
1646 2789 1797 2833 ,vero
1834 2773 2091 2830 Clemens

499 2863 921 2927 Alexandrinus,
954 2878 1116 2932 quem
1168 2861 1558 2918 Atheniensem
1612 2863 1704 2918 alii
1759 2864 1992 2930 faciunt,
2026 2879 2091 2920 ac

498 2965 728 3010 sanctus
786 2956 1055 3017 lrenmus:
1088 2955 1180 3025 qui
1228 2963 1518 3025 postquam
1562 2956 1685 3012 illos
1720 2956 1931 3023 derisit,
1985 2967 2093 3012 tra-

498 3048 673 3117 gicam
715 3047 860 3101 illam
896 3047 1352 3101 exclamationem
1382 3047 1606 3113 subiicit
1640 3066 1653 3101 :

569 3140 719 3196 lleul
754 3140 891 3195 heu!
928 3139 1106 3195 Proh!
1142 3141 1305 3211 proh!
1336 3142 1533 3197 merito
1565 3142 1836 3213 siquidem
1862 3142 1995 3198 illud
2024 3143 2093 3199 de

2269 2590 2359 2656 ς’.
2393 2584 2527 2642 Εἶτα
2570 2589 2619 2642 ol
2652 2587 2834 2653 καλῶς
2874 2588 3343 2661 συγγραψάμενοι,
3388 2590 3483 2645 καὶ
3524 2584 3797 2663 ἀλήθειαν

2195 2679 2398 2734 τούτων
2426 2681 2484 2734 ἐν
2511 2682 2624 2743 τοῖς
2654 2680 2804 2750 σφῶν
2848 2680 3030 2734 αὐτῶν
3068 2682 3494 2753 συγγράμμασιν
3526 2681 3793 2753 ἤλεγξαν,

2195 2772 2431 2843 Κλήμης
2457 2789 2538 2836 τε,
2579 2773 2638 2825 ὃν
2686 2772 2819 2840 φασί
2862 2790 3009 2837 τινες
3050 2773 3406 2845 Ἀλεξανδρέα
3431 2775 3568 2843 (9|),
3609 2777 3797 2848 ἕτεροι

2191 2864 2245 2918 δὲ
2282 2860 2568 2935 Ἀθηναῖον
2591 2880 2604 2893 ·
2629 2864 2765 2918 ἀλλὰ
2800 2866 2893 2918 καὶ
2919 2868 2947 2918 ὁ
2979 2865 3123 2937 ἱερὸς
3150 2866 3437 2937 Εἰρηναῖος
3465 2869 3796 2936 καταγελῶν

2194 2955 2375 3010 αὐτῶν
2406 2955 2467 3008 τὸ
2503 2957 2769 3027 τραγικὸν
2805 2958 3002 3023 έκεῖνο,
3036 2957 3063 3011 ὃ
3095 2958 3188 3011 ἐπὶ
3222 2960 3334 3022 τοῖς
3366 2960 3795 3031 προειρημένοις

2194 3050 2274 3112 εἰς
2308 3048 2473 3118 μέσον
2508 3048 2689 3118 φέρων
2721 3043 2856 3121 ἦκεν
2880 3065 2894 3078 ο

2280 3142 2405 3206 Ἰοὺ,
2441 3140 2522 3194 ἰού
2542 3158 2554 3171 ·
2588 3141 2684 3195 καὶ
2708 3142 2831 3210 φεῦ,
2877 3143 2979 3212 φεῦ
3005 3142 3117 3215 (92)
3139 3159 3153 3172 ’
3185 3144 3246 3197 τὸ
3276 3142 3537 3216 τραγικὸν
3558 3144 3695 3214 γὰρ,
3717 3145 3793 3207 ὡς

498 3250 659 3289 scena
701 3234 1085 3304 depromptum
1137 3234 1203 3288 ad
1235 3249 1355 3290 eam
1391 3235 1680 3291 transferri
1715 3236 2086 3292 calamitatem

2200 3235 2405 3307 Ξιληοῶς
2436 3236 2684 3288 ἐπειπεῖν
2712 3233 2880 3297 ἔστιν,
2925 3236 3019 3287 ἐπὶ
3045 3238 3111 3307 τῇ
3141 3236 3365 3309 τοιαύτῃ
3400 3239 3657 3307 συμφορᾷ
3680 3236 3795 3292 τῶν

498 3333 697 3396 potest,
726 3340 889 3396 quam
924 3328 1261 3396 portentosis
1305 3327 1557 3390 vocibus,
1593 3340 1659 3382 ac
1692 3335 1802 3381 tam
1826 3327 2094 3383 eﬂ‘renata

499 3418 728 3473 audacia
752 3432 1022 3488 nugarum
1044 3418 1118 3473 illi
1149 3419 1450 3489 scriptores
1484 3419 1781 3486 invehunt;
1813 3420 1907 3491 qui
1941 3434 2095 3475 men-

500 3510 674 3565 daciis
711 3511 826 3564 suis
858 3509 983 3563 ficta
1011 3512 1259 3580 quaedam
1302 3511 1525 3565 nomina
1552 3509 1899 3579 impudenter
1926 3509 2095 3564 aliin-

501 3603 652 3666 gunt.
689 3595 825 3650 Nam
886 3612 1013 3652 cum
1078 3599 1154 3655 ita
1203 3600 1437 3654 scribit:
1472 3599 1609 3652 Ante
1652 3601 1831 3653 omnia
1862 3602 2094 3669 primum

502 3687 767 3756 quoddam
794 3700 872 3742 est
906 3690 1249 3759 principium,
1283 3708 1344 3744 ac
1375 3692 1630 3760 primum,
1680 3691 2094 3760 intelligentiam

503 3797 708 3834 omnent
756 3796 1035 3851 superans,
1078 3781 1225 3859 quod
1277 3800 1371 3854 ego
1416 3784 1697 3839 monadem
1754 3784 2101 3855 appello;ac’

505 3888 731 3928 rursum
770 3892 783 3928 :
821 3874 956 3927 Cum
1003 3875 1102 3929 hac
1137 3877 1362 3932 ntonade
1388 3878 1554 3932 virtus
1580 3877 1809 3946 exsistit,
1854 3893 2013 3949 quam
2042 3887 2093 3933 et

507 3966 681 4032 ipsam
712 3968 1145 4037 singularitatem
1191 3984 1356 4035 voco;
1384 3970 1677 4026 manifeste
1716 3969 1938 4039 fatetur,
1971 3962 2095 4027 esse

506 4057 623 4113 haec
669 4073 791 4129 quae
829 4060 1107 4130 proposita
1159 4069 1288 4115 sunt
1330 4061 1557 4116 omnino
1612 4060 1880 4127 conﬁcta,
1927 4077 2098 4133 seque

508 4151 705 4205 fabulae
740 4151 865 4207 huic
913 4151 1241 4221 imposuisse
1296 4154 1539 4220 nomina,
1580 4169 1704 4224 qua;
1748 4155 1819 4210 ab
1879 4155 2100 4211 nemine

506 4243 773 4300 hactenus
832 4255 1096 4316 usurpata
1168 4246 1410 4302 fuerant.
1454 4246 1817 4319 (Proindeque
1893 4248 2111 4303 nemim

507 4336 732 4391 dubium
763 4349 868 4402 εει,
900 4339 1034 4409 quin
1054 4338 1167 4393 haec
1202 4340 1293 4395 ille
1308 4341 1546 4410 primum
1575 4339 1854 4403 indiderit,
1893 4355 1959 4396 ac
1989 4338 2099 4395 nisi

510 4428 630 4498 ipse
682 4429 740 4482 in
797 4430 903 4483 vita
960 4431 1260 4487 exstitisset
1286 4431 1601 4501 aliquando,
1645 4433 1852 4488 veritas
1910 4434 2100 4503 utique

579 4580 596 4610 ¹
632 4578 805 4636 Clem.
841 4578 874 4650 ἢ
903 4580 1145 4643 πάντως.
1215 4581 1426 4642 'Clem.
1462 4583 1645 4652 φύσει.

2194 3329 2262 3380 τὰ
2278 3324 2541 3397 γελοιώδη
2556 3325 2730 3379 ταῦτα
2751 3328 3106 3398 γεγραφότων
3129 3327 3232 3396 τῆς
3255 3328 3515 3399 τοιαύτης
3534 3328 3794 3398 ὀνοματο-

2194 3417 2377 3481 ποιίας
2404 3417 2500 3471 καὶ
2538 3418 2606 3486 τῇ
2636 3415 2877 3488 τοσαύτῃ
2924 3417 3122 3489 τόλμῃ,
3150 3417 3226 3482 ὡς
3271 3418 3685 3490 ἀπερυθριάσας
3714 3420 3789 3490 τῷ

2192 3513 2471 3584 ψεύσματι
2504 3510 2692 3576 αὐτοῦ,
2720 3511 2893 3583 ὄνομα
2922 3512 3189 3566 τέθεικεν.
3232 3513 3321 3567 Ἐν
3352 3514 3461 3585 γὰρ
3484 3513 3562 3583 τῷ
3586 3513 3785 3583 λέγειν,

2200 3603 2377 3658 Ἔστι
2404 3621 2494 3671 τις
2527 3603 2800 3673 προαρχὴ
2835 3602 2949 3671 πρὸ
2993 3602 3236 3658 πάντων
3277 3606 3784 3673 rapam-mentae,

2196 3694 2277 3763 ἣν
2311 3693 2428 3764 ἐγὼ
2460 3692 2695 3764 μονάδα
2732 3693 2927 3758 καλῶ,
2959 3695 3055 3748 καὶ
3100 3695 3295 3749 πάλινο
3342 3698 3532 3764 Ταύτῃ
3564 3696 3640 3766 τῇ
3678 3713 3786 3767 μο-

2196 3787 2334 3842 νάδι
2364 3786 2744 3855 συνυπάρχει
2774 3788 3049 3857 δύναμις,
3079 3786 3160 3857 ἣν
3186 3787 3287 3842 καὶ
3313 3788 3507 3857 αὐτὴν
3537 3790 3786 3858 ἑνότητα

2199 3879 2491 3950 ὀνομάζωο
2525 3880 2860 3950 σαφέστατα,
2886 3880 2969 3932 ὅτι
3008 3896 3069 3932 τε
3112 3877 3341 3949 πλάσμα
3368 3878 3535 3933 αὐτοῦ
3570 3881 3687 3932 ἐστι
3725 3879 3788 3933 τὰ

2199 3973 2487 4044 εἰρημένα,
2512 3971 2858 4044 ὡμολόγηκε,
2886 3972 2982 4025 καὶ
3009 3971 3092 4024 ὅτι
3121 3971 3284 4036 αὐτὸς
3312 3970 3553 4040 ὀνόματα
3580 3970 3786 4025 τέθεικε

2198 4065 2276 4137 τῷ
2300 4065 2580 4134 πλάσματι
2602 4065 2708 4119 ὑπὸ
2732 4064 2960 4137 μηδενὸς
2994 4064 3262 4136 πρότερον
3286 4064 3447 4117 ἄλλου
3475 4063 3784 4134 τεθειμένα.

2200 4158 2311 4210 Καὶ
2346 4157 2517 4226 σαφές
2542 4158 2710 4220 ἐστιν,
2742 4157 2823 4210 ὅτι
2847 4156 3008 4219 αὐτὸς
3028 4153 3201 4208 ταῦτα
3228 4155 3562 4227 τετόλμηκεν
3594 4157 3782 4228 ὄνομα·

2199 4249 2487 4319 somniis-at
2506 4266 2519 4279 °
2550 4249 2645 4302 καὶ
2673 4251 2722 4302 εἰ
2749 4246 2823 4319 μὴ
2863 4246 3046 4319 παρῆν
3072 4246 3151 4317 τῷ
3192 4246 3292 4318 βίῳ
3319 4246 3500 4312 αὐτὸς,
3541 4249 3646 4301 οὐκ
3670 4249 3785 4322 rivi;

2199 4339 2428 4411 ἀλήθεια
2473 4334 2619 4410 εἶχεν
2666 4339 2858 4410 ὄνομα.
2910 4338 3077 4391 Οὐδὲν
3114 4334 3208 4391 οὖν
3257 4336 3455 4391 κωλύει
3498 4338 3595 4391 καὶ
3635 4338 3788 4392 ἄλλον

2201 4434 2323 4487 τινὰ
2357 4435 2450 4486 ἐπὶ
2475 4432 2574 4501 τῆς
2610 4430 2781 4500 αὐτῆς
2823 4427 3133 4493 ὑποθέσεως
3160 4427 3333 4492 οὕτως
3363 4428 3654 4501 ὁρίσασθαι
3677 4429 3790 4482 696-

584 4734 695 4805 (90)
735 4736 888 4809 Φασὶ
925 4736 994 4789 δὲ
1025 4738 1128 4791 καὶ
1151 4732 1338 4809 οὗτοι.
1375 4736 1607 4793 Tertull.
1640 4738 1735 4791 lib.
1768 4749 1953 4809 contra
1993 4739 2089 4794 Va-

2206 4748 2320 4795 tum
2369 4740 2533 4794 etiam
2573 4739 2964 4796 Atheniensem
3010 4755 3042 4795 a
3092 4739 3395 4809 majoribus
3443 4742 3785 4795 nominatum

512 4807 637 4862 lent.
672 4821 722 4861 c.
763 4807 831 4861 '57
862 4824 873 4858 :
899 4808 1088 4876 Accipe
1148 4808 1259 4863 alia
1311 4810 1520 4877 ingenia
1562 4810 1769 4877 _cicuria
1821 4808 2094 4873 Enniana,

511 4878 821 4950 insigttioris
854 4880 993 4945 apud
1024 4895 1110 4932 eos
1136 4881 1379 4949 magistri
1396 4895 1416 4944 ,'
1447 4881 1536 4950 qui
1567 4895 1631 4933 ea:
1671 4881 1965 4950 pontificali
1999 4898 2101 4937 sua

513 4949 829 5002 auctoritate
854 4950 909 5002 in
935 4950 1072 5002 hunc
1106 4951 1319 5003 modum
1348 4949 1571 5016 censuit,
1599 4958 1706 5005 etc.

581 5020 699 5089 (9i)
739 5018 987 5088 Κλήμης
1020 5036 1114 5083 τε,
1164 5020 1238 5073 ὅν
1287 5021 1440 5090 φασί
1479 5039 1633 5087 τινες
1688 5018 2077 5088 Ἀλεξανδρέα

511 5089 615 5158 Qui
668 5090 1003 5145 Clementem
1057 5093 1230 5159 patria
1273 5089 1665 5146 Atheniensem
1710 5106 1835 5145 esse
1890 5092 2099 5145 diceret

514 5171 712 5232 praeter
778 5161 1144 5229 Epaphanium
1193 5176 1262 5232 ex
1310 5163 1587 5217 veteribus
1635 5162 1744 5232 vidi
1796 5162 2096 5215 neminem.

515 5230 837 5300 Quanquam
881 5247 949 5285 ne
990 5232 1036 5285 is
1075 5230 1295 5302 quidem
1345 5232 1608 5302 allirmat;
1651 5231 1748 5287 sed
1788 5236 2099 5286 contrarias

516 5304 782 5354 duntaxat
825 5301 1115 5371 Opiniones
1163 5301 1357 5356 affert:
1386 5301 1585 5354 Mirum
1639 5303 1805 5371 igitur
1833 5309 1944 5365 est,
1987 5316 2098 5370 quo

518 5371 690 5424 fretus
742 5381 965 5427 auctore
1021 5374 1107 5427 vir
1157 5372 1408 5428 eruditus
1475 5371 1807 5427 Clementem
1865 5372 2098 5426 Athenis

517 5439 812 5513 oriundum
840 5481 854 5505 ,
887 5443 1178 5513 sedquod
1211 5442 1554 5496 Alexandria:
1591 5442 1780 5511 perdiu
1825 5442 2096 5513 docuerit,

517 5509 944 5580 Alexandrinum
992 5509 1161 5568 fuisse
1221 5521 1331 5565 tam
1378 5509 1759 5567 asseveranter
1791 5511 2096 5580 scripserit.

516 5578 624 5655 Qui
658 5576 747 5655 οἱ)⁸
766 5592 882 5655 eam
904 5595 1137 5655 causam
1187 5581 1338 5655 addit
1387 5596 1418 5634 a
1460 5582 1760 5655 majoribus
1793 5584 1876 5649 (ut
1904 5576 2097 5655 auctor

514 5652 607 5720 est
658 5641 1023 5720 Epiphanius)
1069 5660 1186 5705 tum
1238 5641 1701 5716 Alexandrinum,
1759 5641 1873 5705 tum
1929 5651 2095 5706 etiam

511 5713 906 5790 Atheniensem
937 5713 1058 5773 esSe
1101 5721 1465 5774 nominatum.
1517 5713 1985 5790 Atquinusquam
2018 5723 2094 5785 id,

507 5776 671 5841 mwd
726 5780 811 5835 illc
857 5796 1036 5853 putat,
1092 5790 1426 5856 Epiphanius
1478 5776 2094 5857 tum'Alexan'drinum,

2203 4826 2327 4866 esse
2390 4812 2728 4866 Clementem
2806 4811 3036 4880 asserit,
3097 4811 3243 4880 quod
3306 4812 3532 4866 Athenis
3599 4822 3785 4875 ortus,

2199 4881 2545 4937 Alexandriae
2577 4881 2879 4935 docuisset.
2917 4879 3026 4936 Sed
3057 4879 3125 4936 de
3155 4881 3330 4952 patria
3352 4882 3622 4936 duntaxat
3643 4886 3790 4936 vario

2203 4953 2468 5023 quosdam
2500 4952 2743 5023 sensisse
2776 4957 2985 5004 narrat.

2273 5021 2384 5092 (92)
2433 5021 2581 5086 Ἰοὺ,
2617 5021 2742 5092 iob,
2778 5022 2878 5074 καὶ
2910 5019 3060 5092 φεῦ,
3108 5020 3242 5092 φεῦ,
3299 5020 3380 5092 Ad
3428 5021 3547 5092 haec
3601 5020 3787 5076 Irenari

2196 5090 2371 5147 verba
2394 5092 2631 5161 respexit
2669 5090 2900 5146 Tertull.
2933 5110 2945 5145 :
2992 5090 3059 5145 In
3089 5091 3282 5146 scholis
3320 5090 3785 5161 Carthaginiensi-

2199 5163 2295 5216 bus
2338 5162 2439 5231 fuit
2477 5160 3095 5232 quidamArigidissimus
3126 5163 3301 5214 rhetor
3343 5160 3787 5232 Latitttts,j’hos«

2197 5230 2391 5301 phorus
2429 5230 2659 5285 nomine.
2685 5230 2819 5285 Cum
2852 5232 3023 5285 virum
3050 5234 3238 5301 fortem
3262 5243 3535 5300 peroraret
3555 5250 3574 5286 :
3603 5230 3783 5291 Venio,

2200 5305 2391 5373 inquit,
2428 5303 2498 5355 ad
2528 5319 2641 5365 vos,
2681 5303 2865 5369 optimi
2899 5304 3053 5367 cives,
3088 5303 3152 5355 de
3192 5302 3379 5373 prgelio
3418 5317 3539 5354 cum
3571 5303 3786 5355 uictoria

2199 5371 2315 5427 mea
2338 5412 2354 5435 ,
2404 5390 2525 5427 cum
2570 5373 2826 5442 felicitate
2873 5380 3045 5426 vestra
3068 5412 3083 5435 ,
3126 5371 3451 5442 ampliata},
3487 5372 3785 5442 gloriosus,

2199 5440 2897 5513 fortunatuspntaximus,
2951 5442 3312 5513 triumphalis.
3356 5440 3426 5493 Et
3471 5441 3788 5513 Scholastici

2199 5510 2383 5566 statim
2432 5514 2658 5582 familia:
2708 5511 3005 5581 Phosphori
3054 5511 3156 5582 φεῦ
3201 5510 3548 5582 σεειαηιαηις
3570 5512 3786 5563 Audisti

2204 5581 2587 5647 Fortunatam,
2609 5594 2658 5636 et
2688 5582 2980 5645 Hedonem,
3000 5581 3379 5641 et'Acinetum,
3412 5595 3460 5635 et
3495 5581 3734 5634 Teletum
3764 5595 3784 5633 :

2204 5657 2443 5707 acclama
2465 5655 2688 5723 familia:
2713 5653 2992 5707 Ptolemtei
3014 5653 3136 5723 φεῦ.
3160 5650 3485 5723 Quanquam
3518 5650 3621 5723 φεῦ
3644 5649 3783 5720 apud

2205 5724 2344 5779 lt'etr.
2385 5720 2808 5795 σχετλιαστικὸν,
2837 5724 2980 5795 apud
3012 5720 3245 5777 Tertull.
3276 5720 3649 5793 θαυμαστικὸν
3679 5731 3779 5775 est.
