  <div class='ocr_page' id='page_1' title='image "/cluster/home/n/w/nwhite01/storage/ocr_20150623/41:no.1/coo.31924054869387/282.png"; bbox 0 0 3982 6422; ppageno 0'>
   <div class='ocr_carea' id='block_1_1' title="bbox 188 319 3507 381">
    <p class='ocr_par' dir='ltr' id='par_1_1' title="bbox 188 319 3507 381">
     <span class='ocr_line' id='line_1_1' title="bbox 188 319 3507 381; baseline 0 -2"><span class='ocrx_word' id='word_1_1' title='bbox 188 321 321 380; x_wconf 74' lang='lat'><strong>555‘</strong></span> <span class='ocrx_word' id='word_1_2' title='bbox 924 321 1305 381; x_wconf 76' lang='lat' dir='ltr'><strong>ADVERSUS</strong></span> <span class='ocrx_word' id='word_1_3' title='bbox 1338 319 1688 378; x_wconf 71' lang='lat' dir='ltr'><strong>llA‘LRESES</strong></span> <span class='ocrx_word' id='word_1_4' title='bbox 1727 319 1855 376; x_wconf 83' lang='lat' dir='ltr'><strong>LIB.</strong></span> <span class='ocrx_word' id='word_1_5' title='bbox 1898 319 1940 375; x_wconf 83' lang='grc'>1.</span> <span class='ocrx_word' id='word_1_6' title='bbox 1981 320 2146 378; x_wconf 77' lang='grc' dir='ltr'><strong>ΤΟΜ.</strong></span> <span class='ocrx_word' id='word_1_7' title='bbox 2188 320 2253 378; x_wconf 86' lang='grc' dir='ltr'><strong>ΙΙ.</strong></span> <span class='ocrx_word' id='word_1_8' title='bbox 2295 352 2363 364; x_wconf 89' lang='lat'><strong>-—</strong></span> <span class='ocrx_word' id='word_1_9' title='bbox 2404 320 2680 379; x_wconf 65' lang='lat' dir='ltr'><strong>lltERES.</strong></span> <span class='ocrx_word' id='word_1_10' title='bbox 2715 321 2931 380; x_wconf 70' lang='lat' dir='ltr'><strong>XXXII.</strong></span> <span class='ocrx_word' id='word_1_11' title='bbox 3396 320 3507 380; x_wconf 69' lang='grc'><strong>554</strong></span> 
     </span>
    </p>
   </div>
   <div class='ocr_carea' id='block_1_2' title="bbox 188 432 1790 512">
    <p class='ocr_par' dir='ltr' id='par_1_2' title="bbox 188 432 1790 510">
     <span class='ocr_line' id='line_1_2' title="bbox 188 432 1790 510; baseline 0.001 -21"><span class='ocrx_word' id='word_1_12' title='bbox 188 453 373 507; x_wconf 80' lang='grc' dir='ltr'>ματα.</span> <span class='ocrx_word' id='word_1_13' title='bbox 405 432 541 492; x_wconf 76' lang='grc' dir='ltr'>Εἶτα</span> <span class='ocrx_word' id='word_1_14' title='bbox 564 436 751 493; x_wconf 75' lang='grc' dir='ltr'>λοιπὸν</span> <span class='ocrx_word' id='word_1_15' title='bbox 779 439 861 502; x_wconf 79' lang='grc' dir='ltr'><strong>είς</strong></span> <span class='ocrx_word' id='word_1_16' title='bbox 891 438 1066 493; x_wconf 83' lang='grc' dir='ltr'>ταῦτα</span> <span class='ocrx_word' id='word_1_17' title='bbox 1108 439 1272 502; x_wconf 82' lang='grc' dir='ltr'>αὐτὸς</span> <span class='ocrx_word' id='word_1_18' title='bbox 1299 440 1329 492; x_wconf 88' lang='grc' dir='ltr'>ὁ</span> <span class='ocrx_word' id='word_1_19' title='bbox 1362 438 1633 510; x_wconf 87' lang='grc' dir='ltr'>μακάριος</span> <span class='ocrx_word' id='word_1_20' title='bbox 1672 438 1790 491; x_wconf 77' lang='grc' dir='ltr'>ἐπί-</span> 
     </span>
    </p>
   </div>
   <div class='ocr_carea' id='block_1_3' title="bbox 1901 432 3506 512">
    <p class='ocr_par' dir='ltr' id='par_1_3' title="bbox 1904 438 3506 512">
     <span class='ocr_line' id='line_1_3' title="bbox 1904 438 3506 512; baseline -0.001 -17"><span class='ocrx_word' id='word_1_21' title='bbox 1904 440 2129 512; x_wconf 87' lang='lat' dir='ltr'><strong>proprio</strong></span> <span class='ocrx_word' id='word_1_22' title='bbox 2163 441 2385 495; x_wconf 82' lang='lat' dir='ltr'><strong>nomine</strong></span> <span class='ocrx_word' id='word_1_23' title='bbox 2431 441 2675 495; x_wconf 88' lang='lat' dir='ltr'><strong>caritura</strong></span> <span class='ocrx_word' id='word_1_24' title='bbox 2741 441 2927 498; x_wconf 88' lang='lat' dir='ltr'><strong>fuerit.</strong></span> <span class='ocrx_word' id='word_1_25' title='bbox 2975 438 3121 507; x_wconf 85' lang='lat' dir='ltr'><strong>Quid</strong></span> <span class='ocrx_word' id='word_1_26' title='bbox 3164 439 3329 508; x_wconf 91' lang='lat' dir='ltr'><strong>igitur</strong></span> <span class='ocrx_word' id='word_1_27' title='bbox 3375 453 3506 511; x_wconf 86' lang='lat' dir='ltr'><strong>pro-</strong></span> 
     </span>
    </p>
   </div>
   <div class='ocr_carea' id='block_1_4' title="bbox 189 528 1790 605">
    <p class='ocr_par' dir='ltr' id='par_1_4' title="bbox 189 528 1790 603">
     <span class='ocr_line' id='line_1_4' title="bbox 189 528 1790 603; baseline -0.001 -21"><span class='ocrx_word' id='word_1_28' title='bbox 189 545 408 593; x_wconf 86' lang='grc' dir='ltr'>σκοπος</span> <span class='ocrx_word' id='word_1_29' title='bbox 438 530 752 602; x_wconf 73' lang='grc' dir='ltr'><strong>Εἰρηναῖος,</strong></span> <span class='ocrx_word' id='word_1_30' title='bbox 793 528 869 594; x_wconf 83' lang='grc' dir='ltr'>ὥς</span> <span class='ocrx_word' id='word_1_31' title='bbox 897 547 961 599; x_wconf 86' lang='grc' dir='ltr'><strong>γε</strong></span> <span class='ocrx_word' id='word_1_32' title='bbox 1007 530 1371 603; x_wconf 81' lang='grc' dir='ltr'><strong>προείπαμεν,</strong></span> <span class='ocrx_word' id='word_1_33' title='bbox 1405 528 1668 599; x_wconf 86' lang='grc' dir='ltr'>γελοιώδη</span> <span class='ocrx_word' id='word_1_34' title='bbox 1700 530 1790 601; x_wconf 80' lang='grc' dir='ltr'><strong>ρή·</strong></span> 
     </span>
    </p>
   </div>
   <div class='ocr_carea' id='block_1_5' title="bbox 1901 528 3503 605">
    <p class='ocr_par' dir='ltr' id='par_1_5' title="bbox 1906 533 3503 605">
     <span class='ocr_line' id='line_1_5' title="bbox 1906 533 3503 605; baseline 0.001 -19"><span class='ocrx_word' id='word_1_35' title='bbox 1906 533 2058 588; x_wconf 81' lang='lat' dir='ltr'><strong>liibc’t</strong></span> <span class='ocrx_word' id='word_1_36' title='bbox 2107 533 2274 587; x_wconf 87' lang='lat' dir='ltr'><strong>alium</strong></span> <span class='ocrx_word' id='word_1_37' title='bbox 2330 535 2632 605; x_wconf 89' lang='lat' dir='ltr'><strong>quemlibet</strong></span> <span class='ocrx_word' id='word_1_38' title='bbox 2689 535 2745 590; x_wconf 93' lang='lat' dir='ltr'><strong>in</strong></span> <span class='ocrx_word' id='word_1_39' title='bbox 2795 534 2987 590; x_wconf 90' lang='lat' dir='ltr'><strong>eadem</strong></span> <span class='ocrx_word' id='word_1_40' title='bbox 3055 533 3286 590; x_wconf 91' lang='lat' dir='ltr'><strong>materia</strong></span> <span class='ocrx_word' id='word_1_41' title='bbox 3346 540 3503 588; x_wconf 87' lang='lat' dir='ltr'><strong>certa</strong></span> 
     </span>
    </p>
   </div>
   <div class='ocr_carea' id='block_1_6' title="bbox 188 620 1790 697">
    <p class='ocr_par' dir='ltr' id='par_1_6' title="bbox 188 620 1790 697">
     <span class='ocr_line' id='line_1_6' title="bbox 188 620 1790 697; baseline -0.002 -18"><span class='ocrx_word' id='word_1_42' title='bbox 188 641 352 695; x_wconf 82' lang='grc' dir='ltr'>ματα</span> <span class='ocrx_word' id='word_1_43' title='bbox 392 625 489 678; x_wconf 77' lang='grc' dir='ltr'><strong>καὶ</strong></span> <span class='ocrx_word' id='word_1_44' title='bbox 530 625 694 688; x_wconf 85' lang='grc' dir='ltr'>αὐτὸς</span> <span class='ocrx_word' id='word_1_45' title='bbox 729 627 1012 697; x_wconf 82' lang='grc' dir='ltr'><strong>προεῖπεν,</strong></span> <span class='ocrx_word' id='word_1_46' title='bbox 1045 623 1422 696; x_wconf 78' lang='grc' dir='ltr'>ἐτερωνυμίαν</span> <span class='ocrx_word' id='word_1_47' title='bbox 1448 622 1542 692; x_wconf 82' lang='grc' dir='ltr'><strong>ἀφ’</strong></span> <span class='ocrx_word' id='word_1_48' title='bbox 1579 620 1790 687; x_wconf 75' lang='grc' dir='ltr'>ἑαυτοῦ,</span> 
     </span>
    </p>
   </div>
   <div class='ocr_carea' id='block_1_7' title="bbox 1901 620 3506 697">
    <p class='ocr_par' dir='ltr' id='par_1_7' title="bbox 1904 623 3506 694">
     <span class='ocr_line' id='line_1_7' title="bbox 1904 623 3506 694; baseline -0.002 -15"><span class='ocrx_word' id='word_1_49' title='bbox 1904 624 2171 679; x_wconf 84' lang='lat' dir='ltr'><strong>vocabula</strong></span> <span class='ocrx_word' id='word_1_50' title='bbox 2242 623 2622 681; x_wconf 82' lang='lat' dir='ltr'><strong>constituere?</strong></span> <span class='ocrx_word' id='word_1_51' title='bbox 2674 623 2857 693; x_wconf 86' lang='lat' dir='ltr'><strong>Quare</strong></span> <span class='ocrx_word' id='word_1_52' title='bbox 2925 630 3152 681; x_wconf 89' lang='lat' dir='ltr'><strong>sanctus</strong></span> <span class='ocrx_word' id='word_1_53' title='bbox 3209 623 3506 694; x_wconf 90' lang='lat' dir='ltr'><strong>cpiscopus</strong></span> 
     </span>
    </p>
   </div>
   <div class='ocr_carea' id='block_1_8' title="bbox 183 713 1790 789">
    <p class='ocr_par' dir='ltr' id='par_1_8' title="bbox 183 713 1790 788">
     <span class='ocr_line' id='line_1_8' title="bbox 183 713 1790 788; baseline -0.001 -20"><span class='ocrx_word' id='word_1_54' title='bbox 183 714 266 780; x_wconf 80' lang='grc' dir='ltr'>ὥς</span> <span class='ocrx_word' id='word_1_55' title='bbox 312 717 543 783; x_wconf 81' lang='grc' dir='ltr'><strong>ἀντάξια</strong></span> <span class='ocrx_word' id='word_1_56' title='bbox 587 716 690 788; x_wconf 88' lang='grc' dir='ltr'><strong>τῆς</strong></span> <span class='ocrx_word' id='word_1_57' title='bbox 738 716 918 771; x_wconf 83' lang='grc' dir='ltr'>αὐτῶν</span> <span class='ocrx_word' id='word_1_58' title='bbox 972 715 1246 787; x_wconf 81' lang='grc' dir='ltr'>ληρῳδίας</span> <span class='ocrx_word' id='word_1_59' title='bbox 1294 713 1790 786; x_wconf 78' lang='grc' dir='ltr'>χαριεντιζόμενος,</span> 
     </span>
    </p>
   </div>
   <div class='ocr_carea' id='block_1_9' title="bbox 1901 713 3506 789">
    <p class='ocr_par' dir='ltr' id='par_1_9' title="bbox 1904 714 3506 789">
     <span class='ocr_line' id='line_1_9' title="bbox 1904 714 3506 789; baseline -0.001 -18"><span class='ocrx_word' id='word_1_60' title='bbox 1904 715 2166 783; x_wconf 71' lang='lat' dir='ltr'><strong>lrenaaus,</strong></span> <span class='ocrx_word' id='word_1_61' title='bbox 2193 725 2253 771; x_wconf 92' lang='lat' dir='ltr'><strong>ut</strong></span> <span class='ocrx_word' id='word_1_62' title='bbox 2286 717 2550 786; x_wconf 78' lang='lat' dir='ltr'><strong>diximus,</strong></span> <span class='ocrx_word' id='word_1_63' title='bbox 2579 714 2815 774; x_wconf 87' lang='lat' dir='ltr'><strong>ridicula</strong></span> <span class='ocrx_word' id='word_1_64' title='bbox 2851 718 3103 789; x_wconf 67' lang='lat' dir='ltr'><strong>quaedam</strong></span> <span class='ocrx_word' id='word_1_65' title='bbox 3159 717 3407 780; x_wconf 89' lang='lat' dir='ltr'><strong>nomina,</strong></span> <span class='ocrx_word' id='word_1_66' title='bbox 3442 730 3506 769; x_wconf 89' lang='lat' dir='ltr'><strong>ac</strong></span> 
     </span>
    </p>
   </div>
   <div class='ocr_carea' id='block_1_10' title="bbox 183 806 1790 882">
    <p class='ocr_par' dir='ltr' id='par_1_10' title="bbox 183 806 1790 880">
     <span class='ocr_line' id='line_1_10' title="bbox 183 806 1790 880; baseline 0 -19"><span class='ocrx_word' id='word_1_67' title='bbox 183 809 453 862; x_wconf 80' lang='grc' dir='ltr'><strong>πεπόνων</strong></span> <span class='ocrx_word' id='word_1_68' title='bbox 482 808 636 880; x_wconf 83' lang='grc' dir='ltr'>γένη,</span> <span class='ocrx_word' id='word_1_69' title='bbox 666 809 761 862; x_wconf 76' lang='grc' dir='ltr'><strong>καὶ</strong></span> <span class='ocrx_word' id='word_1_70' title='bbox 792 807 1016 872; x_wconf 89' lang='grc' dir='ltr'>σικύων,</span> <span class='ocrx_word' id='word_1_71' title='bbox 1052 807 1145 861; x_wconf 79' lang='grc' dir='ltr'>καὶ</span> <span class='ocrx_word' id='word_1_72' title='bbox 1176 806 1540 872; x_wconf 84' lang='grc' dir='ltr'>κολοκυνθῶν,</span> <span class='ocrx_word' id='word_1_73' title='bbox 1578 806 1655 871; x_wconf 83' lang='grc' dir='ltr'><strong>ὡς</strong></span> <span class='ocrx_word' id='word_1_74' title='bbox 1697 806 1790 861; x_wconf 70' lang='grc' dir='ltr'>ἐπὶ</span> 
     </span>
    </p>
   </div>
   <div class='ocr_carea' id='block_1_11' title="bbox 1901 806 3504 882">
    <p class='ocr_par' dir='ltr' id='par_1_11' title="bbox 1902 807 3504 882">
     <span class='ocr_line' id='line_1_11' title="bbox 1902 807 3504 882; baseline -0.001 -18"><span class='ocrx_word' id='word_1_75' title='bbox 1902 823 2001 879; x_wconf 90' lang='lat' dir='ltr'><strong>per</strong></span> <span class='ocrx_word' id='word_1_76' title='bbox 2023 807 2209 878; x_wconf 87' lang='lat' dir='ltr'><strong>jocum</strong></span> <span class='ocrx_word' id='word_1_77' title='bbox 2249 825 2280 864; x_wconf 91' lang='lat' dir='ltr'><strong>a</strong></span> <span class='ocrx_word' id='word_1_78' title='bbox 2326 809 2508 881; x_wconf 87' lang='lat' dir='ltr'><strong>seipso</strong></span> <span class='ocrx_word' id='word_1_79' title='bbox 2557 810 2863 882; x_wconf 90' lang='lat' dir='ltr'><strong>composita</strong></span> <span class='ocrx_word' id='word_1_80' title='bbox 2927 808 3177 880; x_wconf 74' lang='lat' dir='ltr'><strong>subiicit,</strong></span> <span class='ocrx_word' id='word_1_81' title='bbox 3236 815 3504 879; x_wconf 87' lang='lat' dir='ltr'><strong>tanquam</strong></span> 
     </span>
    </p>
   </div>
   <div class='ocr_carea' id='block_1_12' title="bbox 185 899 1790 973">
    <p class='ocr_par' dir='ltr' id='par_1_12' title="bbox 185 899 1790 973">
     <span class='ocr_line' id='line_1_12' title="bbox 185 899 1790 973; baseline 0 -20"><span class='ocrx_word' id='word_1_82' title='bbox 185 901 577 973; x_wconf 76' lang='grc' dir='ltr'>ὑποκειμένων</span> <span class='ocrx_word' id='word_1_83' title='bbox 606 902 767 956; x_wconf 83' lang='grc' dir='ltr'>τινῶν</span> <span class='ocrx_word' id='word_1_84' title='bbox 809 899 1274 972; x_wconf 81' lang='grc' dir='ltr'>ὲπιπλασάμενος,</span> <span class='ocrx_word' id='word_1_85' title='bbox 1315 901 1394 966; x_wconf 83' lang='grc' dir='ltr'>ὡς</span> <span class='ocrx_word' id='word_1_86' title='bbox 1427 901 1541 964; x_wconf 82' lang='grc' dir='ltr'>τοῖς</span> <span class='ocrx_word' id='word_1_87' title='bbox 1581 899 1790 970; x_wconf 81' lang='grc' dir='ltr'>φιλολό-</span> 
     </span>
    </p>
   </div>
   <div class='ocr_carea' id='block_1_13' title="bbox 1901 899 3507 973">
    <p class='ocr_par' dir='ltr' id='par_1_13' title="bbox 1901 900 3507 972">
     <span class='ocr_line' id='line_1_13' title="bbox 1901 900 3507 972; baseline -0.001 -17"><span class='ocrx_word' id='word_1_88' title='bbox 1901 900 2120 956; x_wconf 90' lang='lat' dir='ltr'><strong>illorum</strong></span> <span class='ocrx_word' id='word_1_89' title='bbox 2147 902 2311 972; x_wconf 88' lang='lat' dir='ltr'><strong>nugis</strong></span> <span class='ocrx_word' id='word_1_90' title='bbox 2344 908 2756 958; x_wconf 83' lang='lat' dir='ltr'><strong>consentanea:</strong></span> <span class='ocrx_word' id='word_1_91' title='bbox 2805 902 3116 972; x_wconf 88' lang='lat' dir='ltr'><strong>cujusmodi</strong></span> <span class='ocrx_word' id='word_1_92' title='bbox 3169 909 3298 958; x_wconf 91' lang='lat' dir='ltr'><strong>sunt</strong></span> <span class='ocrx_word' id='word_1_93' title='bbox 3337 915 3507 972; x_wconf 86' lang='lat' dir='ltr'><strong>pepo-</strong></span> 
     </span>
    </p>
   </div>
   <div class='ocr_carea' id='block_1_14' title="bbox 182 989 1790 1066">
    <p class='ocr_par' dir='ltr' id='par_1_14' title="bbox 182 989 1421 1066">
     <span class='ocr_line' id='line_1_14' title="bbox 182 989 1421 1066; baseline 0 -20"><span class='ocrx_word' id='word_1_94' title='bbox 182 1010 312 1059; x_wconf 64' lang='grc' dir='ltr'>τοις</span> <span class='ocrx_word' id='word_1_95' title='bbox 344 995 515 1064; x_wconf 79' lang='grc' dir='ltr'>σαφὲς</span> <span class='ocrx_word' id='word_1_96' title='bbox 550 994 616 1049; x_wconf 89' lang='grc' dir='ltr'><strong>ἀν</strong></span> <span class='ocrx_word' id='word_1_97' title='bbox 644 996 730 1066; x_wconf 79' lang='grc' dir='ltr'><strong>εἴη</strong></span> <span class='ocrx_word' id='word_1_98' title='bbox 757 995 849 1064; x_wconf 82' lang='grc' dir='ltr'><strong>ἀφ’</strong></span> <span class='ocrx_word' id='word_1_99' title='bbox 877 989 953 1049; x_wconf 84' lang='grc' dir='ltr'>ὧν</span> <span class='ocrx_word' id='word_1_100' title='bbox 977 993 1421 1065; x_wconf 84' lang='grc' dir='ltr'>προανέγνωσαν.</span> 
     </span>
    </p>
   </div>
   <div class='ocr_carea' id='block_1_15' title="bbox 1901 989 3503 1066">
    <p class='ocr_par' dir='ltr' id='par_1_15' title="bbox 1901 990 3503 1063">
     <span class='ocr_line' id='line_1_15' title="bbox 1901 990 3503 1063; baseline 0 -18"><span class='ocrx_word' id='word_1_101' title='bbox 1901 1005 2029 1046; x_wconf 91' lang='lat' dir='ltr'><strong>num</strong></span> <span class='ocrx_word' id='word_1_102' title='bbox 2062 1004 2128 1044; x_wconf 93' lang='lat' dir='ltr'><strong>ac</strong></span> <span class='ocrx_word' id='word_1_103' title='bbox 2186 990 2622 1055; x_wconf 84' lang='lat' dir='ltr'><strong>cucurbitarum,</strong></span> <span class='ocrx_word' id='word_1_104' title='bbox 2658 998 2753 1046; x_wconf 83' lang='lat' dir='ltr'><strong>aut.</strong></span> <span class='ocrx_word' id='word_1_105' title='bbox 2790 991 3241 1063; x_wconf 79' lang='lat' dir='ltr'><strong>colocyntharum</strong></span> <span class='ocrx_word' id='word_1_106' title='bbox 3276 1004 3503 1061; x_wconf 79' lang='lat' dir='ltr'><strong>genera,</strong></span> 
     </span>
    </p>
   </div>
   <div class='ocr_carea' id='block_1_16' title="bbox 182 1080 3502 1157">
    <p class='ocr_par' dir='ltr' id='par_1_16' title="bbox 182 1080 3502 1157">
     <span class='ocr_line' id='line_1_16' title="bbox 182 1080 3502 1157; baseline -0.002 -16"><span class='ocrx_word' id='word_1_107' title='bbox 182 1100 431 1157; x_wconf 89' lang='lat' dir='ltr'><strong>quorum</strong></span> <span class='ocrx_word' id='word_1_108' title='bbox 489 1087 879 1157; x_wconf 64' lang='lat' dir='ltr'><strong>apfellationes</strong></span> <span class='ocrx_word' id='word_1_109' title='bbox 918 1086 1085 1142; x_wconf 85' lang='lat' dir='ltr'><strong>certis</strong></span> <span class='ocrx_word' id='word_1_110' title='bbox 1153 1086 1317 1141; x_wconf 89' lang='lat' dir='ltr'><strong>rebus</strong></span> <span class='ocrx_word' id='word_1_111' title='bbox 1356 1084 1637 1141; x_wconf 79' lang='lat' dir='ltr'><strong>attribuit:</strong></span> <span class='ocrx_word' id='word_1_112' title='bbox 1691 1084 1743 1139; x_wconf 93' lang='lat' dir='ltr'><strong>id</strong></span> <span class='ocrx_word' id='word_1_113' title='bbox 1776 1083 1923 1154; x_wconf 71' lang='lat' dir='ltr'><strong>quod</strong></span> <span class='ocrx_word' id='word_1_114' title='bbox 1974 1082 2174 1138; x_wconf 86' lang='lat' dir='ltr'><strong>eruditi</strong></span> <span class='ocrx_word' id='word_1_115' title='bbox 2196 1080 2452 1138; x_wconf 87' lang='lat' dir='ltr'><strong>homines</strong></span> <span class='ocrx_word' id='word_1_116' title='bbox 2468 1080 2627 1138; x_wconf 77' lang='lat' dir='ltr'><strong>facile</strong></span> <span class='ocrx_word' id='word_1_117' title='bbox 2661 1098 2727 1137; x_wconf 81' lang='lat' dir='ltr'><strong>ex</strong></span> <span class='ocrx_word' id='word_1_118' title='bbox 2776 1083 2844 1139; x_wconf 87' lang='lat' dir='ltr'><strong>iis</strong></span> <span class='ocrx_word' id='word_1_119' title='bbox 2883 1098 3005 1154; x_wconf 75' lang='lat' dir='ltr'><strong>qua:</strong></span> <span class='ocrx_word' id='word_1_120' title='bbox 3045 1089 3206 1138; x_wconf 82' lang='lat' dir='ltr'><strong>antea</strong></span> <span class='ocrx_word' id='word_1_121' title='bbox 3242 1082 3502 1152; x_wconf 75' lang='lat' dir='ltr'><strong>legerint.</strong></span> 
     </span>
    </p>
   </div>
   <div class='ocr_carea' id='block_1_17' title="bbox 183 1178 654 1237">
    <p class='ocr_par' dir='ltr' id='par_1_17' title="bbox 183 1178 654 1237">
     <span class='ocr_line' id='line_1_17' title="bbox 183 1178 654 1237; baseline 0.006 -4"><span class='ocrx_word' id='word_1_122' title='bbox 183 1178 654 1237; x_wconf 76' lang='lat' dir='ltr'><strong>animadverterit.</strong></span> 
     </span>
    </p>
   </div>
   <div class='ocr_carea' id='block_1_18' title="bbox 258 1289 1790 1368">
    <p class='ocr_par' dir='ltr' id='par_1_18' title="bbox 258 1294 1789 1368">
     <span class='ocr_line' id='line_1_18' title="bbox 258 1294 1789 1368; baseline 0.001 -22"><span class='ocrx_word' id='word_1_123' title='bbox 258 1295 339 1347; x_wconf 90' lang='lat' dir='ltr'><strong>Z&#39;.</strong></span> <span class='ocrx_word' id='word_1_124' title='bbox 374 1294 558 1347; x_wconf 83' lang='grc' dir='ltr'>Ἀλλοι</span> <span class='ocrx_word' id='word_1_125' title='bbox 579 1294 639 1347; x_wconf 76' lang='grc' dir='ltr'>δὲ</span> <span class='ocrx_word' id='word_1_126' title='bbox 670 1295 833 1349; x_wconf 85' lang='grc' dir='ltr'>πάλιν</span> <span class='ocrx_word' id='word_1_127' title='bbox 855 1295 1035 1351; x_wconf 79' lang='grc' dir='ltr'>αὐτῶν</span> <span class='ocrx_word' id='word_1_128' title='bbox 1056 1296 1155 1367; x_wconf 86' lang='grc' dir='ltr'>τὴν</span> <span class='ocrx_word' id='word_1_129' title='bbox 1188 1295 1415 1368; x_wconf 88' lang='grc' dir='ltr'>πρώτην</span> <span class='ocrx_word' id='word_1_130' title='bbox 1438 1295 1532 1350; x_wconf 76' lang='grc' dir='ltr'>καὶ</span> <span class='ocrx_word' id='word_1_131' title='bbox 1557 1295 1789 1367; x_wconf 81' lang='grc' dir='ltr'>ἀρχέγο-</span> 
     </span>
    </p>
   </div>
   <div class='ocr_carea' id='block_1_19' title="bbox 1901 1289 3504 1368">
    <p class='ocr_par' dir='ltr' id='par_1_19' title="bbox 1972 1289 3504 1361">
     <span class='ocr_line' id='line_1_19' title="bbox 1972 1289 3504 1361; baseline 0.003 -17"><span class='ocrx_word' id='word_1_132' title='bbox 1972 1289 2088 1347; x_wconf 67' lang='lat' dir='ltr'><strong>\‘ll.</strong></span> <span class='ocrx_word' id='word_1_133' title='bbox 2122 1289 2394 1347; x_wconf 62' lang='lat' dir='ltr'><strong>Caeterum</strong></span> <span class='ocrx_word' id='word_1_134' title='bbox 2450 1291 2699 1345; x_wconf 90' lang='lat' dir='ltr'><strong>nonnulli</strong></span> <span class='ocrx_word' id='word_1_135' title='bbox 2753 1306 2818 1346; x_wconf 80' lang='lat' dir='ltr'><strong>ex</strong></span> <span class='ocrx_word' id='word_1_136' title='bbox 2880 1290 2989 1347; x_wconf 86' lang='lat' dir='ltr'><strong>illis</strong></span> <span class='ocrx_word' id='word_1_137' title='bbox 3042 1290 3277 1361; x_wconf 86' lang='lat' dir='ltr'><strong>primam</strong></span> <span class='ocrx_word' id='word_1_138' title='bbox 3336 1297 3504 1361; x_wconf 83' lang='lat' dir='ltr'><strong>atque</strong></span> 
     </span>
    </p>
   </div>
   <div class='ocr_carea' id='block_1_20' title="bbox 183 1381 1790 1460">
    <p class='ocr_par' dir='ltr' id='par_1_20' title="bbox 183 1387 1790 1460">
     <span class='ocr_line' id='line_1_20' title="bbox 183 1387 1790 1460; baseline 0 -18"><span class='ocrx_word' id='word_1_139' title='bbox 183 1404 281 1442; x_wconf 79' lang='grc' dir='ltr'><strong>νον</strong></span> <span class='ocrx_word' id='word_1_140' title='bbox 328 1387 587 1455; x_wconf 86' lang='grc' dir='ltr'>Ὀγδοάδα</span> <span class='ocrx_word' id='word_1_141' title='bbox 617 1387 827 1453; x_wconf 82' lang='grc' dir='ltr'>τούτοις</span> <span class='ocrx_word' id='word_1_142' title='bbox 858 1391 970 1453; x_wconf 85' lang='grc' dir='ltr'>τοῖς</span> <span class='ocrx_word' id='word_1_143' title='bbox 999 1388 1225 1460; x_wconf 84' lang='grc' dir='ltr'>ὀνόμασι</span> <span class='ocrx_word' id='word_1_144' title='bbox 1268 1389 1605 1460; x_wconf 83' lang='grc' dir='ltr'>κεκλήκασι’</span> <span class='ocrx_word' id='word_1_145' title='bbox 1642 1387 1790 1460; x_wconf 86' lang='grc' dir='ltr'><strong>πρῶ-</strong></span> 
     </span>
    </p>
   </div>
   <div class='ocr_carea' id='block_1_21' title="bbox 1901 1381 3503 1460">
    <p class='ocr_par' dir='ltr' id='par_1_21' title="bbox 1901 1381 3503 1456">
     <span class='ocr_line' id='line_1_21' title="bbox 1901 1381 3503 1456; baseline -0.001 -17"><span class='ocrx_word' id='word_1_146' title='bbox 1901 1384 2343 1456; x_wconf 89' lang='lat' dir='ltr'><strong>antiquissimam</strong></span> <span class='ocrx_word' id='word_1_147' title='bbox 2404 1381 2717 1455; x_wconf 79' lang='lat' dir='ltr'><strong>Ogdoadem</strong></span> <span class='ocrx_word' id='word_1_148' title='bbox 2763 1383 2898 1440; x_wconf 86' lang='lat' dir='ltr'><strong>iisce</strong></span> <span class='ocrx_word' id='word_1_149' title='bbox 2966 1383 3288 1438; x_wconf 89' lang='lat' dir='ltr'><strong>nominibus</strong></span> <span class='ocrx_word' id='word_1_150' title='bbox 3358 1383 3503 1440; x_wconf 87' lang='lat' dir='ltr'><strong>insi-</strong></span> 
     </span>
    </p>
   </div>
   <div class='ocr_carea' id='block_1_22' title="bbox 181 1473 1790 1552">
    <p class='ocr_par' dir='ltr' id='par_1_22' title="bbox 181 1478 1790 1552">
     <span class='ocr_line' id='line_1_22' title="bbox 181 1478 1790 1552; baseline 0.002 -22"><span class='ocrx_word' id='word_1_151' title='bbox 181 1494 282 1552; x_wconf 81' lang='grc' dir='ltr'><strong>τον</strong></span> <span class='ocrx_word' id='word_1_152' title='bbox 317 1478 631 1551; x_wconf 81' lang='grc' dir='ltr'>Προαρχὴν,</span> <span class='ocrx_word' id='word_1_153' title='bbox 658 1478 852 1532; x_wconf 78' lang='grc' dir='ltr'>ἔπειτα</span> <span class='ocrx_word' id='word_1_154' title='bbox 895 1479 1235 1550; x_wconf 79' lang='grc' dir='ltr'>Ἀνενόητον’</span> <span class='ocrx_word' id='word_1_155' title='bbox 1266 1480 1364 1551; x_wconf 84' lang='grc' dir='ltr'><strong>τὴν</strong></span> <span class='ocrx_word' id='word_1_156' title='bbox 1384 1480 1443 1533; x_wconf 87' lang='grc' dir='ltr'>δὲ</span> <span class='ocrx_word' id='word_1_157' title='bbox 1476 1480 1668 1551; x_wconf 82' lang='grc' dir='ltr'>τρίτην</span> <span class='ocrx_word' id='word_1_158' title='bbox 1694 1478 1790 1550; x_wconf 80' lang='grc' dir='ltr'><strong>ἆῤ·</strong></span> 
     </span>
    </p>
   </div>
   <div class='ocr_carea' id='block_1_23' title="bbox 1901 1473 3502 1552">
    <p class='ocr_par' dir='ltr' id='par_1_23' title="bbox 1901 1473 3502 1550">
     <span class='ocr_line' id='line_1_23' title="bbox 1901 1473 3502 1550; baseline -0.002 -18"><span class='ocrx_word' id='word_1_159' title='bbox 1901 1478 2115 1550; x_wconf 89' lang='lat' dir='ltr'><strong>gniunt.</strong></span> <span class='ocrx_word' id='word_1_160' title='bbox 2150 1475 2393 1531; x_wconf 78' lang='lat' dir='ltr'><strong>Primam</strong></span> <span class='ocrx_word' id='word_1_161' title='bbox 2410 1475 2557 1531; x_wconf 87' lang='lat' dir='ltr'><strong>enim</strong></span> <span class='ocrx_word' id='word_1_162' title='bbox 2590 1491 2715 1530; x_wconf 90' lang='lat' dir='ltr'><strong>esse</strong></span> <span class='ocrx_word' id='word_1_163' title='bbox 2744 1482 2994 1531; x_wconf 89' lang='lat' dir='ltr'><strong>statuunt</strong></span> <span class='ocrx_word' id='word_1_164' title='bbox 3022 1473 3363 1538; x_wconf 86' lang='lat' dir='ltr'><strong>Proarchen,</strong></span> <span class='ocrx_word' id='word_1_165' title='bbox 3394 1474 3502 1530; x_wconf 84' lang='lat' dir='ltr'><strong>hoc</strong></span> 
     </span>
    </p>
   </div>
   <div class='ocr_carea' id='block_1_24' title="bbox 186 1568 1790 1649">
    <p class='ocr_par' dir='ltr' id='par_1_24' title="bbox 186 1568 1790 1649">
     <span class='ocr_line' id='line_1_24' title="bbox 186 1568 1790 1649; baseline 0.004 -31"><span class='ocrx_word' id='word_1_166' title='bbox 186 1569 385 1639; x_wconf 80' lang='grc' dir='ltr'>ρητον,</span> <span class='ocrx_word' id='word_1_167' title='bbox 426 1569 520 1621; x_wconf 79' lang='grc' dir='ltr'><strong>καὶ</strong></span> <span class='ocrx_word' id='word_1_168' title='bbox 559 1568 658 1641; x_wconf 77' lang='grc' dir='ltr'><strong>τὴν</strong></span> <span class='ocrx_word' id='word_1_169' title='bbox 698 1569 969 1641; x_wconf 82' lang='grc' dir='ltr'>τετάρτην</span> <span class='ocrx_word' id='word_1_170' title='bbox 1009 1570 1272 1641; x_wconf 60' lang='grc' dir='ltr'>ἀόρατον</span> <span class='ocrx_word' id='word_1_171' title='bbox 1321 1570 1416 1624; x_wconf 76' lang='grc' dir='ltr'><strong>καὶ</strong></span> <span class='ocrx_word' id='word_1_172' title='bbox 1442 1570 1509 1622; x_wconf 82' lang='grc' dir='ltr'>ὲκ</span> <span class='ocrx_word' id='word_1_173' title='bbox 1543 1568 1643 1641; x_wconf 77' lang='grc' dir='ltr'>μὲν</span> <span class='ocrx_word' id='word_1_174' title='bbox 1690 1569 1790 1649; x_wconf 64' lang='grc' dir='ltr'><strong>τῆς</strong></span> 
     </span>
    </p>
   </div>
   <div class='ocr_carea' id='block_1_25' title="bbox 1901 1568 3503 1649">
    <p class='ocr_par' dir='ltr' id='par_1_25' title="bbox 1901 1568 3503 1642">
     <span class='ocr_line' id='line_1_25' title="bbox 1901 1568 3503 1642; baseline -0.003 -14"><span class='ocrx_word' id='word_1_175' title='bbox 1901 1572 2233 1642; x_wconf 77' lang='lat' dir='ltr'><strong>estprimum</strong></span> <span class='ocrx_word' id='word_1_176' title='bbox 2264 1571 2501 1625; x_wconf 86' lang='lat' dir='ltr'><strong>omnium</strong></span> <span class='ocrx_word' id='word_1_177' title='bbox 2536 1568 2869 1639; x_wconf 84' lang='lat' dir='ltr'><strong>Principium</strong></span> <span class='ocrx_word' id='word_1_178' title='bbox 2899 1585 2918 1633; x_wconf 88' lang='lat'><strong><em>;</em></strong></span> <span class='ocrx_word' id='word_1_179' title='bbox 2954 1578 3070 1625; x_wconf 91' lang='lat' dir='ltr'><strong>tum</strong></span> <span class='ocrx_word' id='word_1_180' title='bbox 3094 1570 3503 1635; x_wconf 85' lang='lat' dir='ltr'><strong>Anennoetum,</strong></span> 
     </span>
    </p>
   </div>
   <div class='ocr_carea' id='block_1_26' title="bbox 187 1657 1790 1735">
    <p class='ocr_par' dir='ltr' id='par_1_26' title="bbox 187 1657 1790 1734">
     <span class='ocr_line' id='line_1_26' title="bbox 187 1657 1790 1734; baseline 0.001 -21"><span class='ocrx_word' id='word_1_181' title='bbox 187 1657 431 1732; x_wconf 72' lang='grc' dir='ltr'>πρώτης</span> <span class='ocrx_word' id='word_1_182' title='bbox 452 1661 744 1733; x_wconf 87' lang='grc' dir='ltr'>Προαρχῆς</span> <span class='ocrx_word' id='word_1_183' title='bbox 770 1661 1175 1734; x_wconf 76' lang='grc' dir='ltr'>προόεϐλῆσθαι</span> <span class='ocrx_word' id='word_1_184' title='bbox 1200 1660 1404 1733; x_wconf 83' lang='grc' dir='ltr'>πρώτῳ</span> <span class='ocrx_word' id='word_1_185' title='bbox 1426 1660 1522 1715; x_wconf 76' lang='grc' dir='ltr'>καὶ</span> <span class='ocrx_word' id='word_1_186' title='bbox 1556 1661 1790 1733; x_wconf 83' lang='grc' dir='ltr'>πέμπτῳ</span> 
     </span>
    </p>
   </div>
   <div class='ocr_carea' id='block_1_27' title="bbox 1901 1657 3503 1735">
    <p class='ocr_par' dir='ltr' id='par_1_27' title="bbox 1901 1661 3503 1735">
     <span class='ocr_line' id='line_1_27' title="bbox 1901 1661 3503 1735; baseline -0.002 -14"><span class='ocrx_word' id='word_1_187' title='bbox 1901 1665 2018 1721; x_wconf 86' lang='lat' dir='ltr'><strong>sive</strong></span> <span class='ocrx_word' id='word_1_188' title='bbox 2067 1661 2209 1735; x_wconf 86' lang='lat' dir='ltr'><strong>quod</strong></span> <span class='ocrx_word' id='word_1_189' title='bbox 2264 1662 2615 1733; x_wconf 79' lang='lat' dir='ltr'><strong>intelligentia</strong></span> <span class='ocrx_word' id='word_1_190' title='bbox 2660 1663 2781 1732; x_wconf 84' lang='lat' dir='ltr'><strong>capi</strong></span> <span class='ocrx_word' id='word_1_191' title='bbox 2833 1678 2933 1716; x_wconf 90' lang='lat' dir='ltr'><strong>non</strong></span> <span class='ocrx_word' id='word_1_192' title='bbox 2986 1670 3213 1730; x_wconf 76' lang='lat' dir='ltr'><strong>potest;</strong></span> <span class='ocrx_word' id='word_1_193' title='bbox 3276 1661 3503 1719; x_wconf 84' lang='lat' dir='ltr'><strong>tertium</strong></span> 
     </span>
    </p>
   </div>
   <div class='ocr_carea' id='block_1_28' title="bbox 183 1751 1790 1835">
    <p class='ocr_par' dir='ltr' id='par_1_28' title="bbox 183 1751 1790 1827">
     <span class='ocr_line' id='line_1_28' title="bbox 183 1751 1790 1827; baseline 0.002 -23"><span class='ocrx_word' id='word_1_194' title='bbox 183 1751 368 1823; x_wconf 80' lang='grc' dir='ltr'>ἀρχὴν</span> <span class='ocrx_word' id='word_1_195' title='bbox 401 1754 442 1819; x_wconf 87' lang='grc'><strong>¹,</strong></span> <span class='ocrx_word' id='word_1_196' title='bbox 478 1755 543 1807; x_wconf 84' lang='grc' dir='ltr'>ὲκ</span> <span class='ocrx_word' id='word_1_197' title='bbox 570 1754 627 1807; x_wconf 85' lang='grc' dir='ltr'>δὲ</span> <span class='ocrx_word' id='word_1_198' title='bbox 663 1755 783 1827; x_wconf 82' lang='grc' dir='ltr'>(τῆς</span> <span class='ocrx_word' id='word_1_199' title='bbox 811 1754 989 1827; x_wconf 86' lang='grc' dir='ltr'>ἀρχῆς</span> <span class='ocrx_word' id='word_1_200' title='bbox 1010 1752 1152 1826; x_wconf 78' lang='grc'><strong>[95])</strong></span> <span class='ocrx_word' id='word_1_201' title='bbox 1181 1754 1281 1824; x_wconf 87' lang='grc' dir='ltr'><strong>τῆς</strong></span> <span class='ocrx_word' id='word_1_202' title='bbox 1329 1754 1644 1826; x_wconf 84' lang='grc' dir='ltr'>Ἀνενοήτου</span> <span class='ocrx_word' id='word_1_203' title='bbox 1670 1753 1790 1807; x_wconf 87' lang='grc' dir='ltr'>δευ-</span> 
     </span>
    </p>
   </div>
   <div class='ocr_carea' id='block_1_29' title="bbox 1901 1751 3503 1835">
    <p class='ocr_par' dir='ltr' id='par_1_29' title="bbox 1901 1754 3503 1828">
     <span class='ocr_line' id='line_1_29' title="bbox 1901 1754 3503 1828; baseline -0.001 -16"><span class='ocrx_word' id='word_1_204' title='bbox 1901 1754 2319 1828; x_wconf 86' lang='lat' dir='ltr'><strong>inexplicabile;</strong></span> <span class='ocrx_word' id='word_1_205' title='bbox 2352 1762 2611 1825; x_wconf 85' lang='lat' dir='ltr'><strong>quartum</strong></span> <span class='ocrx_word' id='word_1_206' title='bbox 2654 1755 2941 1821; x_wconf 85' lang='lat' dir='ltr'><strong>Aoratum,</strong></span> <span class='ocrx_word' id='word_1_207' title='bbox 2990 1754 3045 1810; x_wconf 87' lang='lat' dir='ltr'><strong>id</strong></span> <span class='ocrx_word' id='word_1_208' title='bbox 3093 1765 3179 1811; x_wconf 89' lang='lat' dir='ltr'><strong>est</strong></span> <span class='ocrx_word' id='word_1_209' title='bbox 3226 1764 3503 1825; x_wconf 76' lang='lat' dir='ltr'><strong>aspectant</strong></span> 
     </span>
    </p>
   </div>
   <div class='ocr_carea' id='block_1_30' title="bbox 180 1842 1790 1919">
    <p class='ocr_par' dir='ltr' id='par_1_30' title="bbox 180 1842 1790 1919">
     <span class='ocr_line' id='line_1_30' title="bbox 180 1842 1790 1919; baseline 0.003 -23"><span class='ocrx_word' id='word_1_210' title='bbox 180 1842 444 1916; x_wconf 76' lang='grc' dir='ltr'>τέρῳκαὶ</span> <span class='ocrx_word' id='word_1_211' title='bbox 460 1843 604 1916; x_wconf 74' lang='grc' dir='ltr'>ἕκτῳ</span> <span class='ocrx_word' id='word_1_212' title='bbox 628 1845 779 1917; x_wconf 85' lang='grc' dir='ltr'>τόπῳ</span> <span class='ocrx_word' id='word_1_213' title='bbox 808 1846 1217 1916; x_wconf 83' lang='grc' dir='ltr'>ἀκατάληπτον.</span> <span class='ocrx_word' id='word_1_214' title='bbox 1240 1845 1331 1899; x_wconf 88' lang='grc' dir='ltr'><strong>Ἐκ</strong></span> <span class='ocrx_word' id='word_1_215' title='bbox 1351 1845 1407 1898; x_wconf 81' lang='grc' dir='ltr'>δὲ</span> <span class='ocrx_word' id='word_1_216' title='bbox 1429 1846 1530 1918; x_wconf 91' lang='grc' dir='ltr'><strong>τῆς</strong></span> <span class='ocrx_word' id='word_1_217' title='bbox 1554 1847 1790 1919; x_wconf 74' lang='grc' dir='ltr'>ἀρρήτου</span> 
     </span>
    </p>
   </div>
   <div class='ocr_carea' id='block_1_31' title="bbox 1901 1842 3499 1919">
    <p class='ocr_par' dir='ltr' id='par_1_31' title="bbox 1902 1844 3499 1919">
     <span class='ocr_line' id='line_1_31' title="bbox 1902 1844 3499 1919; baseline 0.001 -18"><span class='ocrx_word' id='word_1_218' title='bbox 1902 1848 2133 1919; x_wconf 79' lang='lat' dir='ltr'><strong>fugiens.</strong></span> <span class='ocrx_word' id='word_1_219' title='bbox 2190 1845 2312 1901; x_wconf 70' lang='lat' dir='ltr'><strong>1am</strong></span> <span class='ocrx_word' id='word_1_220' title='bbox 2358 1861 2389 1900; x_wconf 92' lang='lat' dir='ltr'><strong>a</strong></span> <span class='ocrx_word' id='word_1_221' title='bbox 2434 1844 2715 1903; x_wconf 80' lang='lat' dir='ltr'><strong>Proarclie</strong></span> <span class='ocrx_word' id='word_1_222' title='bbox 2763 1848 2976 1918; x_wconf 86' lang='lat' dir='ltr'><strong>primo,</strong></span> <span class='ocrx_word' id='word_1_223' title='bbox 3020 1861 3086 1902; x_wconf 89' lang='lat' dir='ltr'><strong>ac</strong></span> <span class='ocrx_word' id='word_1_224' title='bbox 3117 1847 3311 1918; x_wconf 89' lang='lat' dir='ltr'><strong>quinto</strong></span> <span class='ocrx_word' id='word_1_225' title='bbox 3350 1847 3499 1913; x_wconf 87' lang='lat' dir='ltr'><strong>loco,</strong></span> 
     </span>
    </p>
   </div>
   <div class='ocr_carea' id='block_1_32' title="bbox 183 1937 1800 2012">
    <p class='ocr_par' dir='ltr' id='par_1_32' title="bbox 183 1937 1800 2012">
     <span class='ocr_line' id='line_1_32' title="bbox 183 1937 1800 2012; baseline 0.002 -22"><span class='ocrx_word' id='word_1_226' title='bbox 183 1937 365 2008; x_wconf 81' lang='grc' dir='ltr'>τρίτῳ</span> <span class='ocrx_word' id='word_1_227' title='bbox 412 1938 509 1993; x_wconf 75' lang='grc' dir='ltr'>καὶ</span> <span class='ocrx_word' id='word_1_228' title='bbox 565 1938 781 2011; x_wconf 73' lang='grc' dir='ltr'>ἑϐδόμῳ</span> <span class='ocrx_word' id='word_1_229' title='bbox 829 1940 983 2011; x_wconf 81' lang='grc' dir='ltr'>τόπῳ</span> <span class='ocrx_word' id='word_1_230' title='bbox 1034 1939 1433 2010; x_wconf 74' lang='grc' dir='ltr'>ἀνονόμαστονο</span> <span class='ocrx_word' id='word_1_231' title='bbox 1482 1939 1549 1993; x_wconf 85' lang='grc' dir='ltr'><strong>ὲκ</strong></span> <span class='ocrx_word' id='word_1_232' title='bbox 1591 1939 1649 1993; x_wconf 84' lang='grc' dir='ltr'>δὲ</span> <span class='ocrx_word' id='word_1_233' title='bbox 1699 1940 1800 2012; x_wconf 86' lang='grc' dir='ltr'><strong>τῆς</strong></span> 
     </span>
    </p>
   </div>
   <div class='ocr_carea' id='block_1_33' title="bbox 198 2027 1800 2111">
    <p class='ocr_par' dir='ltr' id='par_1_33' title="bbox 198 2027 1800 2111">
     <span class='ocr_line' id='line_1_33' title="bbox 198 2027 1800 2111; baseline 0.002 -29"><span class='ocrx_word' id='word_1_234' title='bbox 198 2028 465 2111; x_wconf 84' lang='grc' dir='ltr'>Ἀοράτου</span> <span class='ocrx_word' id='word_1_235' title='bbox 484 2029 803 2101; x_wconf 81' lang='grc' dir='ltr'>Ἀγέννητον</span> <span class='ocrx_word' id='word_1_236' title='bbox 856 2030 1132 2102; x_wconf 56' lang='grc' dir='ltr'>,πλήρωμα</span> <span class='ocrx_word' id='word_1_237' title='bbox 1155 2030 1254 2101; x_wconf 89' lang='grc' dir='ltr'><strong>τῆς</strong></span> <span class='ocrx_word' id='word_1_238' title='bbox 1282 2027 1505 2102; x_wconf 86' lang='grc' dir='ltr'>πρώτης</span> <span class='ocrx_word' id='word_1_239' title='bbox 1530 2032 1550 2062; x_wconf 81' lang='grc'>⁸</span> <span class='ocrx_word' id='word_1_240' title='bbox 1580 2030 1800 2099; x_wconf 83' lang='grc' dir='ltr'>Ὀγδοά-</span> 
     </span>
    </p>
   </div>
   <div class='ocr_carea' id='block_1_34' title="bbox 182 2120 1798 2194">
    <p class='ocr_par' dir='ltr' id='par_1_34' title="bbox 182 2120 1798 2194">
     <span class='ocr_line' id='line_1_34' title="bbox 182 2120 1798 2194; baseline 0.001 -20"><span class='ocrx_word' id='word_1_241' title='bbox 182 2120 300 2183; x_wconf 84' lang='grc' dir='ltr'>δος.</span> <span class='ocrx_word' id='word_1_242' title='bbox 345 2120 564 2185; x_wconf 81' lang='grc' dir='ltr'><strong>Ταύτας</strong></span> <span class='ocrx_word' id='word_1_243' title='bbox 615 2120 898 2192; x_wconf 83' lang='grc' dir='ltr'>βούλονται</span> <span class='ocrx_word' id='word_1_244' title='bbox 949 2120 1048 2185; x_wconf 85' lang='grc' dir='ltr'>τὰς</span> <span class='ocrx_word' id='word_1_245' title='bbox 1101 2121 1362 2193; x_wconf 83' lang='grc' dir='ltr'>δυνάμεις</span> <span class='ocrx_word' id='word_1_246' title='bbox 1418 2120 1798 2194; x_wconf 76' lang='grc' dir='ltr'>προϋπάρχειν</span> 
     </span>
    </p>
   </div>
   <div class='ocr_carea' id='block_1_35' title="bbox 184 2211 1798 2288">
    <p class='ocr_par' dir='ltr' id='par_1_35' title="bbox 184 2211 1798 2288">
     <span class='ocr_line' id='line_1_35' title="bbox 184 2211 1798 2288; baseline 0.002 -23"><span class='ocrx_word' id='word_1_247' title='bbox 184 2213 282 2267; x_wconf 82' lang='grc' dir='ltr'>τοῦ</span> <span class='ocrx_word' id='word_1_248' title='bbox 315 2211 491 2267; x_wconf 81' lang='grc' dir='ltr'><strong>Βυθοῦ</strong></span> <span class='ocrx_word' id='word_1_249' title='bbox 518 2213 612 2267; x_wconf 81' lang='grc' dir='ltr'>καὶ</span> <span class='ocrx_word' id='word_1_250' title='bbox 636 2214 735 2286; x_wconf 91' lang='grc' dir='ltr'><strong>τῆς</strong></span> <span class='ocrx_word' id='word_1_251' title='bbox 763 2214 952 2286; x_wconf 80' lang='grc' dir='ltr'><strong>Σιγῆς,</strong></span> <span class='ocrx_word' id='word_1_252' title='bbox 986 2214 1073 2268; x_wconf 82' lang='grc' dir='ltr'>ἵνα</span> <span class='ocrx_word' id='word_1_253' title='bbox 1098 2214 1321 2269; x_wconf 77' lang='grc' dir='ltr'>τελείων</span> <span class='ocrx_word' id='word_1_254' title='bbox 1353 2214 1678 2288; x_wconf 87' lang='grc' dir='ltr'>τελειότεροι</span> <span class='ocrx_word' id='word_1_255' title='bbox 1703 2233 1798 2285; x_wconf 79' lang='grc' dir='ltr'><strong>φα-</strong></span> 
     </span>
    </p>
   </div>
   <div class='ocr_carea' id='block_1_36' title="bbox 184 2302 1798 2375">
    <p class='ocr_par' dir='ltr' id='par_1_36' title="bbox 184 2302 1798 2375">
     <span class='ocr_line' id='line_1_36' title="bbox 184 2302 1798 2375; baseline -0.001 -17"><span class='ocrx_word' id='word_1_256' title='bbox 184 2303 358 2358; x_wconf 84' lang='grc' dir='ltr'>νῶσιν</span> <span class='ocrx_word' id='word_1_257' title='bbox 408 2303 580 2369; x_wconf 73' lang='grc' dir='ltr'>ὄντες,</span> <span class='ocrx_word' id='word_1_258' title='bbox 626 2303 720 2357; x_wconf 80' lang='grc' dir='ltr'><strong>καὶ</strong></span> <span class='ocrx_word' id='word_1_259' title='bbox 764 2302 1083 2373; x_wconf 83' lang='grc' dir='ltr'>γνωστικῶν</span> <span class='ocrx_word' id='word_1_260' title='bbox 1135 2302 1607 2375; x_wconf 69' lang='grc' dir='ltr'><strong>γνωει-τικώτεροι⁹</strong></span> <span class='ocrx_word' id='word_1_261' title='bbox 1660 2303 1798 2375; x_wconf 78' lang='grc' dir='ltr'>πρὸς</span> 
     </span>
    </p>
   </div>
   <div class='ocr_carea' id='block_1_37' title="bbox 185 2392 1796 2469">
    <p class='ocr_par' dir='ltr' id='par_1_37' title="bbox 185 2392 1796 2469">
     <span class='ocr_line' id='line_1_37' title="bbox 185 2392 1796 2469; baseline -0.001 -19"><span class='ocrx_word' id='word_1_262' title='bbox 185 2397 281 2462; x_wconf 74' lang='grc' dir='ltr'><strong>οὓς</strong></span> <span class='ocrx_word' id='word_1_263' title='bbox 316 2397 544 2462; x_wconf 77' lang='grc' dir='ltr'><strong>δικαίως</strong></span> <span class='ocrx_word' id='word_1_264' title='bbox 575 2397 641 2451; x_wconf 78' lang='grc' dir='ltr'>ἄν</span> <span class='ocrx_word' id='word_1_265' title='bbox 672 2414 769 2461; x_wconf 63' lang='grc' dir='ltr'><strong>τις</strong></span> <span class='ocrx_word' id='word_1_266' title='bbox 810 2398 1208 2469; x_wconf 80' lang='grc' dir='ltr'>ὲπιφωνήσειεν</span> <span class='ocrx_word' id='word_1_267' title='bbox 1228 2413 1240 2426; x_wconf 93' lang='grc'><strong>·</strong></span> <span class='ocrx_word' id='word_1_268' title='bbox 1278 2392 1349 2449; x_wconf 83' lang='grc' dir='ltr'><strong><em>Ὦ</em></strong></span> <span class='ocrx_word' id='word_1_269' title='bbox 1380 2395 1664 2469; x_wconf 88' lang='grc' dir='ltr'>ληρολόγοι</span> <span class='ocrx_word' id='word_1_270' title='bbox 1707 2413 1796 2449; x_wconf 83' lang='grc' dir='ltr'>σο-</span> 
     </span>
    </p>
   </div>
   <div class='ocr_carea' id='block_1_38' title="bbox 186 2488 1795 2563">
    <p class='ocr_par' dir='ltr' id='par_1_38' title="bbox 186 2488 1795 2563">
     <span class='ocr_line' id='line_1_38' title="bbox 186 2488 1795 2563; baseline -0.001 -19"><span class='ocrx_word' id='word_1_271' title='bbox 186 2489 417 2560; x_wconf 80' lang='grc' dir='ltr'>φισταίι</span> <span class='ocrx_word' id='word_1_272' title='bbox 450 2489 561 2544; x_wconf 79' lang='grc' dir='ltr'><strong>Καὶ</strong></span> <span class='ocrx_word' id='word_1_273' title='bbox 601 2488 712 2563; x_wconf 87' lang='grc' dir='ltr'>γὰρ</span> <span class='ocrx_word' id='word_1_274' title='bbox 752 2490 882 2562; x_wconf 76' lang='grc' dir='ltr'>περὶ</span> <span class='ocrx_word' id='word_1_275' title='bbox 921 2488 1088 2547; x_wconf 79' lang='grc' dir='ltr'>αὑτοῦ</span> <span class='ocrx_word' id='word_1_276' title='bbox 1118 2489 1213 2544; x_wconf 84' lang='grc' dir='ltr'>τοῦ</span> <span class='ocrx_word' id='word_1_277' title='bbox 1258 2488 1435 2543; x_wconf 84' lang='grc' dir='ltr'><strong>Βυθοῦ</strong></span> <span class='ocrx_word' id='word_1_278' title='bbox 1473 2488 1665 2543; x_wconf 70' lang='grc' dir='ltr'>πολλαὶ</span> <span class='ocrx_word' id='word_1_279' title='bbox 1700 2490 1795 2543; x_wconf 73' lang='grc' dir='ltr'>καὶ</span> 
     </span>
    </p>
   </div>
   <div class='ocr_carea' id='block_1_39' title="bbox 182 2581 1793 2654">
    <p class='ocr_par' dir='ltr' id='par_1_39' title="bbox 182 2581 1793 2654">
     <span class='ocr_line' id='line_1_39' title="bbox 182 2581 1793 2654; baseline -0.002 -17"><span class='ocrx_word' id='word_1_280' title='bbox 182 2583 442 2653; x_wconf 68' lang='grc' dir='ltr'>διάφοροι</span> <span class='ocrx_word' id='word_1_281' title='bbox 462 2582 678 2653; x_wconf 82' lang='grc' dir='ltr'>γνῶμαι</span> <span class='ocrx_word' id='word_1_282' title='bbox 707 2583 839 2654; x_wconf 85' lang='grc' dir='ltr'>παρ’</span> <span class='ocrx_word' id='word_1_283' title='bbox 872 2582 1055 2647; x_wconf 76' lang='grc' dir='ltr'>αὐτοῖς</span> <span class='ocrx_word' id='word_1_284' title='bbox 1079 2600 1093 2615; x_wconf 79' lang='grc'><em>’</em></span> <span class='ocrx_word' id='word_1_285' title='bbox 1119 2583 1168 2636; x_wconf 88' lang='grc' dir='ltr'><strong>οί</strong></span> <span class='ocrx_word' id='word_1_286' title='bbox 1202 2582 1300 2654; x_wconf 82' lang='grc' dir='ltr'><strong>μὲν</strong></span> <span class='ocrx_word' id='word_1_287' title='bbox 1330 2581 1441 2654; x_wconf 82' lang='grc' dir='ltr'><strong>γὰρ</strong></span> <span class='ocrx_word' id='word_1_288' title='bbox 1476 2581 1639 2636; x_wconf 80' lang='grc' dir='ltr'>αὑτὸν</span> <span class='ocrx_word' id='word_1_289' title='bbox 1659 2581 1793 2647; x_wconf 76' lang='grc' dir='ltr'>ἀξυ-</span> 
     </span>
    </p>
   </div>
   <div class='ocr_carea' id='block_1_40' title="bbox 184 2672 1795 2747">
    <p class='ocr_par' dir='ltr' id='par_1_40' title="bbox 184 2672 1795 2747">
     <span class='ocr_line' id='line_1_40' title="bbox 184 2672 1795 2747; baseline -0.001 -18"><span class='ocrx_word' id='word_1_290' title='bbox 184 2693 287 2744; x_wconf 87' lang='grc' dir='ltr'><strong>γον</strong></span> <span class='ocrx_word' id='word_1_291' title='bbox 314 2674 558 2744; x_wconf 86' lang='grc' dir='ltr'>λέγουσι,</span> <span class='ocrx_word' id='word_1_292' title='bbox 596 2676 735 2747; x_wconf 82' lang='grc' dir='ltr'>μήτε</span> <span class='ocrx_word' id='word_1_293' title='bbox 769 2674 998 2747; x_wconf 73' lang='grc' dir='ltr'>ἄρρενα,</span> <span class='ocrx_word' id='word_1_294' title='bbox 1039 2675 1175 2745; x_wconf 85' lang='grc' dir='ltr'>μήτε</span> <span class='ocrx_word' id='word_1_295' title='bbox 1208 2672 1451 2745; x_wconf 84' lang='grc' dir='ltr'>θήλειαν,</span> <span class='ocrx_word' id='word_1_296' title='bbox 1489 2674 1626 2745; x_wconf 87' lang='grc' dir='ltr'>μήτε</span> <span class='ocrx_word' id='word_1_297' title='bbox 1658 2672 1795 2738; x_wconf 79' lang='grc' dir='ltr'>ὅλως</span> 
     </span>
    </p>
   </div>
   <div class='ocr_carea' id='block_1_41' title="bbox 185 2761 1788 2840">
    <p class='ocr_par' dir='ltr' id='par_1_41' title="bbox 185 2761 1788 2840">
     <span class='ocr_line' id='line_1_41' title="bbox 185 2761 1788 2840; baseline -0.002 -17"><span class='ocrx_word' id='word_1_298' title='bbox 185 2769 322 2823; x_wconf 61' lang='grc' dir='ltr'>ὄντα</span> <span class='ocrx_word' id='word_1_299' title='bbox 347 2785 433 2822; x_wconf 84' lang='grc' dir='ltr'>τι⁶</span> <span class='ocrx_word' id='word_1_300' title='bbox 462 2768 614 2824; x_wconf 80' lang='grc' dir='ltr'>ἄλλοι</span> <span class='ocrx_word' id='word_1_301' title='bbox 654 2768 711 2824; x_wconf 84' lang='grc' dir='ltr'>δὲ</span> <span class='ocrx_word' id='word_1_302' title='bbox 750 2767 1121 2840; x_wconf 77' lang='grc' dir='ltr'>ἀρρενόθηλυν</span> <span class='ocrx_word' id='word_1_303' title='bbox 1160 2767 1323 2820; x_wconf 82' lang='grc' dir='ltr'>αὐτὸν</span> <span class='ocrx_word' id='word_1_304' title='bbox 1345 2765 1597 2835; x_wconf 84' lang='grc' dir='ltr'>λέγουσιν</span> <span class='ocrx_word' id='word_1_305' title='bbox 1624 2761 1788 2833; x_wconf 82' lang='grc' dir='ltr'>εἶναι,</span> 
     </span>
    </p>
   </div>
   <div class='ocr_carea' id='block_1_42' title="bbox 186 2856 1792 2933">
    <p class='ocr_par' dir='ltr' id='par_1_42' title="bbox 186 2856 1792 2933">
     <span class='ocr_line' id='line_1_42' title="bbox 186 2856 1792 2933; baseline -0.012 -11"><span class='ocrx_word' id='word_1_306' title='bbox 186 2859 596 2933; x_wconf 74' lang='grc' dir='ltr'>ἑρμαφροδίτου</span> <span class='ocrx_word' id='word_1_307' title='bbox 644 2858 806 2930; x_wconf 80' lang='grc' dir='ltr'>φύσιν</span> <span class='ocrx_word' id='word_1_308' title='bbox 852 2857 1003 2930; x_wconf 86' lang='grc' dir='ltr'><strong>αὐτῷ</strong></span> <span class='ocrx_word' id='word_1_309' title='bbox 1048 2857 1465 2928; x_wconf 83' lang='grc' dir='ltr'>περιάπτοντες.</span> <span class='ocrx_word' id='word_1_310' title='bbox 1516 2856 1682 2928; x_wconf 81' lang='grc' dir='ltr'>Σιγὴν</span> <span class='ocrx_word' id='word_1_311' title='bbox 1736 2857 1792 2911; x_wconf 77' lang='grc' dir='ltr'>δὲ</span> 
     </span>
    </p>
   </div>
   <div class='ocr_carea' id='block_1_43' title="bbox 188 2946 1792 3021">
    <p class='ocr_par' dir='ltr' id='par_1_43' title="bbox 188 2946 1792 3021">
     <span class='ocr_line' id='line_1_43' title="bbox 188 2946 1792 3021; baseline -0.006 -13"><span class='ocrx_word' id='word_1_312' title='bbox 188 2953 355 3008; x_wconf 84' lang='grc' dir='ltr'>πάλιν</span> <span class='ocrx_word' id='word_1_313' title='bbox 387 2951 538 3010; x_wconf 80' lang='grc' dir='ltr'>ἄλλοι</span> <span class='ocrx_word' id='word_1_314' title='bbox 574 2950 887 3005; x_wconf 87' lang='grc' dir='ltr'>συνευνέτιν</span> <span class='ocrx_word' id='word_1_315' title='bbox 923 2948 1073 3021; x_wconf 82' lang='grc' dir='ltr'>αὐτῷ</span> <span class='ocrx_word' id='word_1_316' title='bbox 1110 2947 1538 3020; x_wconf 84' lang='grc' dir='ltr'>προσάπτουσιν,</span> <span class='ocrx_word' id='word_1_317' title='bbox 1576 2947 1662 3001; x_wconf 86' lang='grc' dir='ltr'>ἵνα</span> <span class='ocrx_word' id='word_1_318' title='bbox 1697 2946 1792 3017; x_wconf 68' lang='grc' dir='ltr'>γέη</span> 
     </span>
    </p>
   </div>
   <div class='ocr_carea' id='block_1_44' title="bbox 187 3038 1789 3117">
    <p class='ocr_par' dir='ltr' id='par_1_44' title="bbox 187 3038 1789 3117">
     <span class='ocr_line' id='line_1_44' title="bbox 187 3038 1789 3117; baseline -0.005 -17"><span class='ocrx_word' id='word_1_319' title='bbox 187 3062 352 3117; x_wconf 83' lang='grc' dir='ltr'>νηται</span> <span class='ocrx_word' id='word_1_320' title='bbox 397 3043 590 3117; x_wconf 85' lang='grc' dir='ltr'>πρώτη</span> <span class='ocrx_word' id='word_1_321' title='bbox 625 3042 876 3113; x_wconf 77' lang='grc' dir='ltr'>συζυγία,</span> <span class='ocrx_word' id='word_1_322' title='bbox 905 3040 1001 3095; x_wconf 79' lang='grc' dir='ltr'>καὶ</span> <span class='ocrx_word' id='word_1_323' title='bbox 1043 3041 1108 3094; x_wconf 83' lang='grc' dir='ltr'>ὲκ</span> <span class='ocrx_word' id='word_1_324' title='bbox 1138 3038 1329 3095; x_wconf 89' lang='grc' dir='ltr'>τούτου</span> <span class='ocrx_word' id='word_1_325' title='bbox 1368 3040 1463 3092; x_wconf 80' lang='grc' dir='ltr'><strong>καὶ</strong></span> <span class='ocrx_word' id='word_1_326' title='bbox 1500 3040 1563 3093; x_wconf 82' lang='grc' dir='ltr'>ὲκ</span> <span class='ocrx_word' id='word_1_327' title='bbox 1586 3038 1789 3111; x_wconf 79' lang='grc' dir='ltr'>ταύτης</span> 
     </span>
    </p>
   </div>
   <div class='ocr_carea' id='block_1_45' title="bbox 1900 1936 3499 2012">
    <p class='ocr_par' dir='ltr' id='par_1_45' title="bbox 1900 1936 3499 2012">
     <span class='ocr_line' id='line_1_45' title="bbox 1900 1936 3499 2012; baseline 0.001 -17"><span class='ocrx_word' id='word_1_328' title='bbox 1900 1936 2067 2011; x_wconf 66' lang='grc'><strong>214</strong></span> <span class='ocrx_word' id='word_1_329' title='bbox 2104 1938 2434 2011; x_wconf 89' lang='lat' dir='ltr'><strong>principium</strong></span> <span class='ocrx_word' id='word_1_330' title='bbox 2470 1946 2745 1994; x_wconf 89' lang='lat' dir='ltr'><strong>exortum.</strong></span> <span class='ocrx_word' id='word_1_331' title='bbox 2784 1938 2827 1993; x_wconf 81' lang='grc' dir='ltr'>Α</span> <span class='ocrx_word' id='word_1_332' title='bbox 2849 1940 3122 2012; x_wconf 88' lang='lat' dir='ltr'><strong>principio</strong></span> <span class='ocrx_word' id='word_1_333' title='bbox 3156 1956 3309 2006; x_wconf 84' lang='lat' dir='ltr'><strong>vero,</strong></span> <span class='ocrx_word' id='word_1_334' title='bbox 3348 1941 3499 2011; x_wconf 89' lang='lat' dir='ltr'><strong>quod</strong></span> 
     </span>
    </p>
   </div>
   <div class='ocr_carea' id='block_1_46' title="bbox 1898 2016 3521 2104">
    <p class='ocr_par' dir='ltr' id='par_1_46' title="bbox 1898 2016 3521 2104">
     <span class='ocr_line' id='line_1_46' title="bbox 1898 2016 3521 2104; baseline 0.002 -21"><span class='ocrx_word' id='word_1_335' title='bbox 1898 2029 2281 2085; x_wconf 82' lang='lat' dir='ltr'><strong>Anennoetum</strong></span> <span class='ocrx_word' id='word_1_336' title='bbox 2315 2036 2535 2097; x_wconf 86' lang='lat' dir='ltr'><strong>vocant,</strong></span> <span class='ocrx_word' id='word_1_337' title='bbox 2592 2030 2841 2086; x_wconf 87' lang='lat' dir='ltr'><strong>secundo</strong></span> <span class='ocrx_word' id='word_1_338' title='bbox 2891 2038 3157 2103; x_wconf 83' lang='lat' dir='ltr'><strong>sextoque</strong></span> <span class='ocrx_word' id='word_1_339' title='bbox 3196 2032 3325 2088; x_wconf 93' lang='lat' dir='ltr'><strong>loco</strong></span> <span class='ocrx_word' id='word_1_340' title='bbox 3373 2016 3521 2104; x_wconf 6' lang='lat' dir='ltr'><strong>pro-5</strong></span> 
     </span>
    </p>
   </div>
   <div class='ocr_carea' id='block_1_47' title="bbox 1899 2119 3501 2197">
    <p class='ocr_par' dir='ltr' id='par_1_47' title="bbox 1899 2119 3501 2197">
     <span class='ocr_line' id='line_1_47' title="bbox 1899 2119 3501 2197; baseline 0.006 -22"><span class='ocrx_word' id='word_1_341' title='bbox 1899 2119 2126 2176; x_wconf 90' lang='lat' dir='ltr'><strong>ductum</strong></span> <span class='ocrx_word' id='word_1_342' title='bbox 2156 2122 2559 2192; x_wconf 82' lang='lat' dir='ltr'><strong>Acataleptum,</strong></span> <span class='ocrx_word' id='word_1_343' title='bbox 2596 2121 2702 2177; x_wconf 87' lang='lat' dir='ltr'><strong>hoc</strong></span> <span class='ocrx_word' id='word_1_344' title='bbox 2726 2130 2811 2179; x_wconf 89' lang='lat' dir='ltr'><strong>est</strong></span> <span class='ocrx_word' id='word_1_345' title='bbox 2841 2123 3392 2197; x_wconf 80' lang='lat' dir='ltr'><strong>incompreltensibile.</strong></span> <span class='ocrx_word' id='word_1_346' title='bbox 3416 2126 3501 2185; x_wconf 79' lang='lat' dir='ltr'><strong>Ab</strong></span> 
     </span>
    </p>
   </div>
   <div class='ocr_carea' id='block_1_48' title="bbox 1898 2210 3495 2284">
    <p class='ocr_par' dir='ltr' id='par_1_48' title="bbox 1898 2210 3495 2284">
     <span class='ocr_line' id='line_1_48' title="bbox 1898 2210 3495 2284; baseline 0.004 -21"><span class='ocrx_word' id='word_1_347' title='bbox 1898 2210 2268 2280; x_wconf 85' lang='lat' dir='ltr'><strong>inexplicabili</strong></span> <span class='ocrx_word' id='word_1_348' title='bbox 2299 2210 2496 2267; x_wconf 83' lang='lat' dir='ltr'><strong>deinde</strong></span> <span class='ocrx_word' id='word_1_349' title='bbox 2530 2213 2695 2268; x_wconf 90' lang='lat' dir='ltr'><strong>tertio</strong></span> <span class='ocrx_word' id='word_1_350' title='bbox 2736 2212 2859 2267; x_wconf 92' lang='lat' dir='ltr'><strong>loco</strong></span> <span class='ocrx_word' id='word_1_351' title='bbox 2888 2228 2953 2268; x_wconf 87' lang='lat' dir='ltr'><strong>ac</strong></span> <span class='ocrx_word' id='word_1_352' title='bbox 2987 2213 3224 2284; x_wconf 84' lang='lat' dir='ltr'><strong>septimo</strong></span> <span class='ocrx_word' id='word_1_353' title='bbox 3262 2214 3495 2270; x_wconf 86' lang='lat' dir='ltr'><strong>Anono-</strong></span> 
     </span>
    </p>
   </div>
   <div class='ocr_carea' id='block_1_49' title="bbox 1898 2305 3499 2371">
    <p class='ocr_par' dir='ltr' id='par_1_49' title="bbox 1898 2305 3499 2371">
     <span class='ocr_line' id='line_1_49' title="bbox 1898 2305 3499 2371; baseline 0.006 -13"><span class='ocrx_word' id='word_1_354' title='bbox 1898 2311 2174 2371; x_wconf 89' lang='lat' dir='ltr'><strong>mastum,</strong></span> <span class='ocrx_word' id='word_1_355' title='bbox 2230 2306 2346 2361; x_wconf 83' lang='lat' dir='ltr'><strong>sive</strong></span> <span class='ocrx_word' id='word_1_356' title='bbox 2412 2305 2815 2361; x_wconf 78' lang='lat' dir='ltr'><strong>innominabite.</strong></span> <span class='ocrx_word' id='word_1_357' title='bbox 2866 2305 3093 2361; x_wconf 85' lang='lat' dir='ltr'><strong>Demum</strong></span> <span class='ocrx_word' id='word_1_358' title='bbox 3164 2308 3233 2364; x_wconf 86' lang='lat' dir='ltr'><strong>ab</strong></span> <span class='ocrx_word' id='word_1_359' title='bbox 3291 2310 3499 2367; x_wconf 87' lang='lat' dir='ltr'><strong>Aorato</strong></span> 
     </span>
    </p>
   </div>
   <div class='ocr_carea' id='block_1_50' title="bbox 1897 2397 3498 2470">
    <p class='ocr_par' dir='ltr' id='par_1_50' title="bbox 1897 2397 3498 2470">
     <span class='ocr_line' id='line_1_50' title="bbox 1897 2397 3498 2470; baseline 0.005 -20"><span class='ocrx_word' id='word_1_360' title='bbox 1897 2398 2264 2469; x_wconf 78' lang='lat' dir='ltr'><strong>Agennetum,</strong></span> <span class='ocrx_word' id='word_1_361' title='bbox 2315 2397 2430 2454; x_wconf 91' lang='lat' dir='ltr'><strong>sive</strong></span> <span class='ocrx_word' id='word_1_362' title='bbox 2464 2398 2774 2470; x_wconf 86' lang='lat' dir='ltr'><strong>lngenitum</strong></span> <span class='ocrx_word' id='word_1_363' title='bbox 2816 2397 3092 2468; x_wconf 89' lang='lat' dir='ltr'><strong>prodiisse</strong></span> <span class='ocrx_word' id='word_1_364' title='bbox 3125 2400 3314 2470; x_wconf 72' lang='lat' dir='ltr'><strong>prima:</strong></span> <span class='ocrx_word' id='word_1_365' title='bbox 3348 2400 3498 2459; x_wconf 83' lang='lat' dir='ltr'><strong>illius</strong></span> 
     </span>
    </p>
   </div>
   <div class='ocr_carea' id='block_1_51' title="bbox 1897 2485 3495 2560">
    <p class='ocr_par' dir='ltr' id='par_1_51' title="bbox 1897 2485 3495 2560">
     <span class='ocr_line' id='line_1_51' title="bbox 1897 2485 3495 2560; baseline 0.002 -19"><span class='ocrx_word' id='word_1_366' title='bbox 1897 2486 2174 2560; x_wconf 87' lang='lat' dir='ltr'><strong>Ogdoadis</strong></span> <span class='ocrx_word' id='word_1_367' title='bbox 2239 2487 2726 2558; x_wconf 84' lang='lat' dir='ltr'><strong>complementum.</strong></span> <span class='ocrx_word' id='word_1_368' title='bbox 2767 2485 2881 2541; x_wconf 90' lang='lat' dir='ltr'><strong>llas</strong></span> <span class='ocrx_word' id='word_1_369' title='bbox 2939 2486 3018 2541; x_wconf 91' lang='lat' dir='ltr'><strong>illi</strong></span> <span class='ocrx_word' id='word_1_370' title='bbox 3071 2489 3304 2544; x_wconf 79' lang='lat' dir='ltr'><strong>virtutes</strong></span> <span class='ocrx_word' id='word_1_371' title='bbox 3364 2496 3495 2544; x_wconf 84' lang='lat' dir='ltr'><strong>ante</strong></span> 
     </span>
    </p>
   </div>
   <div class='ocr_carea' id='block_1_52' title="bbox 1897 2576 3498 2654">
    <p class='ocr_par' dir='ltr' id='par_1_52' title="bbox 1897 2576 3498 2654">
     <span class='ocr_line' id='line_1_52' title="bbox 1897 2576 3498 2654; baseline 0.003 -22"><span class='ocrx_word' id='word_1_372' title='bbox 1897 2577 2112 2654; x_wconf 79' lang='lat' dir='ltr'><strong>Bython</strong></span> <span class='ocrx_word' id='word_1_373' title='bbox 2171 2593 2238 2634; x_wconf 87' lang='lat' dir='ltr'><strong>ac</strong></span> <span class='ocrx_word' id='word_1_374' title='bbox 2292 2576 2457 2650; x_wconf 85' lang='lat' dir='ltr'><strong>Sigen</strong></span> <span class='ocrx_word' id='word_1_375' title='bbox 2495 2577 2775 2634; x_wconf 82' lang='lat' dir='ltr'><strong>exstitisse</strong></span> <span class='ocrx_word' id='word_1_376' title='bbox 2813 2586 3064 2642; x_wconf 87' lang='lat' dir='ltr'><strong>censent,</strong></span> <span class='ocrx_word' id='word_1_377' title='bbox 3123 2585 3182 2633; x_wconf 90' lang='lat' dir='ltr'><strong>ut</strong></span> <span class='ocrx_word' id='word_1_378' title='bbox 3232 2580 3498 2650; x_wconf 78' lang='lat' dir='ltr'><strong>perfectis</strong></span> 
     </span>
    </p>
   </div>
   <div class='ocr_carea' id='block_1_53' title="bbox 1895 2667 3497 2742">
    <p class='ocr_par' dir='ltr' id='par_1_53' title="bbox 1895 2667 3497 2742">
     <span class='ocr_line' id='line_1_53' title="bbox 1895 2667 3497 2742; baseline 0.003 -19"><span class='ocrx_word' id='word_1_379' title='bbox 1895 2667 2281 2740; x_wconf 82' lang='lat' dir='ltr'><strong>perfectiores,</strong></span> <span class='ocrx_word' id='word_1_380' title='bbox 2344 2678 2510 2741; x_wconf 88' lang='lat' dir='ltr'><strong>atque</strong></span> <span class='ocrx_word' id='word_1_381' title='bbox 2571 2669 3004 2741; x_wconf 85' lang='lat' dir='ltr'><strong>intelligentibus</strong></span> <span class='ocrx_word' id='word_1_382' title='bbox 3045 2671 3497 2742; x_wconf 84' lang='lat' dir='ltr'><strong>intelligentiorcs</strong></span> 
     </span>
    </p>
   </div>
   <div class='ocr_carea' id='block_1_54' title="bbox 1894 2746 3543 2834">
    <p class='ocr_par' dir='ltr' id='par_1_54' title="bbox 1894 2746 3543 2834">
     <span class='ocr_line' id='line_1_54' title="bbox 1894 2746 3543 2834; baseline 0.001 -18"><span class='ocrx_word' id='word_1_383' title='bbox 1894 2777 2020 2820; x_wconf 88' lang='lat' dir='ltr'><strong>esse</strong></span> <span class='ocrx_word' id='word_1_384' title='bbox 2073 2763 2384 2819; x_wconf 89' lang='lat' dir='ltr'><strong>videantur.</strong></span> <span class='ocrx_word' id='word_1_385' title='bbox 2436 2761 2482 2817; x_wconf 90' lang='grc' dir='ltr'><strong>Ο</strong></span> <span class='ocrx_word' id='word_1_386' title='bbox 2520 2762 2881 2834; x_wconf 87' lang='lat' dir='ltr'><strong>nugacissimi</strong></span> <span class='ocrx_word' id='word_1_387' title='bbox 2942 2746 3344 2834; x_wconf 76' lang='lat' dir='ltr'><strong>vanissimique</strong></span> <span class='ocrx_word' id='word_1_388' title='bbox 3406 2778 3543 2825; x_wconf 40' lang='lat' dir='ltr'><strong>so»</strong></span> 
     </span>
    </p>
   </div>
   <div class='ocr_carea' id='block_1_55' title="bbox 1896 2854 3495 2927">
    <p class='ocr_par' dir='ltr' id='par_1_55' title="bbox 1896 2854 3495 2927">
     <span class='ocr_line' id='line_1_55' title="bbox 1896 2854 3495 2927; baseline 0.003 -17"><span class='ocrx_word' id='word_1_389' title='bbox 1896 2856 2126 2926; x_wconf 63' lang='lat' dir='ltr'><strong>pliisttel</strong></span> <span class='ocrx_word' id='word_1_390' title='bbox 2176 2855 2268 2911; x_wconf 86' lang='lat' dir='ltr'><strong>Sic</strong></span> <span class='ocrx_word' id='word_1_391' title='bbox 2321 2854 2472 2911; x_wconf 90' lang='lat' dir='ltr'><strong>enim</strong></span> <span class='ocrx_word' id='word_1_392' title='bbox 2548 2870 2645 2911; x_wconf 87' lang='lat' dir='ltr'><strong>eos</strong></span> <span class='ocrx_word' id='word_1_393' title='bbox 2692 2855 2818 2926; x_wconf 85' lang='lat' dir='ltr'><strong>jure</strong></span> <span class='ocrx_word' id='word_1_394' title='bbox 2865 2855 3144 2926; x_wconf 84' lang='lat' dir='ltr'><strong>quispiam</strong></span> <span class='ocrx_word' id='word_1_395' title='bbox 3230 2855 3495 2927; x_wconf 86' lang='lat' dir='ltr'><strong>appellet.</strong></span> 
     </span>
    </p>
   </div>
   <div class='ocr_carea' id='block_1_56' title="bbox 1893 2945 3498 3017">
    <p class='ocr_par' dir='ltr' id='par_1_56' title="bbox 1893 2945 3498 3017">
     <span class='ocr_line' id='line_1_56' title="bbox 1893 2945 3498 3017; baseline 0.001 -17"><span class='ocrx_word' id='word_1_396' title='bbox 1893 2946 2030 3001; x_wconf 85' lang='lat' dir='ltr'><strong>Nam</strong></span> <span class='ocrx_word' id='word_1_397' title='bbox 2055 2954 2108 3003; x_wconf 85' lang='lat' dir='ltr'><strong>et</strong></span> <span class='ocrx_word' id='word_1_398' title='bbox 2135 2946 2202 3002; x_wconf 90' lang='lat' dir='ltr'><strong>de</strong></span> <span class='ocrx_word' id='word_1_399' title='bbox 2228 2945 2403 3017; x_wconf 76' lang='lat' dir='ltr'><strong>Bytho</strong></span> <span class='ocrx_word' id='word_1_400' title='bbox 2437 2945 2620 3016; x_wconf 87' lang='lat' dir='ltr'><strong>plures</strong></span> <span class='ocrx_word' id='word_1_401' title='bbox 2655 2953 2785 3001; x_wconf 89' lang='lat' dir='ltr'><strong>sunt</strong></span> <span class='ocrx_word' id='word_1_402' title='bbox 2811 2945 2955 3016; x_wconf 89' lang='lat' dir='ltr'><strong>apud</strong></span> <span class='ocrx_word' id='word_1_403' title='bbox 2994 2945 3120 3003; x_wconf 92' lang='lat' dir='ltr'><strong>illos</strong></span> <span class='ocrx_word' id='word_1_404' title='bbox 3173 2946 3402 3017; x_wconf 83' lang='lat' dir='ltr'><strong>alioqui,</strong></span> <span class='ocrx_word' id='word_1_405' title='bbox 3430 2961 3498 3002; x_wconf 85' lang='lat' dir='ltr'><strong>ac</strong></span> 
     </span>
    </p>
   </div>
   <div class='ocr_carea' id='block_1_57' title="bbox 1895 3035 3495 3111">
    <p class='ocr_par' dir='ltr' id='par_1_57' title="bbox 1895 3035 3495 3111">
     <span class='ocr_line' id='line_1_57' title="bbox 1895 3035 3495 3111; baseline -0.001 -18"><span class='ocrx_word' id='word_1_406' title='bbox 1895 3038 2280 3110; x_wconf 86' lang='lat' dir='ltr'><strong>discrepantes</strong></span> <span class='ocrx_word' id='word_1_407' title='bbox 2348 3037 2650 3093; x_wconf 69' lang='lat' dir='ltr'><strong>sententias.</strong></span> <span class='ocrx_word' id='word_1_408' title='bbox 2705 3035 2941 3104; x_wconf 87' lang='lat' dir='ltr'><strong>Quidam</strong></span> <span class='ocrx_word' id='word_1_409' title='bbox 3020 3036 3169 3092; x_wconf 90' lang='lat' dir='ltr'><strong>enim</strong></span> <span class='ocrx_word' id='word_1_410' title='bbox 3246 3038 3495 3111; x_wconf 85' lang='lat' dir='ltr'><strong>injugem</strong></span> 
     </span>
    </p>
   </div>
   <div class='ocr_carea' id='block_1_58' title="bbox 186 3129 1790 3213">
    <p class='ocr_par' dir='ltr' id='par_1_58' title="bbox 186 3130 1790 3213">
     <span class='ocr_line' id='line_1_58' title="bbox 186 3130 1790 3213; baseline -0.007 -18"><span class='ocrx_word' id='word_1_411' title='bbox 186 3141 259 3195; x_wconf 78' lang='grc' dir='ltr'>τὰ</span> <span class='ocrx_word' id='word_1_412' title='bbox 288 3138 594 3193; x_wconf 86' lang='grc' dir='ltr'>κατάλοιπα</span> <span class='ocrx_word' id='word_1_413' title='bbox 616 3134 761 3189; x_wconf 79' lang='grc' dir='ltr'>οὕτω</span> <span class='ocrx_word' id='word_1_414' title='bbox 789 3135 1343 3213; x_wconf 82' lang='grc' dir='ltr'>δραματουργήσῳσι.</span> <span class='ocrx_word' id='word_1_415' title='bbox 1375 3132 1487 3186; x_wconf 75' lang='grc' dir='ltr'><strong>Καὶ</strong></span> <span class='ocrx_word' id='word_1_416' title='bbox 1508 3130 1677 3202; x_wconf 85' lang='grc' dir='ltr'>πολλή</span> <span class='ocrx_word' id='word_1_417' title='bbox 1709 3148 1790 3195; x_wconf 88' lang='grc' dir='ltr'><strong>τις</strong></span> 
     </span>
    </p>
   </div>
   <div class='ocr_carea' id='block_1_59' title="bbox 1901 3129 3491 3213">
    <p class='ocr_par' dir='ltr' id='par_1_59' title="bbox 1901 3129 3491 3196">
     <span class='ocr_line' id='line_1_59' title="bbox 1901 3129 3491 3196; baseline -0.001 -9"><span class='ocrx_word' id='word_1_418' title='bbox 1901 3133 2050 3187; x_wconf 92' lang='lat' dir='ltr'><strong>illum</strong></span> <span class='ocrx_word' id='word_1_419' title='bbox 2090 3147 2213 3188; x_wconf 89' lang='lat' dir='ltr'><strong>esse</strong></span> <span class='ocrx_word' id='word_1_420' title='bbox 2240 3131 2533 3196; x_wconf 90' lang='lat' dir='ltr'><strong>deliniunt,</strong></span> <span class='ocrx_word' id='word_1_421' title='bbox 2567 3145 2668 3185; x_wconf 88' lang='lat' dir='ltr'><strong>nec</strong></span> <span class='ocrx_word' id='word_1_422' title='bbox 2701 3144 2911 3185; x_wconf 87' lang='lat' dir='ltr'><strong>marem</strong></span> <span class='ocrx_word' id='word_1_423' title='bbox 2943 3130 3179 3192; x_wconf 84' lang='lat' dir='ltr'><strong>scilicet.</strong></span> <span class='ocrx_word' id='word_1_424' title='bbox 3208 3146 3311 3185; x_wconf 87' lang='lat' dir='ltr'><strong>nec</strong></span> <span class='ocrx_word' id='word_1_425' title='bbox 3335 3129 3491 3187; x_wconf 85' lang='lat' dir='ltr'><strong>femi-</strong></span> 
     </span>
    </p>
   </div>
   <div class='ocr_carea' id='block_1_60' title="bbox 188 3223 1790 3301">
    <p class='ocr_par' dir='ltr' id='par_1_60' title="bbox 188 3223 1790 3301">
     <span class='ocr_line' id='line_1_60' title="bbox 188 3223 1790 3301; baseline -0.006 -16"><span class='ocrx_word' id='word_1_426' title='bbox 188 3232 248 3285; x_wconf 73' lang='grc' dir='ltr'>ὲν</span> <span class='ocrx_word' id='word_1_427' title='bbox 277 3231 464 3294; x_wconf 79' lang='grc' dir='ltr'>αὐτοῖς</span> <span class='ocrx_word' id='word_1_428' title='bbox 490 3231 524 3301; x_wconf 80' lang='grc' dir='ltr'><strong>ὴ</strong></span> <span class='ocrx_word' id='word_1_429' title='bbox 555 3229 634 3294; x_wconf 80' lang='grc' dir='ltr'><strong>είς</strong></span> <span class='ocrx_word' id='word_1_430' title='bbox 664 3227 833 3281; x_wconf 84' lang='grc' dir='ltr'>ύπνον</span> <span class='ocrx_word' id='word_1_431' title='bbox 862 3224 1031 3297; x_wconf 78' lang='grc' dir='ltr'>βαθὺν</span> <span class='ocrx_word' id='word_1_432' title='bbox 1067 3225 1158 3278; x_wconf 85' lang='grc' dir='ltr'><strong>τὸν</strong></span> <span class='ocrx_word' id='word_1_433' title='bbox 1185 3224 1309 3278; x_wconf 76' lang='grc' dir='ltr'>νοῦν</span> <span class='ocrx_word' id='word_1_434' title='bbox 1336 3223 1514 3277; x_wconf 75' lang='grc' dir='ltr'>αὐτῶν</span> <span class='ocrx_word' id='word_1_435' title='bbox 1548 3223 1790 3293; x_wconf 68' lang='grc' dir='ltr'>καταφέφ</span> 
     </span>
    </p>
   </div>
   <div class='ocr_carea' id='block_1_61' title="bbox 190 3319 1081 3399">
    <p class='ocr_par' dir='ltr' id='par_1_61' title="bbox 190 3319 1081 3399">
     <span class='ocr_line' id='line_1_61' title="bbox 190 3319 1081 3399; baseline -0.008 -20"><span class='ocrx_word' id='word_1_436' title='bbox 190 3342 367 3399; x_wconf 83' lang='grc' dir='ltr'>ρουσα</span> <span class='ocrx_word' id='word_1_437' title='bbox 394 3322 687 3396; x_wconf 86' lang='grc' dir='ltr'>ληρολόγος</span> <span class='ocrx_word' id='word_1_438' title='bbox 717 3319 1081 3393; x_wconf 81' lang='grc' dir='ltr'>ὀνειροπολία.</span> 
     </span>
    </p>
   </div>
   <div class='ocr_carea' id='block_1_62' title="bbox 1901 3221 3491 3294">
    <p class='ocr_par' dir='ltr' id='par_1_62' title="bbox 1901 3221 3491 3294">
     <span class='ocr_line' id='line_1_62' title="bbox 1901 3221 3491 3294; baseline -0.001 -15"><span class='ocrx_word' id='word_1_439' title='bbox 1901 3239 2050 3292; x_wconf 90' lang='lat' dir='ltr'><strong>nam,</strong></span> <span class='ocrx_word' id='word_1_440' title='bbox 2071 3238 2248 3294; x_wconf 89' lang='lat' dir='ltr'><strong>neque</strong></span> <span class='ocrx_word' id='word_1_441' title='bbox 2273 3222 2499 3278; x_wconf 89' lang='lat' dir='ltr'><strong>omnino</strong></span> <span class='ocrx_word' id='word_1_442' title='bbox 2517 3221 2745 3276; x_wconf 88' lang='lat' dir='ltr'><strong>alterius</strong></span> <span class='ocrx_word' id='word_1_443' title='bbox 2764 3221 2983 3293; x_wconf 84' lang='lat' dir='ltr'><strong>generis</strong></span> <span class='ocrx_word' id='word_1_444' title='bbox 3003 3221 3151 3276; x_wconf 84' lang='lat' dir='ltr'><strong>aliud</strong></span> <span class='ocrx_word' id='word_1_445' title='bbox 3168 3222 3491 3294; x_wconf 87' lang='lat' dir='ltr'><strong>quidquam.</strong></span> 
     </span>
    </p>
   </div>
   <div class='ocr_carea' id='block_1_63' title="bbox 1903 3309 3489 3383">
    <p class='ocr_par' dir='ltr' id='par_1_63' title="bbox 1903 3309 3489 3383">
     <span class='ocr_line' id='line_1_63' title="bbox 1903 3309 3489 3383; baseline -0.005 -13"><span class='ocrx_word' id='word_1_446' title='bbox 1903 3315 2011 3370; x_wconf 79' lang='lat' dir='ltr'><strong>Alii</strong></span> <span class='ocrx_word' id='word_1_447' title='bbox 2045 3321 2342 3383; x_wconf 87' lang='lat' dir='ltr'><strong>utrumque</strong></span> <span class='ocrx_word' id='word_1_448' title='bbox 2375 3312 2424 3367; x_wconf 91' lang='lat' dir='ltr'><strong>ei</strong></span> <span class='ocrx_word' id='word_1_449' title='bbox 2461 3326 2654 3368; x_wconf 82' lang='lat' dir='ltr'><strong>sexum</strong></span> <span class='ocrx_word' id='word_1_450' title='bbox 2698 3309 3042 3375; x_wconf 89' lang='lat' dir='ltr'><strong>attribuunt,</strong></span> <span class='ocrx_word' id='word_1_451' title='bbox 3100 3318 3155 3366; x_wconf 89' lang='lat' dir='ltr'><strong>et</strong></span> <span class='ocrx_word' id='word_1_452' title='bbox 3205 3310 3489 3381; x_wconf 56' lang='lat' dir='ltr'><strong>Androgyv</strong></span> 
     </span>
    </p>
   </div>
   <div class='ocr_carea' id='block_1_64' title="bbox 188 3402 3493 3489">
    <p class='ocr_par' dir='ltr' id='par_1_64' title="bbox 188 3402 3493 3489">
     <span class='ocr_line' id='line_1_64' title="bbox 188 3402 3493 3489; baseline -0.006 -11"><span class='ocrx_word' id='word_1_453' title='bbox 188 3438 327 3478; x_wconf 92' lang='lat' dir='ltr'><strong>num</strong></span> <span class='ocrx_word' id='word_1_454' title='bbox 350 3419 586 3477; x_wconf 90' lang='lat' dir='ltr'><strong>faciunt.</strong></span> <span class='ocrx_word' id='word_1_455' title='bbox 626 3417 793 3489; x_wconf 87' lang='lat' dir='ltr'><strong>Sigen</strong></span> <span class='ocrx_word' id='word_1_456' title='bbox 822 3432 989 3488; x_wconf 89' lang='lat' dir='ltr'><strong>porro</strong></span> <span class='ocrx_word' id='word_1_457' title='bbox 1027 3414 1117 3470; x_wconf 89' lang='lat' dir='ltr'><strong>alii</strong></span> <span class='ocrx_word' id='word_1_458' title='bbox 1156 3413 1448 3485; x_wconf 84' lang='lat' dir='ltr'><strong>conjugcm</strong></span> <span class='ocrx_word' id='word_1_459' title='bbox 1474 3413 1623 3468; x_wconf 89' lang='lat' dir='ltr'><strong>illius</strong></span> <span class='ocrx_word' id='word_1_460' title='bbox 1661 3426 1787 3468; x_wconf 88' lang='lat' dir='ltr'><strong>esse</strong></span> <span class='ocrx_word' id='word_1_461' title='bbox 1825 3409 2036 3475; x_wconf 87' lang='lat' dir='ltr'><strong>dicunt,</strong></span> <span class='ocrx_word' id='word_1_462' title='bbox 2069 3415 2128 3462; x_wconf 93' lang='lat' dir='ltr'><strong>ut</strong></span> <span class='ocrx_word' id='word_1_463' title='bbox 2189 3408 2291 3462; x_wconf 85' lang='lat' dir='ltr'><strong>hoc</strong></span> <span class='ocrx_word' id='word_1_464' title='bbox 2318 3422 2416 3477; x_wconf 91' lang='lat' dir='ltr'><strong>par</strong></span> <span class='ocrx_word' id='word_1_465' title='bbox 2474 3404 2545 3461; x_wconf 88' lang='lat' dir='ltr'><strong>sit</strong></span> <span class='ocrx_word' id='word_1_466' title='bbox 2584 3402 2834 3459; x_wconf 81' lang='lat' dir='ltr'><strong>omnium</strong></span> <span class='ocrx_word' id='word_1_467' title='bbox 2902 3402 3385 3473; x_wconf 89' lang='lat' dir='ltr'><strong>antiquissimum:</strong></span> <span class='ocrx_word' id='word_1_468' title='bbox 3426 3418 3493 3457; x_wconf 85' lang='lat' dir='ltr'><strong>ex</strong></span> 
     </span>
    </p>
   </div>
   <div class='ocr_carea' id='block_1_65' title="bbox 186 3495 3493 3585">
    <p class='ocr_par' dir='ltr' id='par_1_65' title="bbox 186 3495 3493 3585">
     <span class='ocr_line' id='line_1_65' title="bbox 186 3495 3493 3585; baseline -0.006 -16"><span class='ocrx_word' id='word_1_469' title='bbox 186 3530 304 3585; x_wconf 91' lang='lat' dir='ltr'><strong>quo</strong></span> <span class='ocrx_word' id='word_1_470' title='bbox 331 3520 530 3569; x_wconf 68' lang='lat' dir='ltr'><strong>caetera</strong></span> <span class='ocrx_word' id='word_1_471' title='bbox 560 3511 628 3567; x_wconf 85' lang='lat' dir='ltr'><strong>ad</strong></span> <span class='ocrx_word' id='word_1_472' title='bbox 661 3526 786 3567; x_wconf 91' lang='lat' dir='ltr'><strong>eum</strong></span> <span class='ocrx_word' id='word_1_473' title='bbox 822 3508 1046 3565; x_wconf 91' lang='lat' dir='ltr'><strong>modum</strong></span> <span class='ocrx_word' id='word_1_474' title='bbox 1099 3508 1245 3563; x_wconf 89' lang='lat' dir='ltr'><strong>velut</strong></span> <span class='ocrx_word' id='word_1_475' title='bbox 1304 3508 1580 3561; x_wconf 82' lang='lat' dir='ltr'><strong>scenicam</strong></span> <span class='ocrx_word' id='word_1_476' title='bbox 1624 3503 1864 3559; x_wconf 84' lang='lat' dir='ltr'><strong>fabulam</strong></span> <span class='ocrx_word' id='word_1_477' title='bbox 1931 3507 2245 3573; x_wconf 88' lang='lat' dir='ltr'><strong>pertexunt.</strong></span> <span class='ocrx_word' id='word_1_478' title='bbox 2309 3499 2387 3553; x_wconf 89' lang='lat' dir='ltr'><strong>lta</strong></span> <span class='ocrx_word' id='word_1_479' title='bbox 2443 3511 2658 3552; x_wconf 90' lang='lat' dir='ltr'><strong>summa</strong></span> <span class='ocrx_word' id='word_1_480' title='bbox 2705 3502 2793 3550; x_wconf 90' lang='lat' dir='ltr'><strong>est</strong></span> <span class='ocrx_word' id='word_1_481' title='bbox 2832 3495 2976 3567; x_wconf 90' lang='lat' dir='ltr'><strong>apud</strong></span> <span class='ocrx_word' id='word_1_482' title='bbox 3032 3495 3180 3565; x_wconf 89' lang='lat' dir='ltr'><strong>ipsos</strong></span> <span class='ocrx_word' id='word_1_483' title='bbox 3221 3506 3493 3563; x_wconf 82' lang='lat' dir='ltr'><strong>nugarum</strong></span> 
     </span>
    </p>
   </div>
   <div class='ocr_carea' id='block_1_66' title="bbox 189 3590 3019 3676">
    <p class='ocr_par' dir='ltr' id='par_1_66' title="bbox 189 3590 3019 3676">
     <span class='ocr_line' id='line_1_66' title="bbox 189 3590 3019 3676; baseline -0.007 -12"><span class='ocrx_word' id='word_1_484' title='bbox 189 3623 256 3665; x_wconf 82' lang='lat' dir='ltr'><strong>ac</strong></span> <span class='ocrx_word' id='word_1_485' title='bbox 282 3607 624 3666; x_wconf 89' lang='lat' dir='ltr'><strong>somniorum</strong></span> <span class='ocrx_word' id='word_1_486' title='bbox 656 3605 900 3670; x_wconf 85' lang='lat' dir='ltr'><strong>licentia,</strong></span> <span class='ocrx_word' id='word_1_487' title='bbox 923 3604 1126 3676; x_wconf 87' lang='lat' dir='ltr'><strong>quibus</strong></span> <span class='ocrx_word' id='word_1_488' title='bbox 1164 3617 1355 3658; x_wconf 92' lang='lat' dir='ltr'><strong>eorum</strong></span> <span class='ocrx_word' id='word_1_489' title='bbox 1375 3617 1534 3656; x_wconf 90' lang='lat' dir='ltr'><strong>mens</strong></span> <span class='ocrx_word' id='word_1_490' title='bbox 1576 3601 1850 3657; x_wconf 90' lang='lat' dir='ltr'><strong>altissimo</strong></span> <span class='ocrx_word' id='word_1_491' title='bbox 1876 3598 2116 3670; x_wconf 89' lang='lat' dir='ltr'><strong>quodam</strong></span> <span class='ocrx_word' id='word_1_492' title='bbox 2147 3603 2372 3651; x_wconf 85' lang='lat' dir='ltr'><strong>veterno</strong></span> <span class='ocrx_word' id='word_1_493' title='bbox 2407 3609 2470 3648; x_wconf 90' lang='lat' dir='ltr'><strong>ac</strong></span> <span class='ocrx_word' id='word_1_494' title='bbox 2501 3608 2699 3665; x_wconf 85' lang='lat' dir='ltr'><strong>sopore</strong></span> <span class='ocrx_word' id='word_1_495' title='bbox 2727 3590 3019 3647; x_wconf 89' lang='lat' dir='ltr'><strong>detinetur.</strong></span> 
     </span>
    </p>
   </div>
   <div class='ocr_carea' id='block_1_67' title="bbox 259 3712 1792 3789">
    <p class='ocr_par' dir='ltr' id='par_1_67' title="bbox 259 3712 1792 3789">
     <span class='ocr_line' id='line_1_67' title="bbox 259 3712 1792 3789; baseline -0.004 -16"><span class='ocrx_word' id='word_1_496' title='bbox 259 3719 377 3774; x_wconf 77' lang='lat' dir='ltr'><strong>Kal.</strong></span> <span class='ocrx_word' id='word_1_497' title='bbox 399 3718 454 3771; x_wconf 89' lang='grc' dir='ltr'><strong>τί</strong></span> <span class='ocrx_word' id='word_1_498' title='bbox 492 3734 583 3789; x_wconf 82' lang='grc' dir='ltr'><strong>μοι</strong></span> <span class='ocrx_word' id='word_1_499' title='bbox 609 3716 701 3772; x_wconf 69' lang='grc' dir='ltr'><strong>ἐπὶ</strong></span> <span class='ocrx_word' id='word_1_500' title='bbox 743 3716 805 3770; x_wconf 84' lang='grc' dir='ltr'><strong>τὸ</strong></span> <span class='ocrx_word' id='word_1_501' title='bbox 846 3715 982 3769; x_wconf 81' lang='grc' dir='ltr'>πολὺ</span> <span class='ocrx_word' id='word_1_502' title='bbox 1028 3712 1479 3786; x_wconf 77' lang='grc' dir='ltr'>κατατρίϐεσθαι,</span> <span class='ocrx_word' id='word_1_503' title='bbox 1530 3713 1792 3785; x_wconf 84' lang='grc' dir='ltr'>φωρατῆς</span> 
     </span>
    </p>
   </div>
   <div class='ocr_carea' id='block_1_68' title="bbox 186 3803 1792 3881">
    <p class='ocr_par' dir='ltr' id='par_1_68' title="bbox 186 3803 1792 3881">
     <span class='ocr_line' id='line_1_68' title="bbox 186 3803 1792 3881; baseline -0.005 -16"><span class='ocrx_word' id='word_1_504' title='bbox 186 3808 361 3881; x_wconf 70' lang='grc' dir='ltr'>οὔσης</span> <span class='ocrx_word' id='word_1_505' title='bbox 386 3810 487 3881; x_wconf 83' lang='grc' dir='ltr'><strong>τῆς</strong></span> <span class='ocrx_word' id='word_1_506' title='bbox 515 3811 637 3863; x_wconf 82' lang='grc' dir='ltr'>κατ’</span> <span class='ocrx_word' id='word_1_507' title='bbox 676 3808 874 3871; x_wconf 78' lang='grc' dir='ltr'>αὐτοὺς</span> <span class='ocrx_word' id='word_1_508' title='bbox 903 3805 1233 3869; x_wconf 79' lang='grc' dir='ltr'>ὑποθέσεως,</span> <span class='ocrx_word' id='word_1_509' title='bbox 1269 3805 1364 3860; x_wconf 70' lang='grc' dir='ltr'><strong>καὶ</strong></span> <span class='ocrx_word' id='word_1_510' title='bbox 1400 3803 1495 3858; x_wconf 79' lang='grc' dir='ltr'>τοῦ</span> <span class='ocrx_word' id='word_1_511' title='bbox 1542 3806 1663 3858; x_wconf 78' lang='grc' dir='ltr'>κατ’</span> <span class='ocrx_word' id='word_1_512' title='bbox 1694 3805 1792 3858; x_wconf 62' lang='lat' dir='ltr'><strong>a23-</strong></span> 
     </span>
    </p>
   </div>
   <div class='ocr_carea' id='block_1_69' title="bbox 185 3892 1790 3971">
    <p class='ocr_par' dir='ltr' id='par_1_69' title="bbox 185 3892 1790 3971">
     <span class='ocr_line' id='line_1_69' title="bbox 185 3892 1790 3971; baseline -0.005 -15"><span class='ocrx_word' id='word_1_513' title='bbox 185 3902 319 3965; x_wconf 81' lang='grc' dir='ltr'>τοὺς</span> <span class='ocrx_word' id='word_1_514' title='bbox 346 3900 573 3971; x_wconf 81' lang='grc' dir='ltr'>ἐλέγχου</span> <span class='ocrx_word' id='word_1_515' title='bbox 598 3899 696 3953; x_wconf 76' lang='grc' dir='ltr'>καὶ</span> <span class='ocrx_word' id='word_1_516' title='bbox 734 3896 1049 3969; x_wconf 72' lang='grc' dir='ltr'>ἀνατροπῆς</span> <span class='ocrx_word' id='word_1_517' title='bbox 1084 3895 1192 3949; x_wconf 77' lang='grc' dir='ltr'>ἀπὸ</span> <span class='ocrx_word' id='word_1_518' title='bbox 1220 3894 1328 3950; x_wconf 85' lang='grc' dir='ltr'><strong>τῶν</strong></span> <span class='ocrx_word' id='word_1_519' title='bbox 1374 3892 1790 3967; x_wconf 85' lang='grc' dir='ltr'>προειρημένων</span> 
     </span>
    </p>
   </div>
   <div class='ocr_carea' id='block_1_70' title="bbox 189 3985 1789 4066">
    <p class='ocr_par' dir='ltr' id='par_1_70' title="bbox 189 3985 1789 4066">
     <span class='ocr_line' id='line_1_70' title="bbox 189 3985 1789 4066; baseline -0.007 -17"><span class='ocrx_word' id='word_1_520' title='bbox 189 3994 360 4050; x_wconf 80' lang='grc' dir='ltr'>παντὶ</span> <span class='ocrx_word' id='word_1_521' title='bbox 380 3994 459 4066; x_wconf 85' lang='grc' dir='ltr'>τῷ</span> <span class='ocrx_word' id='word_1_522' title='bbox 489 3992 799 4065; x_wconf 71' lang='grc' dir='ltr'>βουλομένῳ</span> <span class='ocrx_word' id='word_1_523' title='bbox 822 3992 921 4063; x_wconf 86' lang='grc' dir='ltr'><strong>τῆς</strong></span> <span class='ocrx_word' id='word_1_524' title='bbox 946 3990 1092 4061; x_wconf 81' lang='grc' dir='ltr'>ζωῆς</span> <span class='ocrx_word' id='word_1_525' title='bbox 1121 3987 1287 4042; x_wconf 77' lang='grc' dir='ltr'>αὑτοῦ</span> <span class='ocrx_word' id='word_1_526' title='bbox 1313 3986 1557 4061; x_wconf 79' lang='grc' dir='ltr'>ἔχεσθαι,</span> <span class='ocrx_word' id='word_1_527' title='bbox 1587 3986 1684 4040; x_wconf 77' lang='grc' dir='ltr'>καὶ</span> <span class='ocrx_word' id='word_1_528' title='bbox 1714 3985 1789 4057; x_wconf 78' lang='grc' dir='ltr'>μὴ</span> 
     </span>
    </p>
   </div>
   <div class='ocr_carea' id='block_1_71' title="bbox 195 4075 1790 4156">
    <p class='ocr_par' dir='ltr' id='par_1_71' title="bbox 195 4075 1790 4156">
     <span class='ocr_line' id='line_1_71' title="bbox 195 4075 1790 4156; baseline -0.008 -14"><span class='ocrx_word' id='word_1_529' title='bbox 195 4085 509 4142; x_wconf 78' lang='grc' dir='ltr'>ἀπατᾶσθαι</span> <span class='ocrx_word' id='word_1_530' title='bbox 530 4088 707 4149; x_wconf 85' lang='grc' dir='ltr'>κενοῖς</span> <span class='ocrx_word' id='word_1_531' title='bbox 740 4084 929 4156; x_wconf 87' lang='grc' dir='ltr'>μύθοις</span> <span class='ocrx_word' id='word_1_532' title='bbox 953 4099 967 4150; x_wconf 87' lang='grc'><strong>;</strong></span> <span class='ocrx_word' id='word_1_533' title='bbox 1013 4080 1172 4136; x_wconf 77' lang='grc' dir='ltr'>Ἀλλά</span> <span class='ocrx_word' id='word_1_534' title='bbox 1198 4079 1374 4134; x_wconf 77' lang='grc' dir='ltr'>ταῦτά</span> <span class='ocrx_word' id='word_1_535' title='bbox 1403 4095 1491 4149; x_wconf 88' lang='grc' dir='ltr'><strong>μοι</strong></span> <span class='ocrx_word' id='word_1_536' title='bbox 1518 4077 1646 4148; x_wconf 78' lang='grc' dir='ltr'>περὶ</span> <span class='ocrx_word' id='word_1_537' title='bbox 1667 4075 1790 4130; x_wconf 80' lang='grc' dir='ltr'>τού-</span> 
     </span>
    </p>
   </div>
   <div class='ocr_carea' id='block_1_72' title="bbox 197 4168 1789 4251">
    <p class='ocr_par' dir='ltr' id='par_1_72' title="bbox 197 4168 1789 4251">
     <span class='ocr_line' id='line_1_72' title="bbox 197 4168 1789 4251; baseline -0.008 -18"><span class='ocrx_word' id='word_1_538' title='bbox 197 4195 309 4233; x_wconf 85' lang='grc' dir='ltr'><strong>των</strong></span> <span class='ocrx_word' id='word_1_539' title='bbox 353 4179 613 4251; x_wconf 77' lang='grc' dir='ltr'>εἰρήσθω.</span> <span class='ocrx_word' id='word_1_540' title='bbox 665 4174 960 4250; x_wconf 84' lang='grc' dir='ltr'>Παρελθὼν</span> <span class='ocrx_word' id='word_1_541' title='bbox 1005 4175 1061 4228; x_wconf 81' lang='grc' dir='ltr'>δὲ</span> <span class='ocrx_word' id='word_1_542' title='bbox 1107 4172 1333 4243; x_wconf 89' lang='grc' dir='ltr'>ταύτην,</span> <span class='ocrx_word' id='word_1_543' title='bbox 1376 4171 1469 4223; x_wconf 73' lang='grc' dir='ltr'>ἐπὶ</span> <span class='ocrx_word' id='word_1_544' title='bbox 1515 4169 1613 4234; x_wconf 84' lang='grc' dir='ltr'>τὰς</span> <span class='ocrx_word' id='word_1_545' title='bbox 1662 4168 1789 4240; x_wconf 78' lang='grc' dir='ltr'>ἑξῆς</span> 
     </span>
    </p>
   </div>
   <div class='ocr_carea' id='block_1_73' title="bbox 190 4260 1785 4344">
    <p class='ocr_par' dir='ltr' id='par_1_73' title="bbox 190 4260 1785 4344">
     <span class='ocr_line' id='line_1_73' title="bbox 190 4260 1785 4344; baseline -0.009 -16"><span class='ocrx_word' id='word_1_546' title='bbox 190 4272 565 4344; x_wconf 77' lang='grc' dir='ltr'>διασκοπήσω,</span> <span class='ocrx_word' id='word_1_547' title='bbox 601 4270 719 4325; x_wconf 83' lang='grc' dir='ltr'>ὁδὸν</span> <span class='ocrx_word' id='word_1_548' title='bbox 755 4267 978 4341; x_wconf 78' lang='grc' dir='ltr'>ἐμαυτῷ</span> <span class='ocrx_word' id='word_1_549' title='bbox 1012 4264 1231 4335; x_wconf 80' lang='grc' dir='ltr'>ἀσφαλῆ</span> <span class='ocrx_word' id='word_1_550' title='bbox 1262 4263 1356 4317; x_wconf 75' lang='grc' dir='ltr'>καὶ</span> <span class='ocrx_word' id='word_1_551' title='bbox 1394 4262 1581 4334; x_wconf 77' lang='grc' dir='ltr'>τρίϐον</span> <span class='ocrx_word' id='word_1_552' title='bbox 1614 4260 1785 4325; x_wconf 88' lang='grc' dir='ltr'>λείαν,</span> 
     </span>
    </p>
   </div>
   <div class='ocr_carea' id='block_1_74' title="bbox 191 4354 1786 4435">
    <p class='ocr_par' dir='ltr' id='par_1_74' title="bbox 191 4354 1786 4435">
     <span class='ocr_line' id='line_1_74' title="bbox 191 4354 1786 4435; baseline -0.008 -15"><span class='ocrx_word' id='word_1_553' title='bbox 191 4367 364 4430; x_wconf 83' lang='grc' dir='ltr'>ὃπως,</span> <span class='ocrx_word' id='word_1_554' title='bbox 392 4366 492 4429; x_wconf 67' lang='grc' dir='ltr'><strong>τὰς</strong></span> <span class='ocrx_word' id='word_1_555' title='bbox 522 4364 727 4421; x_wconf 87' lang='grc' dir='ltr'>τούτων</span> <span class='ocrx_word' id='word_1_556' title='bbox 760 4361 1062 4435; x_wconf 83' lang='grc' dir='ltr'>μοχθηρίας</span> <span class='ocrx_word' id='word_1_557' title='bbox 1084 4355 1296 4423; x_wconf 80' lang='grc' dir='ltr'>διεξιών</span> <span class='ocrx_word' id='word_1_558' title='bbox 1317 4374 1376 4410; x_wconf 91' lang='grc' dir='ltr'><strong>τε</strong></span> <span class='ocrx_word' id='word_1_559' title='bbox 1401 4357 1496 4410; x_wconf 68' lang='grc' dir='ltr'><strong>καὶ</strong></span> <span class='ocrx_word' id='word_1_560' title='bbox 1526 4354 1786 4426; x_wconf 86' lang='grc' dir='ltr'>ἐλέγχων,</span> 
     </span>
    </p>
   </div>
   <div class='ocr_carea' id='block_1_75' title="bbox 1971 3701 3491 3780">
    <p class='ocr_par' dir='ltr' id='par_1_75' title="bbox 1971 3701 3491 3780">
     <span class='ocr_line' id='line_1_75' title="bbox 1971 3701 3491 3780; baseline -0.01 -14"><span class='ocrx_word' id='word_1_561' title='bbox 1971 3709 2299 3780; x_wconf 86' lang='lat' dir='ltr'><strong>Quanquam</strong></span> <span class='ocrx_word' id='word_1_562' title='bbox 2335 3706 2465 3779; x_wconf 90' lang='lat' dir='ltr'><strong>quid</strong></span> <span class='ocrx_word' id='word_1_563' title='bbox 2516 3706 2605 3760; x_wconf 83' lang='lat' dir='ltr'><strong>hic</strong></span> <span class='ocrx_word' id='word_1_564' title='bbox 2643 3719 2744 3775; x_wconf 88' lang='lat' dir='ltr'><strong>ego</strong></span> <span class='ocrx_word' id='word_1_565' title='bbox 2784 3703 2992 3758; x_wconf 85' lang='lat' dir='ltr'><strong>diutius</strong></span> <span class='ocrx_word' id='word_1_566' title='bbox 3028 3701 3322 3766; x_wconf 86' lang='lat' dir='ltr'><strong>immorer;</strong></span> <span class='ocrx_word' id='word_1_567' title='bbox 3366 3713 3491 3752; x_wconf 92' lang='lat' dir='ltr'><strong>cum</strong></span> 
     </span>
    </p>
   </div>
   <div class='ocr_carea' id='block_1_76' title="bbox 1900 3790 3495 3874">
    <p class='ocr_par' dir='ltr' id='par_1_76' title="bbox 1900 3790 3495 3874">
     <span class='ocr_line' id='line_1_76' title="bbox 1900 3790 3495 3874; baseline -0.008 -16"><span class='ocrx_word' id='word_1_568' title='bbox 1900 3805 2080 3874; x_wconf 85' lang='lat' dir='ltr'><strong>ipsum</strong></span> <span class='ocrx_word' id='word_1_569' title='bbox 2134 3817 2231 3873; x_wconf 89' lang='lat' dir='ltr'><strong>per</strong></span> <span class='ocrx_word' id='word_1_570' title='bbox 2259 3816 2382 3856; x_wconf 88' lang='lat' dir='ltr'><strong>sese</strong></span> <span class='ocrx_word' id='word_1_571' title='bbox 2425 3800 2647 3854; x_wconf 85' lang='lat' dir='ltr'><strong>illorum</strong></span> <span class='ocrx_word' id='word_1_572' title='bbox 2696 3805 3080 3867; x_wconf 81' lang='lat' dir='ltr'><strong>argumentum</strong></span> <span class='ocrx_word' id='word_1_573' title='bbox 3144 3807 3304 3846; x_wconf 89' lang='lat' dir='ltr'><strong>omne</strong></span> <span class='ocrx_word' id='word_1_574' title='bbox 3335 3790 3495 3846; x_wconf 81' lang='lat' dir='ltr'><strong>facile</strong></span> 
     </span>
    </p>
   </div>
   <div class='ocr_carea' id='block_1_77' title="bbox 1899 3885 3493 3963">
    <p class='ocr_par' dir='ltr' id='par_1_77' title="bbox 1899 3885 3493 3963">
     <span class='ocr_line' id='line_1_77' title="bbox 1899 3885 3493 3963; baseline -0.009 -15"><span class='ocrx_word' id='word_1_575' title='bbox 1899 3893 2184 3963; x_wconf 74' lang='lat' dir='ltr'><strong>prodatur,</strong></span> <span class='ocrx_word' id='word_1_576' title='bbox 2231 3899 2600 3962; x_wconf 83' lang='lat' dir='ltr'><strong>appareatque</strong></span> <span class='ocrx_word' id='word_1_577' title='bbox 2641 3889 2726 3944; x_wconf 88' lang='lat' dir='ltr'><strong>vel</strong></span> <span class='ocrx_word' id='word_1_578' title='bbox 2769 3903 2833 3942; x_wconf 80' lang='lat' dir='ltr'><strong>ex</strong></span> <span class='ocrx_word' id='word_1_579' title='bbox 2897 3886 2965 3942; x_wconf 91' lang='lat' dir='ltr'><strong>iis</strong></span> <span class='ocrx_word' id='word_1_580' title='bbox 2996 3900 3118 3955; x_wconf 72' lang='lat' dir='ltr'><strong>qua:</strong></span> <span class='ocrx_word' id='word_1_581' title='bbox 3176 3885 3321 3937; x_wconf 88' lang='lat' dir='ltr'><strong>dicta</strong></span> <span class='ocrx_word' id='word_1_582' title='bbox 3365 3892 3493 3938; x_wconf 89' lang='lat' dir='ltr'><strong>sunt</strong></span> 
     </span>
    </p>
   </div>
   <div class='ocr_carea' id='block_1_78' title="bbox 1898 3976 3493 4057">
    <p class='ocr_par' dir='ltr' id='par_1_78' title="bbox 1898 3976 3493 4057">
     <span class='ocr_line' id='line_1_78' title="bbox 1898 3976 3493 4057; baseline -0.006 -16"><span class='ocrx_word' id='word_1_583' title='bbox 1898 3984 2362 4056; x_wconf 85' lang='lat' dir='ltr'><strong>quemadmodum</strong></span> <span class='ocrx_word' id='word_1_584' title='bbox 2425 3983 2596 4039; x_wconf 80' lang='lat' dir='ltr'><strong>everti</strong></span> <span class='ocrx_word' id='word_1_585' title='bbox 2632 3980 3008 4057; x_wconf 82' lang='lat' dir='ltr'><strong>convincique</strong></span> <span class='ocrx_word' id='word_1_586' title='bbox 3063 3977 3274 4049; x_wconf 78' lang='lat' dir='ltr'><strong>possit?</strong></span> <span class='ocrx_word' id='word_1_587' title='bbox 3322 3976 3403 4030; x_wconf 84' lang='lat' dir='ltr'><strong>Sit</strong></span> <span class='ocrx_word' id='word_1_588' title='bbox 3448 3978 3493 4031; x_wconf 84' lang='lat' dir='ltr'><strong>is</strong></span> 
     </span>
    </p>
   </div>
   <div class='ocr_carea' id='block_1_79' title="bbox 1898 4069 3491 4147">
    <p class='ocr_par' dir='ltr' id='par_1_79' title="bbox 1898 4069 3491 4147">
     <span class='ocr_line' id='line_1_79' title="bbox 1898 4069 3491 4147; baseline -0.008 -15"><span class='ocrx_word' id='word_1_589' title='bbox 1898 4076 2063 4132; x_wconf 87' lang='lat' dir='ltr'><strong>modo</strong></span> <span class='ocrx_word' id='word_1_590' title='bbox 2117 4076 2414 4147; x_wconf 86' lang='lat' dir='ltr'><strong>quispiam,</strong></span> <span class='ocrx_word' id='word_1_591' title='bbox 2475 4074 2569 4145; x_wconf 91' lang='lat' dir='ltr'><strong>qui</strong></span> <span class='ocrx_word' id='word_1_592' title='bbox 2616 4070 2883 4128; x_wconf 74' lang='lat' dir='ltr'><strong>inlmrcre</strong></span> <span class='ocrx_word' id='word_1_593' title='bbox 2935 4070 3060 4126; x_wconf 66' lang='lat' dir='ltr'><strong>vita:</strong></span> <span class='ocrx_word' id='word_1_594' title='bbox 3111 4069 3328 4140; x_wconf 89' lang='lat' dir='ltr'><strong>cupiat,</strong></span> <span class='ocrx_word' id='word_1_595' title='bbox 3390 4084 3491 4123; x_wconf 82' lang='lat' dir='ltr'><strong>nec</strong></span> 
     </span>
    </p>
   </div>
   <div class='ocr_carea' id='block_1_80' title="bbox 1897 4160 3488 4240">
    <p class='ocr_par' dir='ltr' id='par_1_80' title="bbox 1897 4160 3488 4240">
     <span class='ocr_line' id='line_1_80' title="bbox 1897 4160 3488 4240; baseline -0.007 -15"><span class='ocrx_word' id='word_1_596' title='bbox 1897 4170 2240 4226; x_wconf 87' lang='lat' dir='ltr'><strong>inanissimis</strong></span> <span class='ocrx_word' id='word_1_597' title='bbox 2270 4168 2433 4240; x_wconf 82' lang='lat' dir='ltr'><strong>nugis</strong></span> <span class='ocrx_word' id='word_1_598' title='bbox 2481 4182 2544 4221; x_wconf 88' lang='lat' dir='ltr'><strong>ac</strong></span> <span class='ocrx_word' id='word_1_599' title='bbox 2572 4164 2880 4220; x_wconf 77' lang='lat' dir='ltr'><strong>mendaciis</strong></span> <span class='ocrx_word' id='word_1_600' title='bbox 2915 4162 3117 4233; x_wconf 85' lang='lat' dir='ltr'><strong>decipi.</strong></span> <span class='ocrx_word' id='word_1_601' title='bbox 3168 4161 3274 4216; x_wconf 89' lang='lat' dir='ltr'><strong>Sed</strong></span> <span class='ocrx_word' id='word_1_602' title='bbox 3323 4160 3392 4216; x_wconf 88' lang='lat' dir='ltr'><strong>de</strong></span> <span class='ocrx_word' id='word_1_603' title='bbox 3422 4161 3488 4213; x_wconf 85' lang='lat' dir='ltr'><strong>iis</strong></span> 
     </span>
    </p>
   </div>
   <div class='ocr_carea' id='block_1_81' title="bbox 1898 4253 3489 4327">
    <p class='ocr_par' dir='ltr' id='par_1_81' title="bbox 1898 4253 3489 4327">
     <span class='ocr_line' id='line_1_81' title="bbox 1898 4253 3489 4327; baseline -0.012 -4"><span class='ocrx_word' id='word_1_604' title='bbox 1898 4266 2189 4323; x_wconf 81' lang='lat' dir='ltr'><strong>hactenus.</strong></span> <span class='ocrx_word' id='word_1_605' title='bbox 2228 4262 2338 4316; x_wconf 85' lang='lat' dir='ltr'><strong>Nos</strong></span> <span class='ocrx_word' id='word_1_606' title='bbox 2377 4261 2481 4316; x_wconf 83' lang='lat' dir='ltr'><strong>hac</strong></span> <span class='ocrx_word' id='word_1_607' title='bbox 2526 4258 2721 4314; x_wconf 63' lang='lat' dir='ltr'><strong>haeresi</strong></span> <span class='ocrx_word' id='word_1_608' title='bbox 2772 4255 3164 4327; x_wconf 76' lang='lat' dir='ltr'><strong>pnelermissa,</strong></span> <span class='ocrx_word' id='word_1_609' title='bbox 3198 4260 3374 4307; x_wconf 91' lang='lat' dir='ltr'><strong>tutum</strong></span> <span class='ocrx_word' id='word_1_610' title='bbox 3419 4253 3489 4311; x_wconf 84' lang='lat' dir='ltr'><strong>ad</strong></span> 
     </span>
    </p>
   </div>
   <div class='ocr_carea' id='block_1_82' title="bbox 1898 4342 3462 4422">
    <p class='ocr_par' dir='ltr' id='par_1_82' title="bbox 1898 4342 3462 4422">
     <span class='ocr_line' id='line_1_82' title="bbox 1898 4342 3462 4422; baseline -0.01 -11"><span class='ocrx_word' id='word_1_611' title='bbox 1898 4366 2127 4411; x_wconf 65' lang='lat' dir='ltr'><strong>Patiens</strong></span> <span class='ocrx_word' id='word_1_612' title='bbox 2167 4355 2289 4417; x_wconf 87' lang='lat' dir='ltr'><strong>iter,</strong></span> <span class='ocrx_word' id='word_1_613' title='bbox 2335 4366 2398 4406; x_wconf 87' lang='lat' dir='ltr'><strong>ac</strong></span> <span class='ocrx_word' id='word_1_614' title='bbox 2439 4350 2660 4422; x_wconf 89' lang='lat' dir='ltr'><strong>planum</strong></span> <span class='ocrx_word' id='word_1_615' title='bbox 2705 4346 3133 4422; x_wconf 84' lang='lat' dir='ltr'><strong>prospiciemus,</strong></span> <span class='ocrx_word' id='word_1_616' title='bbox 3167 4351 3227 4399; x_wconf 93' lang='lat' dir='ltr'><strong>ut</strong></span> <span class='ocrx_word' id='word_1_617' title='bbox 3265 4342 3321 4396; x_wconf 92' lang='lat' dir='ltr'><strong>in</strong></span> <span class='ocrx_word' id='word_1_618' title='bbox 3369 4342 3462 4396; x_wconf 91' lang='lat' dir='ltr'><strong>illo</strong></span> 
     </span>
    </p>
   </div>
   <div class='ocr_carea' id='block_1_83' title="bbox 192 4436 1790 4530">
    <p class='ocr_par' dir='ltr' id='par_1_83' title="bbox 192 4446 1783 4530">
     <span class='ocr_line' id='line_1_83' title="bbox 192 4446 1783 4530; baseline -0.008 -19"><span class='ocrx_word' id='word_1_619' title='bbox 192 4457 433 4530; x_wconf 76' lang='grc' dir='ltr'>ἐμαυτόν</span> <span class='ocrx_word' id='word_1_620' title='bbox 461 4474 522 4511; x_wconf 90' lang='grc' dir='ltr'><strong>τε</strong></span> <span class='ocrx_word' id='word_1_621' title='bbox 551 4457 644 4511; x_wconf 77' lang='grc' dir='ltr'>καὶ</span> <span class='ocrx_word' id='word_1_622' title='bbox 675 4457 800 4520; x_wconf 77' lang='grc' dir='ltr'>τοὺς</span> <span class='ocrx_word' id='word_1_623' title='bbox 832 4452 1129 4516; x_wconf 84' lang='grc' dir='ltr'>ἀκούοντας</span> <span class='ocrx_word' id='word_1_624' title='bbox 1154 4453 1211 4506; x_wconf 81' lang='grc' dir='ltr'>ὲν</span> <span class='ocrx_word' id='word_1_625' title='bbox 1240 4452 1305 4522; x_wconf 75' lang='grc' dir='ltr'>τῇ</span> <span class='ocrx_word' id='word_1_626' title='bbox 1345 4448 1441 4502; x_wconf 82' lang='grc' dir='ltr'>τοῦ</span> <span class='ocrx_word' id='word_1_627' title='bbox 1466 4447 1601 4500; x_wconf 88' lang='grc' dir='ltr'><strong>Θεοῦ</strong></span> <span class='ocrx_word' id='word_1_628' title='bbox 1629 4446 1783 4500; x_wconf 89' lang='grc' dir='ltr'>δυνά-</span> 
     </span>
    </p>
   </div>
   <div class='ocr_carea' id='block_1_84' title="bbox 1901 4436 3481 4530">
    <p class='ocr_par' dir='ltr' id='par_1_84' title="bbox 1901 4436 3481 4509">
     <span class='ocr_line' id='line_1_84' title="bbox 1901 4436 3481 4509; baseline -0.01 -6"><span class='ocrx_word' id='word_1_629' title='bbox 1901 4463 2019 4503; x_wconf 82' lang='lat' dir='ltr'><strong>rum</strong></span> <span class='ocrx_word' id='word_1_630' title='bbox 2094 4443 2432 4503; x_wconf 87' lang='lat' dir='ltr'><strong>recensenda</strong></span> <span class='ocrx_word' id='word_1_631' title='bbox 2512 4440 2958 4509; x_wconf 82' lang='lat' dir='ltr'><strong>confutandaque</strong></span> <span class='ocrx_word' id='word_1_632' title='bbox 3039 4436 3285 4508; x_wconf 86' lang='lat' dir='ltr'><strong>nequitia</strong></span> <span class='ocrx_word' id='word_1_633' title='bbox 3358 4447 3481 4488; x_wconf 80' lang='lat' dir='ltr'><strong>cum</strong></span> 
     </span>
    </p>
   </div>
   <div class='ocr_carea' id='block_1_85' title="bbox 197 4539 1791 4621">
    <p class='ocr_par' dir='ltr' id='par_1_85' title="bbox 197 4539 1791 4621">
     <span class='ocr_line' id='line_1_85' title="bbox 197 4539 1791 4621; baseline -0.005 -19"><span class='ocrx_word' id='word_1_634' title='bbox 197 4566 290 4621; x_wconf 82' lang='grc' dir='ltr'><strong>μει</strong></span> <span class='ocrx_word' id='word_1_635' title='bbox 320 4547 573 4602; x_wconf 85' lang='grc' dir='ltr'>διασώσω</span> <span class='ocrx_word' id='word_1_636' title='bbox 607 4548 696 4601; x_wconf 86' lang='grc' dir='ltr'><strong>διά</strong></span> <span class='ocrx_word' id='word_1_637' title='bbox 739 4548 838 4616; x_wconf 86' lang='grc' dir='ltr'><strong>τῆς</strong></span> <span class='ocrx_word' id='word_1_638' title='bbox 863 4545 959 4600; x_wconf 80' lang='grc' dir='ltr'>τοῦ</span> <span class='ocrx_word' id='word_1_639' title='bbox 1012 4543 1221 4614; x_wconf 79' lang='grc' dir='ltr'>Κυρίου</span> <span class='ocrx_word' id='word_1_640' title='bbox 1252 4541 1410 4614; x_wconf 79' lang='grc' dir='ltr'>ἡμῶν</span> <span class='ocrx_word' id='word_1_641' title='bbox 1442 4539 1791 4603; x_wconf 81' lang='grc' dir='ltr'>διδασκαλίας</span> 
     </span>
    </p>
   </div>
   <div class='ocr_carea' id='block_1_86' title="bbox 194 4628 1788 4711">
    <p class='ocr_par' dir='ltr' id='par_1_86' title="bbox 194 4628 1788 4711">
     <span class='ocr_line' id='line_1_86' title="bbox 194 4628 1788 4711; baseline -0.009 -16"><span class='ocrx_word' id='word_1_642' title='bbox 194 4641 291 4695; x_wconf 83' lang='grc' dir='ltr'>καὶ</span> <span class='ocrx_word' id='word_1_643' title='bbox 314 4639 577 4711; x_wconf 83' lang='grc' dir='ltr'>ἀληθινῆς</span> <span class='ocrx_word' id='word_1_644' title='bbox 602 4639 853 4710; x_wconf 83' lang='grc' dir='ltr'>θεωρίας,</span> <span class='ocrx_word' id='word_1_645' title='bbox 877 4638 954 4701; x_wconf 76' lang='grc' dir='ltr'>ὡς</span> <span class='ocrx_word' id='word_1_646' title='bbox 1000 4634 1267 4704; x_wconf 90' lang='grc' dir='ltr'>Μύαγρον</span> <span class='ocrx_word' id='word_1_647' title='bbox 1309 4631 1513 4703; x_wconf 84' lang='grc' dir='ltr'>ταύτην</span> <span class='ocrx_word' id='word_1_648' title='bbox 1546 4630 1644 4701; x_wconf 83' lang='grc' dir='ltr'><strong>τὴν</strong></span> <span class='ocrx_word' id='word_1_649' title='bbox 1673 4628 1788 4699; x_wconf 84' lang='grc' dir='ltr'>έχι-</span> 
     </span>
    </p>
   </div>
   <div class='ocr_carea' id='block_1_87' title="bbox 192 4722 1789 4806">
    <p class='ocr_par' dir='ltr' id='par_1_87' title="bbox 192 4722 1789 4806">
     <span class='ocr_line' id='line_1_87' title="bbox 192 4722 1789 4806; baseline -0.009 -17"><span class='ocrx_word' id='word_1_650' title='bbox 192 4733 344 4799; x_wconf 84' lang='grc' dir='ltr'>δναν,</span> <span class='ocrx_word' id='word_1_651' title='bbox 380 4732 481 4806; x_wconf 81' lang='grc' dir='ltr'>τὴν</span> <span class='ocrx_word' id='word_1_652' title='bbox 508 4732 729 4796; x_wconf 87' lang='grc' dir='ltr'>πολλαῖς</span> <span class='ocrx_word' id='word_1_653' title='bbox 757 4730 974 4802; x_wconf 83' lang='grc' dir='ltr'>ἑτέραις</span> <span class='ocrx_word' id='word_1_654' title='bbox 1004 4728 1240 4800; x_wconf 73' lang='grc' dir='ltr'>ἐχίδναις</span> <span class='ocrx_word' id='word_1_655' title='bbox 1256 4727 1519 4791; x_wconf 78' lang='grc' dir='ltr'>ἐοικυῖαν,</span> <span class='ocrx_word' id='word_1_656' title='bbox 1544 4722 1623 4793; x_wconf 84' lang='grc' dir='ltr'>τῷ</span> <span class='ocrx_word' id='word_1_657' title='bbox 1658 4723 1789 4776; x_wconf 76' lang='grc' dir='ltr'>ὑπο·</span> 
     </span>
    </p>
   </div>
   <div class='ocr_carea' id='block_1_88' title="bbox 190 4810 1786 4893">
    <p class='ocr_par' dir='ltr' id='par_1_88' title="bbox 190 4810 1786 4893">
     <span class='ocr_line' id='line_1_88' title="bbox 190 4810 1786 4893; baseline -0.008 -16"><span class='ocrx_word' id='word_1_658' title='bbox 190 4822 451 4893; x_wconf 81' lang='grc' dir='ltr'>δείγματι</span> <span class='ocrx_word' id='word_1_659' title='bbox 477 4823 497 4854; x_wconf 85' lang='grc'><strong><em>³</em></strong></span> <span class='ocrx_word' id='word_1_660' title='bbox 518 4822 612 4877; x_wconf 80' lang='grc' dir='ltr'>τοῦ</span> <span class='ocrx_word' id='word_1_661' title='bbox 643 4820 975 4892; x_wconf 81' lang='grc' dir='ltr'>Εύαγγελίου</span> <span class='ocrx_word' id='word_1_662' title='bbox 1007 4818 1118 4887; x_wconf 69' lang='grc'><strong>(94)</strong></span> <span class='ocrx_word' id='word_1_663' title='bbox 1149 4815 1657 4884; x_wconf 69' lang='grc' dir='ltr'>καταπατήσαντεε,</span> <span class='ocrx_word' id='word_1_664' title='bbox 1688 4810 1786 4879; x_wconf 85' lang='grc' dir='ltr'>τὰς</span> 
     </span>
    </p>
   </div>
   <div class='ocr_carea' id='block_1_89' title="bbox 192 4914 830 4986">
    <p class='ocr_par' dir='ltr' id='par_1_89' title="bbox 192 4914 830 4986">
     <span class='ocr_line' id='line_1_89' title="bbox 192 4914 830 4986; baseline -0.003 -17"><span class='ocrx_word' id='word_1_665' title='bbox 192 4914 325 4985; x_wconf 75' lang='grc' dir='ltr'>ἑξῆς</span> <span class='ocrx_word' id='word_1_666' title='bbox 352 4914 830 4986; x_wconf 85' lang='grc' dir='ltr'>διασκοπήσωμεν.</span> 
     </span>
    </p>
   </div>
   <div class='ocr_carea' id='block_1_90' title="bbox 1902 4525 3485 4611">
    <p class='ocr_par' dir='ltr' id='par_1_90' title="bbox 1902 4525 3485 4611">
     <span class='ocr_line' id='line_1_90' title="bbox 1902 4525 3485 4611; baseline -0.012 -14"><span class='ocrx_word' id='word_1_667' title='bbox 1902 4539 2347 4611; x_wconf 84' lang='lat' dir='ltr'><strong>nobismetipsis,</strong></span> <span class='ocrx_word' id='word_1_668' title='bbox 2391 4545 2506 4591; x_wconf 92' lang='lat' dir='ltr'><strong>tum</strong></span> <span class='ocrx_word' id='word_1_669' title='bbox 2541 4535 2662 4588; x_wconf 87' lang='lat' dir='ltr'><strong>aliis</strong></span> <span class='ocrx_word' id='word_1_670' title='bbox 2718 4547 2941 4604; x_wconf 87' lang='lat' dir='ltr'><strong>quoque</strong></span> <span class='ocrx_word' id='word_1_671' title='bbox 2990 4530 3179 4585; x_wconf 72' lang='lat' dir='ltr'><strong>divina</strong></span> <span class='ocrx_word' id='word_1_672' title='bbox 3230 4542 3331 4598; x_wconf 90' lang='lat' dir='ltr'><strong>ope</strong></span> <span class='ocrx_word' id='word_1_673' title='bbox 3364 4525 3485 4581; x_wconf 81' lang='lat' dir='ltr'><strong>freti</strong></span> 
     </span>
    </p>
   </div>
   <div class='ocr_carea' id='block_1_91' title="bbox 1900 4619 3484 4702">
    <p class='ocr_par' dir='ltr' id='par_1_91' title="bbox 1900 4619 3484 4702">
     <span class='ocr_line' id='line_1_91' title="bbox 1900 4619 3484 4702; baseline -0.012 -14"><span class='ocrx_word' id='word_1_674' title='bbox 1900 4632 2190 4690; x_wconf 87' lang='lat' dir='ltr'><strong>consulere</strong></span> <span class='ocrx_word' id='word_1_675' title='bbox 2242 4632 2540 4702; x_wconf 91' lang='lat' dir='ltr'><strong>possimus.</strong></span> <span class='ocrx_word' id='word_1_676' title='bbox 2575 4626 2749 4693; x_wconf 90' lang='lat' dir='ltr'><strong>Quam</strong></span> <span class='ocrx_word' id='word_1_677' title='bbox 2785 4625 2852 4679; x_wconf 89' lang='lat' dir='ltr'><strong>ad</strong></span> <span class='ocrx_word' id='word_1_678' title='bbox 2888 4638 3002 4679; x_wconf 90' lang='lat' dir='ltr'><strong>rem</strong></span> <span class='ocrx_word' id='word_1_679' title='bbox 3048 4620 3263 4678; x_wconf 89' lang='lat' dir='ltr'><strong>Domini</strong></span> <span class='ocrx_word' id='word_1_680' title='bbox 3307 4619 3484 4674; x_wconf 84' lang='lat' dir='ltr'><strong>nostri</strong></span> 
     </span>
    </p>
   </div>
   <div class='ocr_carea' id='block_1_92' title="bbox 1899 4714 3486 4787">
    <p class='ocr_par' dir='ltr' id='par_1_92' title="bbox 1899 4714 3486 4787">
     <span class='ocr_line' id='line_1_92' title="bbox 1899 4714 3486 4787; baseline -0.01 -6"><span class='ocrx_word' id='word_1_681' title='bbox 1899 4726 2208 4782; x_wconf 87' lang='lat' dir='ltr'><strong>doctrinam</strong></span> <span class='ocrx_word' id='word_1_682' title='bbox 2240 4723 2668 4779; x_wconf 87' lang='lat' dir='ltr'><strong>acnotissimam</strong></span> <span class='ocrx_word' id='word_1_683' title='bbox 2695 4720 2942 4775; x_wconf 85' lang='lat' dir='ltr'><strong>veritatis</strong></span> <span class='ocrx_word' id='word_1_684' title='bbox 2968 4714 3486 4787; x_wconf 86' lang='lat' dir='ltr'><strong>contemplationem</strong></span> 
     </span>
    </p>
   </div>
   <div class='ocr_carea' id='block_1_93' title="bbox 1898 4812 3487 4891">
    <p class='ocr_par' dir='ltr' id='par_1_93' title="bbox 1898 4812 3487 4891">
     <span class='ocr_line' id='line_1_93' title="bbox 1898 4812 3487 4891; baseline -0.006 -18"><span class='ocrx_word' id='word_1_685' title='bbox 1898 4817 2311 4881; x_wconf 84' lang='lat' dir='ltr'><strong>adhibebimus,</strong></span> <span class='ocrx_word' id='word_1_686' title='bbox 2350 4822 2426 4891; x_wconf 89' lang='lat' dir='ltr'><strong>_ut</strong></span> <span class='ocrx_word' id='word_1_687' title='bbox 2486 4815 2633 4869; x_wconf 91' lang='lat' dir='ltr'><strong>illam</strong></span> <span class='ocrx_word' id='word_1_688' title='bbox 2702 4812 2962 4885; x_wconf 77' lang='lat' dir='ltr'><strong>Myagron</strong></span> <span class='ocrx_word' id='word_1_689' title='bbox 3025 4812 3309 4883; x_wconf 89' lang='lat' dir='ltr'><strong>viperam,</strong></span> <span class='ocrx_word' id='word_1_690' title='bbox 3365 4826 3487 4881; x_wconf 69' lang='lat' dir='ltr'><strong>quae</strong></span> 
     </span>
    </p>
   </div>
   <div class='ocr_carea' id='block_1_94' title="bbox 1898 4901 3485 4977">
    <p class='ocr_par' dir='ltr' id='par_1_94' title="bbox 1898 4901 3485 4977">
     <span class='ocr_line' id='line_1_94' title="bbox 1898 4901 3485 4977; baseline -0.005 -16"><span class='ocrx_word' id='word_1_691' title='bbox 1898 4906 2258 4977; x_wconf 73' lang='lat' dir='ltr'><strong>plurimarum</strong></span> <span class='ocrx_word' id='word_1_692' title='bbox 2308 4905 2541 4959; x_wconf 85' lang='lat' dir='ltr'><strong>aliarum</strong></span> <span class='ocrx_word' id='word_1_693' title='bbox 2590 4903 2790 4959; x_wconf 81' lang='lat' dir='ltr'><strong>similis</strong></span> <span class='ocrx_word' id='word_1_694' title='bbox 2826 4913 2931 4964; x_wconf 81' lang='lat' dir='ltr'><strong>est,</strong></span> <span class='ocrx_word' id='word_1_695' title='bbox 2979 4903 3127 4956; x_wconf 85' lang='lat' dir='ltr'><strong>velut</strong></span> <span class='ocrx_word' id='word_1_696' title='bbox 3169 4901 3485 4971; x_wconf 80' lang='lat' dir='ltr'><strong>evangelica</strong></span> 
     </span>
    </p>
   </div>
   <div class='ocr_carea' id='block_1_95' title="bbox 1890 4990 3197 5067">
    <p class='ocr_par' dir='ltr' id='par_1_95' title="bbox 1890 4990 3197 5067">
     <span class='ocr_line' id='line_1_95' title="bbox 1890 4990 3197 5067; baseline -0.006 -16"><span class='ocrx_word' id='word_1_697' title='bbox 1890 4996 2078 5051; x_wconf 84' lang='lat' dir='ltr'><strong>calceo</strong></span> <span class='ocrx_word' id='word_1_698' title='bbox 2097 4995 2505 5067; x_wconf 85' lang='lat' dir='ltr'><strong>proculcantes,</strong></span> <span class='ocrx_word' id='word_1_699' title='bbox 2526 5002 2756 5048; x_wconf 67' lang='lat' dir='ltr'><strong>caeteras</strong></span> <span class='ocrx_word' id='word_1_700' title='bbox 2792 4990 3197 5064; x_wconf 77' lang='lat' dir='ltr'><strong>aggrediamur.</strong></span> 
     </span>
    </p>
   </div>
   <div class='ocr_carea' id='block_1_96' title="bbox 269 5186 1790 5280">
    <p class='ocr_par' dir='ltr' id='par_1_96' title="bbox 269 5201 1789 5280">
     <span class='ocr_line' id='line_1_96' title="bbox 269 5201 1789 5280; baseline -0.009 -15"><span class='ocrx_word' id='word_1_701' title='bbox 269 5210 439 5265; x_wconf 76' lang='lat' dir='ltr'><strong>&#39;lren.</strong></span> <span class='ocrx_word' id='word_1_702' title='bbox 470 5209 622 5279; x_wconf 82' lang='grc' dir='ltr'>τόπῳ</span> <span class='ocrx_word' id='word_1_703' title='bbox 653 5210 775 5280; x_wconf 88' lang='grc' dir='ltr'>ἀρχ.</span> <span class='ocrx_word' id='word_1_704' title='bbox 816 5207 939 5263; x_wconf 65' lang='lat' dir='ltr'><strong>llaec</strong></span> <span class='ocrx_word' id='word_1_705' title='bbox 970 5215 1152 5260; x_wconf 87' lang='lat' dir='ltr'><strong>autem</strong></span> <span class='ocrx_word' id='word_1_706' title='bbox 1180 5204 1302 5275; x_wconf 81' lang='grc' dir='ltr'>(τῆς</span> <span class='ocrx_word' id='word_1_707' title='bbox 1326 5201 1523 5276; x_wconf 79' lang='grc' dir='ltr'>ἀρχῆς)</span> <span class='ocrx_word' id='word_1_708' title='bbox 1556 5201 1657 5271; x_wconf 81' lang='grc' dir='ltr'><strong>τῆς</strong></span> <span class='ocrx_word' id='word_1_709' title='bbox 1696 5201 1789 5253; x_wconf 86' lang='grc' dir='ltr'><strong>ἀνε</strong></span> 
     </span>
    </p>
   </div>
   <div class='ocr_carea' id='block_1_97' title="bbox 1901 5186 3479 5280">
    <p class='ocr_par' dir='ltr' id='par_1_97' title="bbox 1901 5186 3479 5270">
     <span class='ocr_line' id='line_1_97' title="bbox 1901 5186 3479 5270; baseline -0.01 -19"><span class='ocrx_word' id='word_1_710' title='bbox 1901 5200 2019 5270; x_wconf 66' lang='grc' dir='ltr'>ᾐτου</span> <span class='ocrx_word' id='word_1_711' title='bbox 2072 5213 2181 5253; x_wconf 87' lang='lat' dir='ltr'><strong>non</strong></span> <span class='ocrx_word' id='word_1_712' title='bbox 2218 5197 2404 5251; x_wconf 82' lang='lat' dir='ltr'><strong>habet.</strong></span> <span class='ocrx_word' id='word_1_713' title='bbox 2487 5199 2507 5229; x_wconf 82' lang='grc'><strong><em>²</em></strong></span> <span class='ocrx_word' id='word_1_714' title='bbox 2534 5196 2678 5252; x_wconf 83' lang='lat' dir='ltr'><strong>lren.</strong></span> <span class='ocrx_word' id='word_1_715' title='bbox 2699 5196 2963 5269; x_wconf 83' lang='grc' dir='ltr'>τετάρτῳ,</span> <span class='ocrx_word' id='word_1_716' title='bbox 2997 5193 3090 5246; x_wconf 73' lang='grc' dir='ltr'>καὶ</span> <span class='ocrx_word' id='word_1_717' title='bbox 3115 5190 3285 5261; x_wconf 65' lang='grc' dir='ltr'>ὀγδόῳ</span> <span class='ocrx_word' id='word_1_718' title='bbox 3309 5186 3479 5259; x_wconf 74' lang='grc' dir='ltr'>τόπῳ,</span> 
     </span>
    </p>
   </div>
   <div class='ocr_carea' id='block_1_98' title="bbox 191 5280 676 5353">
    <p class='ocr_par' dir='ltr' id='par_1_98' title="bbox 191 5280 676 5353">
     <span class='ocr_line' id='line_1_98' title="bbox 191 5280 676 5353; baseline -0.012 -14"><span class='ocrx_word' id='word_1_719' title='bbox 191 5287 215 5318; x_wconf 88' lang='grc'><strong><em>³</em></strong></span> <span class='ocrx_word' id='word_1_720' title='bbox 251 5282 315 5338; x_wconf 84' lang='lat' dir='ltr'><strong>F.</strong></span> <span class='ocrx_word' id='word_1_721' title='bbox 347 5280 676 5353; x_wconf 81' lang='grc' dir='ltr'>ὑποδήματι.</span> 
     </span>
    </p>
   </div>
   <div class='ocr_carea' id='block_1_99' title="bbox 267 5460 1790 5558">
    <p class='ocr_par' dir='ltr' id='par_1_99' title="bbox 267 5460 1774 5558">
     <span class='ocr_line' id='line_1_99' title="bbox 267 5460 1774 5558; baseline -0.009 -17"><span class='ocrx_word' id='word_1_722' title='bbox 267 5484 381 5558; x_wconf 68' lang='lat'><strong>(95)</strong></span> <span class='ocrx_word' id='word_1_723' title='bbox 431 5484 533 5538; x_wconf 74' lang='grc' dir='ltr'>Ἐκ</span> <span class='ocrx_word' id='word_1_724' title='bbox 558 5482 627 5535; x_wconf 77' lang='grc' dir='ltr'>δὲ</span> <span class='ocrx_word' id='word_1_725' title='bbox 648 5481 756 5550; x_wconf 83' lang='grc' dir='ltr'><strong>τῆς</strong></span> <span class='ocrx_word' id='word_1_726' title='bbox 778 5480 992 5558; x_wconf 66' lang='grc' dir='ltr'>ἀρχῆς.</span> <span class='ocrx_word' id='word_1_727' title='bbox 1025 5478 1154 5558; x_wconf 77' lang='lat' dir='ltr'><strong>Leg_.</strong></span> <span class='ocrx_word' id='word_1_728' title='bbox 1187 5480 1251 5558; x_wconf 74' lang='grc' dir='ltr'><strong>ὲκ</strong></span> <span class='ocrx_word' id='word_1_729' title='bbox 1271 5476 1457 5558; x_wconf 46' lang='lat' dir='ltr'><strong>esca;</strong></span> <span class='ocrx_word' id='word_1_730' title='bbox 1487 5474 1774 5558; x_wconf 64' lang='grc' dir='ltr'>ἀνενοητου</span> 
     </span>
    </p>
   </div>
   <div class='ocr_carea' id='block_1_100' title="bbox 1901 5460 2163 5558">
    <p class='ocr_par' dir='ltr' id='par_1_100' title="bbox 1901 5471 2163 5558">
     <span class='ocr_line' id='line_1_100' title="bbox 1901 5471 2163 5558; baseline 0.004 -34"><span class='ocrx_word' id='word_1_731' title='bbox 1901 5471 2163 5558; x_wconf 34' lang='grc' dir='ltr'><strong>τουῆιηεξςίξν.</strong></span> 
     </span>
    </p>
   </div>
   <div class='ocr_carea' id='block_1_101' title="bbox 188 5544 1777 5638">
    <p class='ocr_par' dir='ltr' id='par_1_101' title="bbox 188 5544 1777 5638">
     <span class='ocr_line' id='line_1_101' title="bbox 188 5544 1777 5638; baseline -0.009 -27"><span class='ocrx_word' id='word_1_732' title='bbox 188 5544 454 5638; x_wconf 68' lang='grc' dir='ltr'>δευτέρῳ,</span> <span class='ocrx_word' id='word_1_733' title='bbox 480 5544 715 5638; x_wconf 36' lang='grc' dir='ltr'><strong>ασελ-ιη’</strong></span> <span class='ocrx_word' id='word_1_734' title='bbox 733 5544 898 5638; x_wconf 51' lang='grc' dir='ltr'>νυξέέ</span> <span class='ocrx_word' id='word_1_735' title='bbox 922 5544 1051 5638; x_wconf 71' lang='lat' dir='ltr'><strong>illae,</strong></span> <span class='ocrx_word' id='word_1_736' title='bbox 1084 5544 1183 5638; x_wconf 60' lang='grc' dir='ltr'><strong>τῆς</strong></span> <span class='ocrx_word' id='word_1_737' title='bbox 1198 5549 1390 5632; x_wconf 75' lang='grc' dir='ltr'><strong>⁸ἀρχῆς</strong></span> <span class='ocrx_word' id='word_1_738' title='bbox 1410 5544 1425 5611; x_wconf 77' lang='grc'><strong>,</strong></span> <span class='ocrx_word' id='word_1_739' title='bbox 1448 5544 1777 5638; x_wconf 48' lang='lat' dir='ltr'><strong>‘parentlteji</strong></span> 
     </span>
    </p>
   </div>
   <div class='ocr_carea' id='block_1_102' title="bbox 1956 5534 3475 5612">
    <p class='ocr_par' dir='ltr' id='par_1_102' title="bbox 1956 5534 3475 5612">
     <span class='ocr_line' id='line_1_102' title="bbox 1956 5534 3475 5612; baseline -0.005 -16"><span class='ocrx_word' id='word_1_740' title='bbox 1956 5534 2096 5612; x_wconf 58' lang='grc' dir='ltr'>(ελεγ</span> <span class='ocrx_word' id='word_1_741' title='bbox 2114 5539 2198 5612; x_wconf 81' lang='grc' dir='ltr'><strong>Τῷ</strong></span> <span class='ocrx_word' id='word_1_742' title='bbox 2224 5540 2613 5612; x_wconf 74' lang='grc' dir='ltr'>ὑποδείγματι</span> <span class='ocrx_word' id='word_1_743' title='bbox 2648 5536 2762 5612; x_wconf 41' lang='grc' dir='ltr'>τοῦ·</span> <span class='ocrx_word' id='word_1_744' title='bbox 2784 5537 3175 5612; x_wconf 55' lang='grc' dir='ltr'>Εὑαγηηελίοιν.</span> <span class='ocrx_word' id='word_1_745' title='bbox 3203 5534 3475 5612; x_wconf 59' lang='grc' dir='ltr'><strong>(ξοηῇκὶθτ</strong></span> 
     </span>
    </p>
   </div>
   <div class='ocr_carea' id='block_1_103' title="bbox 190 5605 3539 5688">
    <p class='ocr_par' dir='ltr' id='par_1_103' title="bbox 190 5605 3539 5688">
     <span class='ocr_line' id='line_1_103' title="bbox 190 5605 3539 5688; baseline -0.007 -5"><span class='ocrx_word' id='word_1_746' title='bbox 190 5605 717 5683; x_wconf 37' lang='lat' dir='ltr'><strong>inei&#39;uste&#39;a‘scit&#39;itiae</strong></span> <span class='ocrx_word' id='word_1_747' title='bbox 756 5605 1065 5677; x_wconf 69' lang='lat' dir='ltr'><strong>videantur.</strong></span> <span class='ocrx_word' id='word_1_748' title='bbox 1112 5605 1678 5688; x_wconf 55' lang='lat' dir='ltr'><strong>cuiusncont&#39;rarium</strong></span> <span class='ocrx_word' id='word_1_749' title='bbox 1712 5614 1774 5688; x_wconf 75' lang='lat' dir='ltr'><strong>ab</strong></span> <span class='ocrx_word' id='word_1_750' title='bbox 1885 5605 2009 5667; x_wconf 84' lang='lat' dir='ltr'><strong>bam</strong></span> <span class='ocrx_word' id='word_1_751' title='bbox 2049 5605 2367 5688; x_wconf 74' lang='grc' dir='ltr'>’ὑποδήματι</span> <span class='ocrx_word' id='word_1_752' title='bbox 2394 5605 2861 5688; x_wconf 37' lang='lat' dir='ltr'><strong>subslit-nendum</strong></span> <span class='ocrx_word' id='word_1_753' title='bbox 3095 5606 3254 5688; x_wconf 63' lang='lat' dir='ltr'><strong>Quod</strong></span> <span class='ocrx_word' id='word_1_754' title='bbox 3296 5607 3341 5661; x_wconf 89' lang='lat' dir='ltr'><strong>si</strong></span> <span class='ocrx_word' id='word_1_755' title='bbox 3371 5605 3477 5688; x_wconf 72' lang='lat' dir='ltr'><strong>cui</strong></span> <span class='ocrx_word' id='word_1_756' title='bbox 3532 5614 3539 5621; x_wconf 90' lang='lat'><em>&#39;</em></span> 
     </span>
    </p>
   </div>
   <div class='ocr_carea' id='block_1_104' title="bbox 189 5685 1781 5770">
    <p class='ocr_par' dir='ltr' id='par_1_104' title="bbox 189 5685 1781 5770">
     <span class='ocr_line' id='line_1_104' title="bbox 189 5685 1781 5770; baseline -0.011 -16"><span class='ocrx_word' id='word_1_757' title='bbox 189 5698 380 5770; x_wconf 84' lang='lat' dir='ltr'><strong>operis</strong></span> <span class='ocrx_word' id='word_1_758' title='bbox 408 5704 494 5770; x_wconf 60' lang='lat' dir='ltr'><strong>est</strong></span> <span class='ocrx_word' id='word_1_759' title='bbox 531 5694 732 5770; x_wconf 64' lang='lat' dir='ltr'><strong>factum</strong></span> <span class='ocrx_word' id='word_1_760' title='bbox 765 5701 873 5770; x_wconf 75' lang='lat' dir='ltr'><strong>tam</strong></span> <span class='ocrx_word' id='word_1_761' title='bbox 914 5694 968 5746; x_wconf 94' lang='lat' dir='ltr'><strong>in</strong></span> <span class='ocrx_word' id='word_1_762' title='bbox 1000 5685 1282 5770; x_wconf 53' lang='lat' dir='ltr'><strong>_contex&#39;ttr</strong></span> <span class='ocrx_word' id='word_1_763' title='bbox 1318 5689 1438 5770; x_wconf 61' lang='lat' dir='ltr'><strong>ipso</strong></span> <span class='ocrx_word' id='word_1_764' title='bbox 1460 5727 1500 5769; x_wconf 34' lang='grc' dir='ltr'>,θ</span> <span class='ocrx_word' id='word_1_765' title='bbox 1519 5700 1684 5770; x_wconf 80' lang='lat' dir='ltr'><strong>quam</strong></span> <span class='ocrx_word' id='word_1_766' title='bbox 1729 5685 1781 5770; x_wconf 73' lang='lat' dir='ltr'><strong>in</strong></span> 
     </span>
    </p>
   </div>
   <div class='ocr_carea' id='block_1_105' title="bbox 189 5756 1789 5843">
    <p class='ocr_par' dir='ltr' id='par_1_105' title="bbox 189 5756 1789 5843">
     <span class='ocr_line' id='line_1_105' title="bbox 189 5756 1789 5843; baseline -0.013 -16"><span class='ocrx_word' id='word_1_767' title='bbox 189 5756 405 5843; x_wconf 59' lang='lat' dir='ltr'><strong>pagina:</strong></span> <span class='ocrx_word' id='word_1_768' title='bbox 436 5765 630 5821; x_wconf 77' lang='lat' dir='ltr'><strong>limite.</strong></span> <span class='ocrx_word' id='word_1_769' title='bbox 655 5764 713 5817; x_wconf 91' lang='lat' dir='ltr'><strong>Si</strong></span> <span class='ocrx_word' id='word_1_770' title='bbox 745 5763 964 5834; x_wconf 87' lang='lat' dir='ltr'><strong>quidem</strong></span> <span class='ocrx_word' id='word_1_771' title='bbox 1000 5762 1235 5817; x_wconf 78' lang='lat' dir='ltr'><strong>Irenqu</strong></span> <span class='ocrx_word' id='word_1_772' title='bbox 1268 5756 1415 5813; x_wconf 40' lang='lat' dir='ltr'><strong>erat</strong></span> <span class='ocrx_word' id='word_1_773' title='bbox 1444 5758 1539 5828; x_wconf 84' lang='grc' dir='ltr'><strong>τῆς</strong></span> <span class='ocrx_word' id='word_1_774' title='bbox 1565 5756 1789 5825; x_wconf 52' lang='lat' dir='ltr'><strong>duty/01&#39;;-</strong></span> 
     </span>
    </p>
   </div>
   <div class='ocr_carea' id='block_1_106' title="bbox 563 5856 1261 5957">
    <p class='ocr_par' dir='ltr' id='par_1_106' title="bbox 563 5856 1261 5957">
     <span class='ocr_line' id='line_1_106' title="bbox 563 5856 1261 5957; baseline -0.004 -18"><span class='ocrx_word' id='word_1_775' title='bbox 563 5879 839 5957; x_wconf 71' lang='grc' dir='ltr'>ΡΑτιιυι..</span> <span class='ocrx_word' id='word_1_776' title='bbox 871 5856 988 5939; x_wconf 78' lang='lat' dir='ltr'><strong>Gn.</strong></span> <span class='ocrx_word' id='word_1_777' title='bbox 1025 5875 1191 5938; x_wconf 82' lang='lat' dir='ltr'><strong>XLI.</strong></span> <span class='ocrx_word' id='word_1_778' title='bbox 1254 5928 1261 5937; x_wconf 46' lang='grc' dir='ltr'>ς</span> 
     </span>
    </p>
   </div>
   <div class='ocr_carea' id='block_1_107' title="bbox 1887 5677 3475 5756">
    <p class='ocr_par' dir='ltr' id='par_1_107' title="bbox 1887 5677 3475 5756">
     <span class='ocr_line' id='line_1_107' title="bbox 1887 5677 3475 5756; baseline -0.004 -20"><span class='ocrx_word' id='word_1_779' title='bbox 1887 5693 2114 5756; x_wconf 59' lang='lat' dir='ltr'><strong>recepta</strong></span> <span class='ocrx_word' id='word_1_780' title='bbox 2133 5677 2250 5750; x_wconf 54' lang='lat' dir='ltr'><strong>jam&#39;</strong></span> <span class='ocrx_word' id='word_1_781' title='bbox 2285 5679 2447 5756; x_wconf 81' lang='lat' dir='ltr'><strong>lectio</strong></span> <span class='ocrx_word' id='word_1_782' title='bbox 2485 5681 2658 5748; x_wconf 78' lang='lat' dir='ltr'><strong>magis</strong></span> <span class='ocrx_word' id='word_1_783' title='bbox 2702 5678 2985 5756; x_wconf 82' lang='lat' dir='ltr'><strong>arriserit_;</strong></span> <span class='ocrx_word' id='word_1_784' title='bbox 3014 5677 3329 5756; x_wconf 61' lang='grc' dir='ltr'><strong>⁵ὑπόδειγμα</strong></span> <span class='ocrx_word' id='word_1_785' title='bbox 3371 5681 3475 5738; x_wconf 75' lang='lat' dir='ltr'><strong>hoc</strong></span> 
     </span>
    </p>
   </div>
   <div class='ocr_carea' id='block_1_108' title="bbox 1891 5748 3385 5824">
    <p class='ocr_par' dir='ltr' id='par_1_108' title="bbox 1891 5748 3385 5824">
     <span class='ocr_line' id='line_1_108' title="bbox 1891 5748 3385 5824; baseline -0.001 -17"><span class='ocrx_word' id='word_1_786' title='bbox 1891 5748 2146 5824; x_wconf 49' lang='lat' dir='ltr'><strong>luco&#39;pi‘u</strong></span> <span class='ocrx_word' id='word_1_787' title='bbox 2178 5752 2433 5806; x_wconf 83' lang='lat' dir='ltr'><strong>mandato</strong></span> <span class='ocrx_word' id='word_1_788' title='bbox 2464 5757 2515 5807; x_wconf 88' lang='lat' dir='ltr'><strong>et</strong></span> <span class='ocrx_word' id='word_1_789' title='bbox 2553 5758 2825 5823; x_wconf 71' lang='lat' dir='ltr'><strong>prmcepto</strong></span> <span class='ocrx_word' id='word_1_790' title='bbox 2856 5748 3236 5821; x_wconf 81' lang='lat' dir='ltr'><strong>accipiendum</strong></span> <span class='ocrx_word' id='word_1_791' title='bbox 3276 5758 3385 5805; x_wconf 65' lang='lat' dir='ltr'><strong>est.</strong></span> 
     </span>
    </p>
   </div>
   <div class='ocr_carea' id='block_1_109' title="bbox 3074 5865 3147 5925">
    <p class='ocr_par' dir='ltr' id='par_1_109' title="bbox 3074 5865 3147 5925">
     <span class='ocr_line' id='line_1_109' title="bbox 3074 5865 3147 5925; baseline 0 0"><span class='ocrx_word' id='word_1_792' title='bbox 3074 5865 3147 5925; x_wconf 77' lang='lat'><strong>18</strong></span> 
     </span>
    </p>
   </div>
  </div>
