3982 6436
483 313 591 370 555

801 431 1170 490 ADVERSUS
1223 431 1738 499 l’TOLE-MAITAS,

686 569 818 637 Qua:
850 579 928 625 cst
953 571 1169 625 [Heresis
1207 569 1380 635 XIII,
1416 571 1520 624 sive
1553 568 1840 625 XXXIII.

541 682 581 738 l.
620 682 1088 754 Secundusigitur
1121 691 1285 753 atque
1311 681 1623 753 Epiphanes
1646 683 1837 740 lsidorl
1869 685 2062 739 cohor-

470 778 705 832 taliones
728 776 795 830 ad
831 791 990 830 usum
1032 783 1195 830 sectae
1226 791 1341 831 sua:
1361 776 1753 847 Opinionisque
1805 785 2058 832 transtu-

470 868 673 922 lerunt.
711 865 991 938 Successit
1043 866 1206 938 215
1254 867 1322 921 iis
1383 867 1743 936 Ptoiasmeus,
1799 870 1894 940 qui
1934 870 2062 924 licet

470 959 859 1017 Gnosticorum
892 958 986 1028 qui
1027 960 1102 1012 ita
1125 960 1405 1023 dicuntur,
1447 960 1683 1018 baeresin
1706 1002 1721 1028 ,
1767 977 1830 1016 ac
1861 960 2059 1018 Valen-

471 1051 846 1116 tinianorum,
897 1064 1111 1104 necnon
1175 1059 1230 1104 et
1291 1049 1526 1106 aliorum
1587 1051 1948 1122 quorumdam
1988 1052 2061 1107 sit

471 1145 776 1214 amplexus,
834 1143 1098 1198 nonnulla
1131 1152 1315 1199 tamen
1350 1143 1419 1200 ad
1467 1159 1531 1201 ea
1561 1161 1684 1216 quae
1715 1161 1746 1201 a
1778 1146 2059 1218 magistris

468 1238 750 1304 hauserat,
793 1238 1031 1309 adjecit;
1069 1238 1230 1308 cujus
1275 1239 1439 1294 etiam
1489 1239 1714 1295 nomine
1755 1247 2059 1294 sectatores

467 1329 688 1399 quidam
721 1327 843 1398 ejus
881 1329 1212 1399 gloriantur,
1234 1344 1374 1398 quos
1391 1327 1721 1384 Ptolemmos
1741 1329 2052 1383 nominant.

540 1423 640 1478 Hic
669 1424 759 1479 ille
793 1437 919 1478 cum
957 1423 1076 1479 suis
1109 1421 1438 1478 Ptolemazus
1470 1421 1630 1493 longe
1651 1421 1719 1478 iis
1751 1436 1891 1492 quos
1923 1437 2058 1490 pra:-

448 1526 719 1588 .eeptores
767 1515 978 1580 habuit,
1039 1515 1348 1572 eruditione
1409 1514 1690 1586 praestitit,
1735 1521 1790 1569 et
1831 1514 2051 1568 illorum

468 1609 776 1664 doctrinam
812 1623 1007 1678 magna
1075 1608 1398 1662 accessione
1453 1608 1776 1662 cumulavit.
1841 1605 2054 1661 Etenim

467 1703 602 1766 Deo,
636 1718 798 1773 quem
829 1702 904 1757 illi
939 1700 1151 1773 Bython
1171 1701 1465 1771 appellant,
1497 1700 1760 1784 conjuges
1774 1699 1912 1756 duas
1950 1715 1979 1754 a
1999 1714 2060 1756 se

465 1799 718 1852 inventas
779 1795 1054 1859 attribuit,
1107 1809 1245 1866 quas
1301 1805 1353 1850 et
1415 1793 1744 1850 Aﬂeetiones
1809 1793 2054 1860 vocavit,

466 1886 867 1959 Cogitationem
954 1885 1206 1940 videlicet
1266 1900 1328 1938 ac
1388 1883 1756 1940 Voluntatem.
1813 1887 2056 1953 Quarum

466 1981 619 2053 prior
653 1981 708 2034 in
749 1979 844 2033 illo
883 1992 1101 2049 semper
1139 1977 1414 2034 exsistens
1459 1992 1522 2033 ac
1569 1977 1818 2048 cogitans
1851 1977 2058 2048 aliquid

463 2070 820 2144 produxerit;
855 2071 1025 2126 altera
1049 2085 1175 2125 vero
1207 2080 1396 2140 postea
1431 2071 1709 2126 recentior
1735 2072 2054 2125 accesserit.

462 2163 708 2220 Primum
759 2163 926 2227 enim,
982 2163 1195 2234 inquit,
1249 2161 1318 2218 de
1375 2161 1715 2232 procreando
1775 2163 2057 2234 cogitavit,

463 2257 660 2314 deinde
693 2256 885 2312 voluit.
910 2255 1180 2323 Quocirca
1235 2255 1450 2311 duabus
1520 2257 1587 2312 iis
1635 2254 2056 2316 Alfeetionibus,

463 2350 581 2406 sive
609 2349 956 2415 Virtutibus,
1018 2365 1143 2403 nam
1201 2357 1256 2403 et
1310 2348 1558 2406 Virtutes
1600 2348 1800 2404 easden
1877 2360 2060 2415 vocat,

459 2442 804 2513 Cogitatione
838 2455 901 2494 ac
930 2437 1246 2504 Voluntatc,
1288 2439 1437 2493 velut
1468 2439 1702 2494 invrcem
1729 2441 2054 2508 commistis,

462 2536 726 2608 Unigenae
755 2533 1124 2602 Veritatisque
1167 2545 1270 2602 par
1304 2540 1391 2587 est
1431 2538 1706 2586 exortum.
1761 2529 1910 2598 Quas
1943 2533 2059 2603 qui-

460 2635 584 2688 dem
641 2633 875 2688 duarum
947 2636 1297 2700 paternarum
1361 2623 1735 2692 affectionum,
1796 2636 2055 2694 tanquam

460 2740 585 2798 qua:
613 2723 786 2778 videri
817 2727 1119 2791 nequeunt,
1155 2717 1519 2789 aspectabiles
1551 2716 1752 2788 figuras
1781 2731 1845 2771 ac
1881 2715 2057 2771 sium-

463 2819 614 2873 lacra
645 2814 920 2886 prodiisse
951 2812 1226 2868 sentiunt:
1291 2809 1601 2864 Voluntatis
1645 2808 1855 2863 scilicet
1902 2805 2058 2863 Veri-

461 2919 652 2973 tatem,
689 2906 1052 2980 Cogitationis
1080 2919 1206 2959 vero
1251 2901 1503 2958 Mentem.
1558 2906 1636 2956 Ac
1665 2917 1760 2972 per
1792 2899 2058 2955 Volunta-

461 3011 572 3058 tem
603 2999 825 3071 quidem
855 2993 1480 3068 ingenithogitationis
1504 2993 1799 3048 masculam
1822 2991 2052 3063 eﬂigiem

461 3093 763 3149 exstitisse:
785 3083 1534 3161 ipsiusmetveroVoluntatis
1550 3083 1836 3138 femineam
1859 3083 2051 3138 fuisse.

1836 314 1893 368 S.
1937 312 2282 370 EPIPIIANII

2092 474 2138 528 Α

3654 321 3750 376 ἥδε

2591 438 2778 492 ΚΑΤΑ
2819 437 3311 494 ΠΤΟΛΕΜΑΙΤΩΝ
3331 473 3349 501 ο

2334 573 2818 643 ΐρισκαιδεκὰτη,
2852 574 2890 642 ἡ
2924 575 3021 628 καὶ
3047 575 3375 644 τριακοστὴ
3410 575 3604 644 τρίτη.

2233 692 2310 740 Α¹.
2337 684 2445 738 Τοῦ
2473 686 2604 757 περὶ
2633 685 2924 740 Σεκοῦνδον
2954 686 3049 739 xui.
3077 690 3169 741 τὸν
3194 686 3570 759 ὀνομασθέντα
3607 687 3749 741 Ἐπι-

2164 777 2340 850 φὰνην
2372 777 2431 846 ἐξ
2477 776 2748 850 Ἰσιδὼρου
2783 777 2883 850 τὴν
2922 779 3244 851 παραίνεσιν
3267 782 3347 844 εἰς
3390 779 3602 833 ἐαυτῶν
3627 779 3758 831 ύπὺ-

2162 886 2311 922 νοιαν
2348 868 2864 940 ἀπεμπολήσαντος,
2913 869 3250 941 Πτολεμαῖος
3295 869 3622 942 διαδέχεται,
3659 870 3761 940 τῆς

2166 962 2265 1032 μὲν
2314 961 2496 1016 αὐτῶν
2549 961 2658 1015 τῶν
2709 961 3061 1033 καλουμένων
3113 962 3434 1017 Γνωστικῶν
3496 963 3763 1034 ὑπάρχων

2162 1052 2448 1124 αἱρέσεως,
2480 1053 2576 1106 xui.
2603 1053 2710 1107 τῶν
2739 1054 2881 1108 κατὰ
2910 1053 3264 1108 Οὐαλεντῖνον
3301 1056 3398 1109 σὺν
3437 1055 3646 1126 ἑτέροις
3677 1072 3767 1107 τι-

2163 1147 2270 1210 σὶν,
2297 1147 2460 1219 ἐτερα
2487 1147 2543 1200 δὲ
2579 1147 2732 1220 παρὰ
2755 1150 2881 1212 τοὺς
2917 1149 3084 1202 αὐτοῦ
3121 1149 3475 1213 διδασκάλους
3501 1148 3765 1203 ὑποτιθέ-

2165 1251 2346 1309 μενος,
2373 1233 2434 1294 οὗ
2463 1241 2558 1294 xui.
2591 1241 2650 1294 τὸ
2677 1239 2846 1312 ὄνομα
2875 1238 3133 1312 αὐχοῦσιν
3163 1243 3212 1295 οἱ
3240 1240 3390 1313 αύτῷ
3421 1241 3767 1314 πειθόμενοι,

2161 1331 2488 1402 Πτολεμαῖοι
2517 1332 2682 1385 καλού
2693 1349 2863 1403 μενοι.

2233 1415 2401 1484 Οὗτος
2429 1422 2608 1475 τοίνυν
2638 1425 2666 1476 ὁ
2697 1421 3035 1494 Πτολεμαῖος
3064 1424 3201 1494 (95),
3241 1425 3336 1478 xui
3371 1427 3418 1478 oi
3454 1425 3549 1478 σὺν
3582 1425 3768 1496 αὐτῷ,

2161 1510 2243 1566 ἔτι
2281 1514 2673 1586 ἐμπειρότερος
2709 1517 2840 1586 ἡμῖν
2892 1515 2988 1569 τοῦ
3023 1515 3235 1570 ἑαυτῶν
3267 1516 3589 1570 διδασκάλου
3619 1535 3769 1588 πμ)-

2161 1605 2408 1675 ελήλυθε,
2435 1609 2499 1678 τῇ
2532 1607 2755 1660 ἐκείνων
2785 1608 3056 1680 ὑφηγήσει
3077 1608 3394 1681 προσθήκης
3416 1609 3558 1675 τινὸς
3590 1610 3779 1683 ὑπερ-

2161 1695 2326 1762 ϐολὰς
2369 1697 2625 1772 ἐξευρών.
2666 1698 2771 1753 Δύο
2803 1699 2913 1772 γὰρ
2944 1694 3100 1764 οὗτος
3136 1701 3404 1770 συζύγους
3434 1700 3513 1771 τῷ
3533 1701 3653 1772 Θεῷ
3685 1703 3773 1772 τῷ

2160 1789 2292 1858 παρ’
2321 1788 2505 1853 αὐτοῖς
2554 1789 2710 1861 Βυθῷ
2743 1790 3064 1862 καλουμένῳ
3103 1792 3372 1862 ἐπενόησέ
3408 1809 3467 1844 τε
3499 1792 3595 1846 xui.
3630 1795 3775 1864 ἐχα-

2166 1880 2356 1949 ρίσατο
2375 1896 2392 1910 ι
2441 1881 2644 1946 ταύτας
2671 1881 2729 1936 δὲ
2778 1884 2873 1936 καὶ
2903 1883 3220 1938 Διαθέσεσιν
3267 1884 3528 1938 ἐκάλεσεν
3557 1888 3597 1951 ⁸,
3628 1888 3772 1941 Ἔν-

2159 1975 2308 2029 νοιάν
2343 1993 2402 2028 τε
2434 1977 2527 2030 xui.
2555 1974 2776 2045 Θέλημα
2803 1990 2814 2004 ·
2845 1975 2939 2029 xui.
2972 1975 3071 2047 τὴν
3115 1977 3212 2048 μὲν
3242 1978 3490 2032 Ἐννοιαν
3523 1979 3606 2033 ἀεὶ
3630 1996 3773 2032 συν-

2162 2067 2481 2139 υπάρξασαν
2498 2069 2554 2121 ἐν
2571 2065 2736 2138 αύτῷ,
2754 2068 3112 2140 ἐννοουμένην
3126 2069 3212 2122 ἀεὶ
3223 2070 3282 2123 τό
3301 2089 3353 2124 τι
3367 2069 3771 2143 προϐαλέσθαι,

2158 2159 2219 2214 τὸ
2247 2161 2304 2214 δὲ
2354 2161 2578 2233 Θέλημα
2623 2162 2680 2214 ἐν
2714 2161 2864 2233 αὐτῷ
2916 2163 3317 2234 ἐπιγινόμενον.
3373 2164 3596 2237 Πρῶτον
3643 2167 3774 2236 γὰρ

2161 2255 2413 2326 ἐνενοήθη
2448 2255 2765 2328 προϐαλεῖν,
2815 2251 2956 2323 εἶτα,
2990 2258 3174 2329 φησὶν,
3216 2257 3471 2329 ἠθέλησε.
3517 2257 3609 2312 Διδ
3663 2260 3772 2312 καὶ

2157 2348 2268 2401 τῶν
2300 2347 2394 2402 δύο
2419 2349 2726 2403 Διαθέσεων
2772 2349 3000 2416 τούτων,
3029 2349 3063 2420 ἥ
3095 2351 3190 2404 xui.
3223 2351 3518 2422 Δυνάμεων
3555 2353 3761 2422 (Δυνά-

2161 2458 2284 2512 μεις
2321 2440 2433 2512 γὰρ
2471 2442 2643 2507 αὑτὰς
2681 2443 2841 2496 πάλιν
2888 2442 3090 2513 καλεῖ),
3115 2443 3216 2513 τῆς
3254 2445 3497 2507 Ἐννοίας
3530 2445 3624 2498 xui.
3652 2445 3770 2515 τῆς

2157 2533 2462 2605 Θελήσεως,
2509 2534 2650 2588 ὥστε
2686 2535 3103 2608 συγκραθείσῶν
3143 2536 3223 2600 εἰς
3262 2537 3497 2609 ἀλλήλας
3520 2539 3588 2608 τῇ
3619 2555 3771 2609 προς

2158 2626 2288 2698 ϐολῇ
2308 2627 2328 2658 ¹
2345 2626 2440 2680 τοῦ
2467 2627 2810 2697 Μονογενοῦς
2837 2628 2932 2682 καὶ
2959 2628 3057 2700 τῆς
3094 2623 3397 2700 Ἀληθείας,
3421 2628 3564 2684 κατὰ
3588 2628 3768 2694 συζυ-

2158 2719 2282 2788 γίαν
2313 2721 2550 2789 ἐγένετο.
2582 2721 2850 2786 Οῦστινας
2890 2720 3096 2785 τύπους
3136 2723 3232 2776 xui.
3262 2721 3476 2786 εἰκόνας
3516 2721 3625 2774 τῶν
3664 2722 3772 2776 δύο

2159 2809 2462 2865 Διαθέσεων
2481 2811 2575 2864 τοῦ
2604 2811 2817 2883 Πατρὸς
2841 2810 3119 2884 προελθεῖν
3135 2811 3244 2865 τῶν
3267 2813 3511 2884 ἀοράτων
3527 2792 3767 2883 ὀρατάξ,

2157 2900 2251 2955 τοῦ
2290 2903 2390 2972 μὲν
2438 2902 2753 2975 Θελήματος
2785 2904 2886 2973 τὴν
2943 2903 3251 2974 Ἀλήθειαν,
3279 2906 3380 2978 τῆς
3417 2905 3474 2958 δὲ
3515 2906 3769 2970 Ἐννοῖας

2156 2994 2247 3047 τὸν
2278 2993 2441 3058 Νοῦν,
2472 2995 2565 3048 καὶ
2587 2995 2676 3049 διὰ
2704 2993 3016 3050 τούτου-τοῦ
3050 2995 3367 3066 Θελήματος
3393 2997 3420 3049 δ
3449 2997 3546 3067 μὲν
3577 2997 3768 3067 ἄρρην

2156 3085 2321 3140 εἰκὼν
2350 3087 2448 3158 τῆς
2471 3087 2766 3159 ἀγεννήτου
2808 3089 3046 3154 Ἐννοίας
3069 3089 3311 3160 γέγονεν,
3335 3090 3364 3140 ὁ
3387 3087 3442 3140 δὲ
3469 3086 3634 3157 θῆλυς
3658 3087 3766 3141 τεῦ

467 3187 740 3242 Voluntas
795 3198 926 3255 ergo
992 3182 1356 3254 Cogitationis
1415 3179 1739 3234 administra
1793 3178 1876 3232 vis
1929 3177 2051 3231 fuit.

2163 3179 2495 3251 Θελήματος.
2541 3180 2614 3233 Τὸ
2652 3179 2877 3253 Θέλημα
2905 3181 3084 3235 τοίνυν
3131 3179 3361 3252 δύναμις
3399 3181 3612 3248 ἐγένετο
3652 3181 3768 3251 τῆς

465 3279 745 3352 Siquidem
803 3277 920 3332 haec
976 3274 1194 3330 tametsi
1247 3273 1313 3327 de
1385 3270 1742 3342 productione
1794 3269 1936 3339 apud
1996 3283 2057 3324 se

462 3375 751 3444 cogitaret,
786 3369 1014 3424 minime
1059 3373 1243 3421 tamen
1295 3380 1391 3434 per
1450 3379 1509 3419 se
1572 3363 1746 3433 ipsam
1813 3360 2060 3431 proferre

463 3466 702 3536 cogitata
735 3462 931 3532 potuit.
993 3457 1099 3512 Sed
1161 3464 1220 3511 ut
1282 3453 1591 3510 Voluntatis
1649 3452 1732 3506 vis
1798 3450 2054 3514 accessit,

464 3567 580 3611 tum
615 3553 761 3623 quod
802 3549 1076 3621 cogitabat
1105 3547 1383 3617 produxit.

536 3643 601 3699 ll.
631 3643 677 3698 0
710 3643 908 3699 stultas
943 3640 1224 3708 anilesque
1267 3637 1513 3690 fabulas!
1560 3633 1732 3690 Nemo
1782 3634 1927 3690 enim
1962 3633 2055 3706 qui

463 3735 747 3809 paululum
787 3731 983 3804 judicii
1024 3730 1240 3793 habeat,
1292 3744 1363 3782 ne
1410 3727 1478 3782 de
1532 3726 1752 3781 homine
1810 3725 2054 3795 quidem,

462 3829 664 3883 nedum
683 3824 752 3880 de
775 3824 886 3878 Deo
911 3821 1213 3894 quidquam
1252 3817 1452 3873 audeat
1488 3817 1760 3887 ejusmodi
1794 3826 2054 3872 statuere.

460 3919 593 3978 Mihi
625 3933 753 3974 vero
795 3916 956 3971 etiam
1024 3912 1296 3967 Homerus
1351 3909 1675 3982 prudentior
1735 3909 1828 3963 illo
1887 3907 2058 3964 fuisse

459 4015 696 4079 videtur,
727 4010 857 4065 dum
897 4005 1190 4064 sollicitum
1221 4002 1434 4069 Jovem,
1465 4002 1723 4072 curisque
1744 3999 2056 4057 confectura

458 4115 515 4160 et
541 4106 766 4169 iratum,
809 4103 1117 4158 insomnem
1162 4105 1380 4153 noctem
1414 4100 1593 4169 egisse
1619 4085 1947 4164 descripsit,
1985 4093 2055 4148 de

455 4197 772 4254 Graecorum
805 4193 1050 4266 pernicie
1093 4193 1462 4261 cogitantem:
1495 4204 1620 4245 cum
1650 4196 1800 4244 esset
1829 4195 2055 4258 rogatus

456 4307 488 4345 a
527 4289 780 4354 Thetide,
818 4297 877 4342 ut
904 4285 974 4341 ad
1004 4285 1377 4342 ulciscendam
1404 4283 1635 4337 Achillis
1666 4282 1923 4353 injuriam
1945 4295 2053 4334 tam

455 4399 489 4438 a
519 4383 835 4438 Graecorum
878 4378 1242 4450 principibus,
1269 4392 1432 4446 quam
1460 4375 1668 4430 Cra-cis
1707 4377 1840 4445 ipsis
1864 4389 2054 4444 poenas

455 4481 746 4546 repeteret.
813 4469 961 4524 Nihil
1020 4470 1165 4525 enim
1242 4466 1572 4521 Ptolemaeus
1637 4467 1705 4522 de
1778 4468 1871 4523 illo
1950 4483 2052 4522 suo

2173 3272 2431 3337 Ἐννοίας.
2473 3272 2702 3326 Ἐνενόει
2731 3274 2830 3344 μὲν
2857 3273 2968 3346 γὰρ
2999 3275 3033 3345 ἡ
3068 3273 3288 3327 Ἔννοια
3324 3274 3423 3344 τὴν
3454 3272 3730 3345 προϐολήν
3749 3293 3762 3302 ·

2156 3363 2217 3416 ού
2249 3364 2349 3436 μέν
2375 3381 2428 3417 τι
2460 3363 2753 3437 προϐαλεῖν
2782 3366 2922 3437 αὑτὴ
2950 3365 3074 3420 καθ’
3103 3364 3304 3435 ἑαυτὴν
3359 3364 3590 3435 ⁴ῌΞύνιιτο
3612 3363 3645 3416 ἃ
3671 3367 3757 3417 ἐν·

2157 3457 2320 3513 ενὸει.
2359 3456 2490 3511 Ὅτε
2527 3456 2585 3510 δὲ
2629 3458 2663 3528 ἡ
2706 3457 2800 3511 τοῦ
2827 3457 3143 3530 Θελήματος
3179 3457 3407 3528 δύναμις
3448 3456 3766 3528 ἐπεγένετο,

2158 3549 2279 3602 τότε
2310 3548 2339 3601 ὃ
2373 3548 2574 3602 ἐνενόει
2613 3549 2907 3621 προέϐαλε.
3125 3568 3130 3573 ’

2230 3644 2306 3696 B'.
2337 3644 2449 3696 Kui.
2481 3641 2586 3712 φεῦ
2633 3643 2732 3714 τῆς
2767 3643 3026 3714 τοιαύτης
3055 3642 3150 3696 τοῦ
3189 3642 3585 3714 ματαιὰρρονος
3628 3641 3768 3713 ληρ-

2157 3735 2358 3807 ῳδίαςὲ
2393 3734 2567 3788 Τοῦτο
2595 3736 2706 3808 γὰρ
2748 3737 2850 3789 οὐκ
2871 3735 2936 3790 ἂν
2952 3737 3076 3790 οὐδὲ
3103 3737 3198 3791 ἐπὶ
3226 3735 3513 3810 ἀνθρώπου
3545 3735 3768 3806 λαμϐά-

2158 3845 2302 3882 νοιτο
2326 3829 2481 3901 πάρά
2502 3845 2608 3883 τινι
2633 3827 2742 3882 τῶν
2771 3829 3006 3900 ἐχόντων
3031 3829 3356 3902 ἐρρωμένην
3377 3829 3478 3900 τὴν
3498 3828 3765 3886 διάνοιαν.

2161 3921 2360 3992 μήτιγε
2398 3921 2493 3974 ἐπὶ
2545 3920 2702 3973 Θεοῦ.
2747 3921 2992 3975 Δοκεῖδέ
3029 3939 3120 3992 μοι
3149 3921 3560 3995 φρονιμώτερος
3591 3922 3766 3975 αὑτοῦ

2158 4012 2426 4083 ὑπάρχειν
2450 4013 2718 4084 Ὄμηρος,
2749 4014 2808 4066 ἐν
2835 4011 2915 4086 τῷ
2939 4014 3030 4068 τὸν
3051 4014 3150 4067 Δία
3181 4013 3436 4084 φροντίδα
3458 4015 3586 4084 παρ’
3610 4013 3767 4085 αὐτῷ

2160 4107 2484 4178 ποιούμενον
2523 4105 2957 4177 ἀναγράφεσθαι,
2998 4107 3351 4179 μεριμνῶντα
3377 4123 3436 4160 τε
3474 4108 3567 4162 xui.
3599 4107 3769 4180 χαλε-

2157 4199 2424 4252 παίνοντα
2473 4198 2567 4252 xui
2613 4199 2820 4253 ἄϋπνον
2871 4199 3160 4271 παννύχως
3203 4197 3615 4254 διατετελεκότα
3641 4239 3657 4264 ,
3701 4200 3764 4252 τὸ

2157 4291 2276 4356 πῶς
2304 4295 2418 4355 τοῖς
2459 4292 2698 4361 Ἀχαιοῖς
2745 4291 3148 4356 ἐπιϐουλεύσει,
3199 4295 3298 4364 τῆς
3340 4291 3557 4355 Θέτιδος
3581 4276 3761 4345 ἀὑτὸν

2156 4383 2490 4455 ἀξιωσάσης,
2535 4387 2617 4449 εἰς
2653 4384 2715 4437 τὸ
2760 4383 2918 4454 δίκην
2968 4386 3118 4437 τῖσαι
3165 4384 3294 4446 τοὺς
3334 4381 3444 4436 τῶν
3490 4380 3761 4451 Ἑλλήνων

2157 4471 2421 4544 ἐξάρχους
2450 4491 2508 4526 τε
2549 4472 2644 4526 καὶ
2684 4473 2884 4536 αὐτοὺς
2903 4473 3030 4534 τοὺς
3055 4471 3346 4541 Ἕλληνας,
3369 4468 3459 4524 διὰ
3486 4469 3588 4541 τὴν
3624 4469 3759 4540 πρὸς

456 4567 704 4620 omnium
772 4569 1020 4633 parente,
1075 4575 1238 4630 quem
1285 4559 1519 4630 Bythum
1568 4559 1836 4623 nominat,
1871 4561 2054 4629 aptius

2163 4567 2250 4619 τὸν
2279 4567 2526 4636 Ἀχιλλέα
2553 4565 2730 4638 ῦϐριν.
2756 4565 2922 4619 Οὐδὲν
2943 4565 3050 4637 γὰρ
3080 4557 3238 4628 οὗτος
3262 4565 3292 4617 ὁ
3308 4564 3645 4635 Πτολεμαῖος
3677 4565 3754 4627 εἰς

454 4657 810 4729 excogitavit,
856 4669 1020 4724 quam
1061 4662 1148 4710 est
1191 4653 1260 4707 ab
1308 4652 1547 4707 llotnero
1593 4651 1660 4706 de
1711 4651 1845 4705 Jove
1879 4653 2050 4706 confi-

452 4759 626 4806 ctum.
661 4748 766 4804 Sed
797 4746 950 4803 Jovis
993 4747 1158 4818 216
1187 4747 1381 4816 ipsius,
1439 4746 1655 4816 qualem
1701 4745 1770 4800 ab
1814 4743 2050 4801 Homero

451 4843 744 4912 didicerat,
778 4841 1061 4897 notionem
1112 4840 1442 4895 informasse
1502 4839 1736 4894 videtur.
1767 4839 1881 4893 lmo
1920 4854 2050 4894 vero

450 4945 658 4992 tantam
680 4935 746 4990 ad
773 4933 1204 5008 expromendam
1222 4932 1509 4988 audaciam
1529 4931 1877 4986 Homericum
1911 4931 2047 4986 illud

447 5032 518 5086 de
536 5027 693 5097 Jove,
732 5025 1050 5097 Graecisque
1081 5032 1452 5082 commentum
1490 5023 1834 5078 tolerabilius
1882 5037 2047 5078 usur-

448 5131 640 5195 paret,
697 5138 862 5194 quam
928 5121 1003 5175 ita
1060 5121 1128 5174 de
1176 5117 1456 5173 communi
1509 5117 1756 5172 omnium
1812 5115 2046 5171 Domino

450 5216 779 5285 disputaret.
847 5213 953 5281 Qui
1019 5211 1187 5268 simul
1273 5218 1439 5280 atque
1519 5210 1704 5265 animo
1793 5209 2047 5281 concepit

453 5308 679 5377 aliquid,
729 5309 913 5362 statim
972 5304 1240 5377 quidquid
1304 5303 1541 5358 voluerit
1581 5303 1776 5370 ellicit;
1824 5304 2044 5357 statim-

451 5412 560 5467 que
645 5415 709 5452 ac
793 5397 988 5459 voluit,
1062 5397 1250 5451 animo
1293 5395 1538 5464 concipit
1625 5394 1772 5464 quod
1817 5394 2039 5448 voluit:

532 5589 549 5621 ι
581 5594 667 5652 γρ.
700 5578 966 5637 Διάθεσιν.
1000 5581 1142 5635 lt'en.
1177 5579 1477 5641 Διαθέσεις.

1555 5579 1574 5608 ’
1606 5576 1742 5631 Ircn.
1773 5578 1804 5646 ἡ
1839 5574 2103 5646 προϐολή.

2157 4658 2316 4724 δόξαν
2341 4657 2434 4712 τοῦ
2463 4659 2595 4731 παρ’
2630 4657 2795 4712 αὐτοῦ
2836 4658 3049 4728 [ἰατρὸς
3076 4657 3186 4711 τῶν
3217 4657 3376 4722 ὅλων,
3405 4657 3499 4709 τοῦ
3527 4657 3624 4709 καὶ
3649 4656 3752 4708 Βυ-

2158 4749 2254 4803 θοῦ
2289 4749 2650 4820 καλουμένου,
2683 4748 3051 4822 εὐλογώτερον
3077 4748 3188 4802 τῶν
3213 4749 3365 4820 παρὰ
3407 4748 3649 4818 Ὀμήρου
3678 4748 3752 4810 εις

2156 4845 2248 4898 τὸν
2273 4844 2373 4899 Δία
2400 4833 3040 4917 εἰρημένωνέπενόησεν.
3090 4842 3230 4895 Ἀλλ’
3259 4841 3420 4895 αὐτὸν
3459 4841 3751 4912 κατείληφε

2159 4937 2362 5008 μᾶλλον
2399 4935 2492 4989 τὸν
2541 4936 2660 5002 Δία,
2703 4935 2782 5000 ὡς
2826 4935 2978 5006 παρὰ
3011 4937 3258 5006 ὐμήρου
3297 4932 3477 4988 λαϐὼν
3501 4934 3606 5004 τὴν
3633 4936 3752 4988 Ἐν-

2155 5047 2327 5083 νοιαν.
2363 5029 2583 5083 Μᾶλλον
2626 5033 2735 5099 γὰρ
2776 5028 2875 5099 τὴν
2921 5028 3229 5099 Ὁμηρικὴν
3269 5025 3578 5098 κατάληψιν
3629 5026 3750 5099 περὶ

2153 5118 2276 5182 Διὸς
2307 5119 2403 5172 xui.
2447 5118 2682 5189 Ἀχαιῶν
2704 5119 2933 5182 εἰκότως
2970 5119 3039 5172 ἂν
3077 5120 3322 5188 φήσειεν,
3362 5118 3462 5188 τὴν
3485 5119 3746 5188 τοσαύτην

2153 5211 2320 5264 αὑτοῦ
2348 5211 2554 5282 τόλμαν
2587 5209 2876 5281 ἐξεμέσας,
2910 5209 2944 5280 ἢ
2978 5211 3107 5282 περὶ
3136 5210 3230 5264 τοῦ
3264 5209 3372 5264 τῶν
3397 5209 3537 5263 ὅλων
3558 5210 3747 5263 Δεσπό-

2152 5318 2246 5356 του
2267 5319 2281 5332 ·
2301 5302 2362 5366 ὃς
2395 5303 2512 5374 ἅμα
2548 5301 2628 5373 τῷ
2658 5300 2920 5373 νοηθῆναι
2951 5303 3047 5356 καὶ
3084 5301 3522 5355 ἐπιτετελεκέναι
3552 5301 3574 5332 ³
3604 5299 3742 5353 τοῦθ’

2152 5393 2289 5465 ὅπερ
2336 5393 2593 5464 quam,
2636 5393 2731 5447 xui.
2780 5393 2898 5464 ἅμα
2942 5393 3024 5464 τῷ
3068 5393 3296 5465 θελῆσαι
3346 5394 3443 5446 καὶ
3488 5395 3741 5446 ἐννοεῖται

2182 5573 2202 5603 ³
2227 5572 2288 5626 F.
2319 5573 2666 5626 ἐπιτετέλεκε
2685 5609 2701 5625 .

517 5762 637 5835 (95)
687 5752 872 5828 Οὗτος
902 5762 1114 5816 τοίνυν
1140 5767 1171 5818 ὁ
1202 5763 1589 5831 Πτολεμαῖος.
1643 5762 1765 5817 ιιίιιε
1804 5779 1871 5817 ex
1925 5762 2054 5816 lren:

2163 5760 2227 5817 ad
2252 5760 2479 5816 verbum
2514 5759 2792 5830 descripta
2825 5763 2976 5824 sunt,
3009 5754 3104 5811 lib.
3142 5771 3182 5823 I,
3211 5766 3334 5824 cap.
3367 5756 3422 5810 θ.
