3982 6424
89 345 238 402 ’557

847 340 1220 400 ADVERSUS
1260 332 1611 399 IIERESES
1651 337 1779 395 LIB.
1825 339 1864 394 I.
1908 341 2076 398 'I'OM.
2121 341 2186 400 Il.
2230 373 2297 384 —
2325 342 2599 402 HERES.
2629 344 2868 401 XXXIII.

3322 345 3429 404 558

130 460 280 516 τοῦθ’
312 461 448 532 ὅπερ
477 459 572 514 καὶ
606 459 860 532 ἠθέλησε,
891 461 1052 515 τοῦτο
1079 461 1428 532 ἐννοούμενος
1461 460 1488 513 ὃ
1516 459 1612 513 καὶ
1643 456 1731 511 θέ-

1836 471 1898 513 ac
1929 465 2045 514 tum
2073 458 2320 533 cogitans
2351 479 2473 518 cum
2526 464 2645 519 vult
2683 463 2989 534 volensque
3029 477 3156 518 cum
3200 465 3428 534 cogitat.

139 555 219 605 λει
249 554 289 615 ⁸,
315 551 410 605 καὶ
437 550 560 610 τότε
608 551 778 605 θέλων
802 550 891 604 ὄτέ
943 553 1226 615 ἐννοεῖται,
1255 551 1374 614 ὅλος
1409 550 1589 605 ἔννοια
1633 549 1732 614 ὢν,

136 643 256 707 ὅλος
291 642 528 713 θέλημα,
555 641 676 706 ὅλος
709 642 856 708 νοῦς,
902 642 1026 707 ὅλος
1058 642 1360 714 ὀφθαλμὸς,
1395 643 1517 705 ὅλος
1571 641 1732 712 ἀκοὴ,

134 737 254 800 ὅλος
280 735 432 808 πηγὴ
476 735 696 789 πάντων
728 737 836 790 τῶν
879 735 1120 805 ἀγαθῶν,
1160 735 1255 788 καὶ
1286 735 1501 798 οὐδενὸς
1545 736 1736 787 ἰσοπα-

135 826 264 892 θοῦς
292 831 314 860 ²
343 829 680 900 περιέχεται.
723 827 858 892 Θεὸς
893 828 1024 899 γὰρ,
1065 827 1161 880 καὶ
1189 828 1251 882 ού
1282 826 1603 899 φροντίζων,
1640 826 1736 880 καὶ

134 918 358 993 ἀπορῶν
382 915 458 984 ὡς
474 921 669 985 Βυθδς,
698 921 817 992 ῆτοι
837 922 865 975 ό
886 922 1042 986 Ζεὺς,
1067 920 1196 992 περί
1215 915 1276 975 οῦ
1296 919 1524 988 λέγοντα
1554 916 1736 989 Ὄμη-

135 1029 230 1083 ρον
262 1013 598 1085 Πτολεμαῖος
623 1015 754 1084 περὶ
781 1013 954 1068 Βυθοῦ
991 1013 1167 1080 λέγων
1191 1013 1522 1098 ἐμιμήσατο.
1561 1011 1655 1075 Εἰς
1677 1010 1734 1064 δὲ

135 1105 527 1177 περισσότερον
556 1105 778 1178 ἔλεγχον
803 1105 898 1162 τοῦ
926 1104 1240 1170 ἀπατεῶνος
1279 1103 1402 1159 καθ’
1436 1104 1563 1174 ἑξῆς
1596 1105 1733 1157 ὐπο-

133 1197 326 1263 τάξας,
360 1199 752 1270 παραθήσομαι
784 1197 853 1251 τά
881 1198 974 1251 ὑπ’
1002 1195 1169 1252 αὑτοῦ
1210 1195 1370 1265 φύσει
1395 1195 1734 1266 Πτολεμαίου

133 1291 330 1362 Φλὼρᾳ
352 1292 458 1344 τινὶ
487 1292 708 1360 γυναικὶ
736 1289 1039 1364 γραφέντα,
1070 1289 1340 1360 ἐπαγωγά
1357 1307 1418 1342 τε
1452 1290 1546 1343 καὶ
1570 1289 1735 1361 δηλησ-

132 1386 300 1457 τῇρια
338 1385 579 1456 ῥήματα,
623 1382 710 1436 ἵνα
746 1383 819 1454 μή
850 1400 936 1447 τις
969 1383 1240 1454 νομίσειεν
1285 1381 1436 1453 ἡμᾶς
1464 1381 1522 1446 ἐξ
1561 1381 1730 1450 ἀκοῆς

137 1478 296 1546 pri-mw
325 1479 414 1531 τὸν
440 1476 737 1532 ἀπατεῶνα
772 1477 1040 1547 ἐλέγχειν,
1076 1476 1152 1548 μὴ
1188 1475 1454 1547 πρότερον
1480 1473 1731 1544 ἐντυχόν-

132 1588 230 1634 τας
256 1573 323 1642 τῇ
349 1571 478 1643 παρ’
502 1568 667 1624 αὐτοῦ
694 1568 1196 1642 παραπεποιημένῃ
1222 1565 1560 1638 διδασκαλίᾳ.
1585 1565 1731 1638 Πρὸς

131 1665 244 1734 γὰρ
274 1665 389 1726 τοῖς
416 1663 732 1736 εἰρημένοις
768 1663 861 1716 καὶ
899 1661 992 1715 τὸν
1036 1661 1200 1732 νόμον
1227 1659 1320 1713 τοῦ
1355 1658 1490 1713 Θεοῦ
1517 1659 1609 1713 τὸν
1645 1659 1732 1714 διὰ

1834 549 2105 608 Nimirum
2146 562 2296 611 totus
2339 557 2456 627 ipse
2494 558 2756 628 cogitatio
2793 566 2900 625 est,
2957 566 3108 613 totus
3147 557 3427 619 voluntas.

1834 649 1987 699 totus
2017 660 2198 711 meus,
2230 653 2380 702 totus
2410 649 2616 712 lumen,
2650 657 2800 704 totus
2838 651 3054 714 oculus,
3083 657 3231 704 totus
3272 647 3460 702 audi-'

1836 744 1944 800 tus,
1973 745 2122 794 totus
2157 739 2428 794 bonorum
2475 743 2722 796 omnium
2770 741 2914 806 fons,
2969 755 3310 812 prorsusque
3362 739 3432 792 ab

1835 829 1985 884 omni
2030 832 2444 901 perturbatione
2485 843 2764 902 remotus;
2811 849 2921 890 non
2976 835 3273 896 sollicitus,
3316 849 3428 886 non

1836 921 2057 987 anxius,
2101 922 2247 978 velut
2276 922 2486 995 Bythus
2527 926 2638 992 ille,
2681 926 2764 981 vel
2808 924 3043 997 Jupiter,
3064 925 3132 980 de
3157 941 3266 996 quo
3301 940 3426 994 qua:

1835 1013 1904 1067 ab
1935 1011 2171 1070 Homero
2220 1016 2426 1086 scripta
2474 1027 2624 1083 sunt,
2675 1016 3002 1073 Ptolemzeus
3066 1017 3134 1071 ad
3189 1017 3422 1089 Bytlium

1836 1105 2138 1160 transtulit.
2160 1106 2337 1177 Atque
2355 1116 2414 1161 ut
2443 1107 2886 1178 improbissimus
2918 1109 3003 1164 hic
3017 1109 3234 1180 planius
3253 1108 3427 1179 magis

1835 1197 2120 1268 magisque
2159 1199 2460 1266 refellatur,
2496 1200 2652 1271 juvat
2711 1201 2817 1256 hoc
2865 1203 2988 1256 loco
3036 1217 3099 1256 ea
3127 1201 3422 1270 subjicere,

1835 1303 1960 1359 qua:
2001 1288 2071 1344 ad
2118 1288 2336 1345 Floram
2397 1294 2686 1364 quamdam
2755 1294 3132 1350 mulierculam
3181 1292 3427 1364 scripsit,

1838 1379 1997 1450 plena
2031 1380 2122 1434 illa
2161 1383 2380 1452 quidem
2446 1386 2718 1442 illecebrze
2761 1385 2828 1440 ad
2864 1385 3326 1456 persuadendum,
3361 1401 3427 1438 ac

1839 1471 2121 1541 pestifera,
2157 1489 2225 1529 ne
2255 1477 2383 1546 quis
2405 1475 2636 1534 forsitan
2670 1486 2842 1549 putet,
2879 1495 2966 1534 mc
2991 1494 3058 1533 ex
3089 1479 3276 1532 auditu
3311 1479 3431 1533 solo

1838 1573 2031 1620 contra
2071 1567 2397 1624 nebulonem
2445 1559 2592 1625 hunc
2631 1571 2833 1641 egisse,
2868 1572 3192 1642 nullumque
3232 1571 3427 1640 depra-

1835 1666 1973 1712 vatae
2002 1657 2123 1728 ejus
2153 1660 2422 1717 doctrina}
2454 1663 2748 1734 vestigium
2791 1674 2951 1720 antea
3007 1664 3333 1735 pervidisse.
3367 1661 3432 1718 Et

132 1756 418 1821 Μωῦσέως
471 1753 812 1828 βλασφημῶν
846 1754 950 1808 οὐκ
990 1751 1342 1824 αἰσχύνεται·
1403 1752 1439 1807 ἃ
1469 1751 1564 1806 καὶ
1614 1750 1730 1806 ἐστι

1836 1748 2052 1818 quidem
2072 1762 2268 1822 praeter
2281 1768 2341 1808 ea
2361 1771 2482 1824 qua:
2497 1754 3060 1822 diximus,Mosaicam
3079 1757 3242 1812 etiam
3259 1757 3431 1827 legem

131 1866 332 1904 ταυτα·

502 1959 876 2030 Πτολεμαίου
902 1957 1053 2028 πρὸς
1081 1955 1350 2027 Φλώραν.

203 2053 278 2109 I".
318 2053 424 2107 Τὸν
451 2052 540 2107 διὰ
572 2053 853 2116 Μωῦσέως
894 2051 1117 2105 τεθέντα
1155 2051 1339 2122 νόμον,
1378 2049 1582 2122 ἀδελφή
1628 2066 1730 2121 μου

128 2145 270 2218 καλὴ
327 2145 543 2216 Φλώρα,
601 2147 684 2200 ὅτι
721 2144 1009 2216 μὴπολλοί
1049 2143 1542 2216 προκατελάϐοντο,
1594 2145 1732 2216 μήτε

127 2237 220 2290 τὶιν
258 2235 513 2307 θεμέλιον
542 2234 705 2291 αὐτὸν
743 2234 1070 2303 ἐγνωκότες,
1104 2237 1242 2307 μήτε
1272 2235 1373 2299 τὰς
1405 2235 1730 2306 προστάξεις

135 2327 337 2391 αὐτῶν,
367 2328 610 2399 ἀκριὸὦς
635 2326 876 2399 ἠγοῦμαι
904 2328 998 2381 καὶ
1037 2327 1120 2381 σοὶ
1151 2327 1479 2381 εὐσύνοπτον
1509 2328 1729 2381 ἔσεσθαι

135 2422 416 2494 μαθούσης
441 2424 460 2455 ³
492 2426 592 2488 τάς
629 2424 1006 2494 διαφωνούσας
1027 2424 1254 2497 γνώμας
1283 2427 1413 2498 περὶ
1440 2427 1628 2480 αὑτοῦ.
1666 2426 1731 2478 υἱ

132 2515 230 2584 μὲν
265 2514 380 2587 γὰρ
410 2515 515 2568 ὑπὸ
561 2514 656 2569 τοῦ
701 2515 838 2570 Θεοῦ
875 2517 968 2571 καὶ
1009 2517 1225 2589 Πατρὸς
1272 2517 1729 2589 νενομοθετῆσθαι

126 2606 342 2670 τούτοις
364 2605 642 2677 λέγουσιν’
675 2608 852 2680 ’ἐτεροι
884 2607 941 2661 δὲ
974 2607 1184 2671 τούτοις
1217 2607 1315 2680 τὴν
1342 2607 1590 2662 ἐναντίαν
1613 2607 1730 2662 ὁδὸν

126 2698 454 2770 τραπέντες,
496 2700 603 2754 ὑπὸ
631 2698 724 2753 τοῦ
764 2699 1143 2770 ἀντικειμένου
1189 2699 1512 2772 φθοροποιοῦ
1543 2699 1731 2753 διαϐάς

126 2791 219 2844 λου
253 2790 531 2846 τεθεῖσθαι
580 2791 768 2845 τοῦτον
817 2791 1204 2864 ἰσχυρίζονται,
1249 2791 1326 2857 ὡς
1356 2792 1451 2846 καί
1499 2791 1598 2864 τὴν
1633 2791 1729 2847 τοῦ

126 2884 342 2955 κόσμου
393 2883 801 2952 προσάπτουσιν
853 2884 1006 2956 αὐτῷ
1052 2884 1452 2957 δημιουργίαν,
1503 2885 1728 2958 Πατέρα

126 2979 225 3031 καὶ
283 2975 524 3050 Ποιητὴν
568 2978 756 3031 τοῦτον
814 2977 1066 3046 λέγοντες
1116 2974 1274 3032 εἶναι.
1315 2977 1486 3032 Τοῦτο
1529 2977 1586 3032 δὲ
1632 2976 1727 3032 τοῦ

128 3063 338 3128 παντὸς
357 3063 674 3120 διέπταισαν
703 3058 850 3120 οὗτοι
879 3064 1150 3130 διαδόντες
1181 3065 1454 3138 ἀλλήλοις,
1483 3067 1578 3120 καὶ
1602 3067 1730 3121 ἐκά-

1763 1823 1806 1878 Β
1836 1840 2140 1900 maledictis
2155 1823 2403 1901 incessit.
2425 1845 2519 1902 Est
2541 1854 2722 1904 autem
2750 1847 3022 1916 ejusmodi
3043 1848 3158 1904 haec
3174 1823 3429 1920 cpistola:

2180 1957 2461 2017 Plolemcei
2505 1962 2575 2017 ad
2611 1961 2833 2018 Florum
2872 1965 3118 2033 epistola.

1904 2046 1989 2105 III.
2019 2049 2216 2122 Legem
2258 2052 2407 2106 illam
2444 2069 2566 2125 qua:
2602 2070 2631 2108 a
2659 2053 2809 2112 Mose
2869 2055 3072 2110 tradita
3107 2065 3214 2121 est,
3269 2055 3430 2111 Flora

1835 2155 1996 2197 soror
2019 2144 2429 2212 amantissima,
2449 2163 2627 2218 neque
2661 2155 3006 2220 perspectam
3033 2149 3220 2205 haberi
3237 2164 3431 2220 quam-

1834 2235 2126 2306 plurimos,
2162 2254 2342 2310 neque
2389 2241 2513 2311 ejus
2554 2243 2704 2299 velut
2762 2241 3120 2298 fundamenta
3156 2244 3242 2299 vel
3291 2259 3429 2314 pra:-

1834 2329 2038 2398 scripta
2073 2344 2428 2402 cognoscere,
2453 2333 2614 2389 facile
2644 2341 2696 2390 te
2720 2336 3128 2391 intellecturam
3144 2336 3427 2401 existimo,

1832 2422 1877 2476 si
1909 2437 2072 2493 quam
2104 2423 2269 2479 variae
2302 2425 2370 2480 de
2394 2425 2484 2480 illa
2518 2426 2630 2482 sint
2657 2428 2948 2498 Opiniones
2976 2428 3260 2486 didiceris.
3288 2428 3432 2484 Sunt

1832 2513 1979 2568 enim
2003 2513 2097 2586 qui
2130 2515 2278 2569 illam
2308 2530 2338 2569 a
2370 2515 2480 2571 Deo
2525 2526 2718 2588 putant
2749 2535 2813 2575 ac
2841 2520 3000 2577 I’atre
3026 2522 3195 2578 fuisse
3223 2522 3432 2578 consti-

1833 2612 2031 2663 tutam.
2054 2607 2157 2661 Alii
2177 2608 2512 2663 contrariam
2549 2610 2692 2665 viam
2719 2612 2975 2685 ingressi,
2998 2614 3067 2670 ab
3089 2615 3210 2686 ejus
3231 2615 3440 2693 aemulo

1833 2697 2046 2755 nefario
2067 2700 2317 2757 daemone
2340 2702 2505 2757 latam
2540 2702 2837 2769 allirmant,
2879 2721 2908 2760 a
2942 2723 3052 2778 quo
3076 2717 3129 2764 et
3162 2708 3429 2763 mundum
3470 2775 3476 2780 _

1833 2788 2162 2846 fabricatum
2215 2802 2494 2861 asserunt,
2557 2803 2612 2850 et
2661 2797 2911 2853 eumdem
2969 2799 3322 2857 Conditorem
3364 2817 3430 2857 ac

1831 2880 2052 2940 Patrem
2103 2899 2230 2942 esse
2285 2886 2570 2943 dictitant.
2615 2888 2819 2945 ναι-ατη
2867 2893 2967 2957 illi,
3017 2894 3109 2964 qui
3159 2895 3432 2965 ejusmodi

1831 2974 2088 3048 dogmata
2117 2977 2222 3034 sibi
2259 2979 2496 3036 invicem
2536 2983 3042 3051 eommunicarunt,
3076 2987 3462 3062 vehementer”
3495 3051 3498 3054 ,

1833 3072 2152 3130 hallucinati
2187 3085 2335 3142 sunt,
2381 3078 2523 3133 etab
2556 3093 2621 3134 co
2662 3095 2824 3148 quem
2853 3081 2954 3136 sibi
3001 3090 3428 3152 proposuerant,

125 3174 277 3229 τεροι
327 3155 507 3210 αὐτῶν
551 3156 946 3230 διαμαρτόντες
984 3158 1139 3232 παρά
1181 3158 1362 3228 σφίσιν
1408 3161 1594 3226 αὐτοῖς
1628 3163 1729 3234 τῆς

1836 3179 2006 3236 scopo
2037 3167 2646 3227 veritatisaberrarunt.
2678 3173 2810 3227 Nam
2839 3190 2941 3230 nec
2973 3189 3003 3229 a
3039 3176 3286 3246 perfecto
3316 3175 3429 3232 Deo

126 3246 223 3301 τοῦ
258 3247 626 3319 προκειμένου
656 3247 916 3320 ἀληθείας
937 3262 949 3276 °
978 3248 1101 3304 ούτε
1134 3251 1244 3323 γάρ
1277 3251 1382 3305 ὑπὸ
1409 3251 1503 3306 τοῦ
1525 3253 1732 3308 τελείου

123 3338 266 3394 θεοῦ
307 3341 405 3394 καί¹
431 3340 646 3412 Πατρὸς
681 3341 931 3412 φαίνεται
964 3343 1155 3428 τοῦτον
1193 3344 1500 3399 τεθεῖσθαιο
1531 3347 1732 3418 ἑπόμε-

125 3450 218 3497 νος
253 3432 276 3466 ⁸
303 3431 416 3504 γάρ
465 3435 642 3487 ἐστιν·
673 3433 837 3506 ἀτελῆ
869 3452 929 3488 τε
983 3435 1134 3503 ὗντα,
1176 3438 1272 3490 καὶ
1319 3437 1414 3491 τοῦ
1467 3439 1731 3511 σφετέρου

121 3525 494 3599 πληρωθῆναι
528 3526 639 3598 (96)
671 3527 847 3598 ἐνδεῆ,
888 3527 1082 3600 ἔχοντά
1114 3547 1176 3584 τε
1224 3531 1551 3602 προστάξεις
1584 3533 1729 3587 ἀνοι-

123 3621 285 3685 κείας
309 3623 376 3694 τῇ
407 3618 501 3676 τοῦ
527 3618 768 3674 τοιούτου
795 3620 931 3675 Θεοῦ
965 3623 1125 3692 φύσει
1153 3640 1214 3676 τε
1246 3624 1342 3678 καὶ
1363 3624 1584 3698 γνώμῃ·
1620 3625 1731 3680 οὔτ’

121 3709 196 3767 αὖ
240 3711 408 3767 πάλιν
434 3714 500 3783 τῇ
547 3711 645 3766 τοῦ
695 3713 1078 3784 ἀντικειμένου
1125 3714 1312 3787 ἀδικίᾳ
1355 3716 1520 3788 νόμον
1559 3736 1731 3790 προσ-

121 3808 328 3861 άπτειν
361 3805 382 3838 ⁸
413 3805 618 3861 ἀδικεῖν
657 3806 964 3879 αἱροῦντος,
1019 3807 1128 3862 τῶν
1157 3826 1217 3863 τε
1252 3809 1382 3880 ἑξῆς
1413 3811 1465 3864 τί
1497 3811 1576 3883 μὴ
1608 3827 1732 3866 συν-

122 3899 392 3970 ορώντων
426 3897 495 3954 τὰ
518 3897 624 3954 ὑπὸ
643 3899 738 3953 τοῦ
758 3901 1012 3973 Σωτῆρος
1045 3901 1331 3974 εἰρημένα.
1368 3904 1530 3959 Οἰκία
1550 3905 1660 3977 γὰρ
1697 3905 1730 3976 ἢ

122 3991 288 4053 πόλις
323 3987 647 4060 μερισθεῖσα
671 3989 755 4060 ἐφ’
783 3990 1004 4064 ἑαυτὴν,
1036 3992 1121 4046 ὅτι
1153 3993 1228 4065 μὴ
1259 3993 1484 4050 δύναται
1516 3997 1730 4070 στῆναι,

122 4086 155 4138 ὁ
186 4080 382 4153 Σωτὴρ
429 4080 591 4153 ἡμῶν
625 4083 963 4154 ἀπεφήνατο.
995 4084 1115 4138 Ἔτι
1151 4101 1214 4154 γε
1254 4085 1354 4158 τὴν
1386 4085 1482 4140 τοῦ
1521 4089 1730 4159 κόσμου

125 4171 492 4244 δημιουργίαν
517 4171 652 4226 ίδίαν
702 4173 851 4241 λέγει
885 4167 1023 4227 εῖναι
1056 4174 1091 4228 ἆ
1115 4191 1174 4228 τε
1209 4174 1230 4205 ⁸
1256 4175 1436 4230 πάντα
1456 4175 1523 4230 δι’
1564 4177 1730 4252 αὐτοῦ

123 4265 438 4336 γεγονέναι,
489 4267 586 4319 καλ⁸
627 4267 799 4338 χωρὶς
848 4266 1014 4322 αὑτοῦ
1057 4267 1279 4337 γέγονεν
1321 4269 1492 4336 οὐδὲν,
1534 4271 1563 4324 ὁ
1593 4270 1730 4324 ἀπό-

125 4359 322 4422 στολος
349 4361 840 4431 προαποπερὴσας
862 4358 975 4430 (97)
999 4359 1098 4431 τὴν
1119 4359 1226 4414 τῶν
1247 4359 1733 4434 ψευδηγορούντων

1838 3274 1903 3314 ac
1930 3259 2094 3315 Patre
2139 3262 2383 3318 stabilita
2417 3265 2663 3332 videtur,
2708 3277 2899 3340 utpote
2951 3272 3136 3327 minus
3162 3270 3426 3342 perlecta,

1835 3360 1890 3406 et
1922 3353 1991 3408 ad
2017 3354 2103 3409 sui
2134 3355 2536 3414 absolutionem
2595 3363 2754 3430 plura
2803 3361 3136 3436 desiderans
3172 3377 3236 3418 ac
3273 3379 3432 3418 man-

1834 3446 1962 3501 data
1996 3449 2246 3518 quaedam
2281 3451 2599 3519 continens,
2631 3470 2753 3524 quae
2783 3454 2875 3510 Dei
2900 3463 3096 3510 natura
3121 3472 3187 3511 ac
3209 3456 3432 3513 decreto

1837 3548 1964 3594 sunt
2006 3541 2206 3597 aliena.
2238 3540 2427 3614 Neque
2458 3561 2588 3603 vero
2614 3548 2915 3604 adversarii
2955 3549 3117 3620 217
3165 3549 3406 3621 improbi

1835 3631 1930 3686 tati
1958 3633 2250 3690 tribuenda
2281 3637 2367 3692 lex
2404 3647 2510 3703 est,
2544 3640 2708 3710 cujus
2772 3643 3060 3713 proprium
3121 3643 3196 3698 sit
3242 3642 3432 3714 inique

1835 3723 2049 3786 facere:
2076 3729 2282 3799 quique
2310 3731 2381 3784 ita
2432 3740 2705 3800 statuunt,
2729 3749 2850 3805 qua:
2885 3749 2914 3787 a
2964 3735 3250 3791 Salvatore
3280 3734 3432 3791 dicta

1835 3825 1969 3881 sunt
2021 3835 2372 3892 nequaquam
2410 3824 2875 3880 animadvertunt.
2919 3824 2994 3880 lta
3025 3828 3169 3883 enim
3199 3827 3288 3883 ille
3305 3843 3436 3898 pro-

1837 3911 2142 3978 nuntiavit,
2177 3919 2326 3968 stare
2366 3914 2592 3970 domum
2625 3917 2710 3972 vel
2747 3917 3029 3973 civitatem
3079 3935 3189 3974 non
3245 3934 3430 3990 posse.

1835 4018 1959 4073 quae
2001 4005 2055 4059 in
2089 4005 2328 4076 seipsam
2383 4007 2560 4065 divisa
2623 4009 2695 4065 sit
2726 4011 2767 4064 ⁷.
2805 4007 3076 4065 Praeterea
3104 4012 3368 4068 mundum
3401 4029 3433 4068 a

1834 4110 1896 4150 se
1923 4095 2251 4152 fabricatum
2285 4102 2526 4167 asserit;
2579 4101 2877 4173 omniaque
2911 4119 3006 4172 per
3047 4091 3226 4174 ipsum
3268 4104 3430 4167 facta.

1833 4195 1887 4242 et
1915 4189 2034 4243 sine
2067 4189 2187 4261 ipso
2223 4191 2359 4246 nihil
2400 4207 2525 4248 esse
2545 4192 2799 4248 factum“.
2835 4191 3050 4260 Quibus
3083 4195 3266 4250 verbis
3298 4211 3434 4264 apo-

1833 4278 2012 4335 stolus
2037 4281 2592 4338 mendacissimorum
2625 4284 2908 4339 hominum
2943 4285 3170 4341 minime
3198 4287 3432 4342 solidam

1834 4370 2160 4440 sapientiam
2188 4371 2410 4440 refellit,
2476 4390 2580 4431 nec
2629 4375 2892 4447 pestifero
2949 4378 3114 4433 alicui
3171 4377 3302 4446 Deo,
3335 4381 3433 4437 sed

120 4451 510 4505 ἀνυπόστατον
552 4451 768 4522 σοφίαν,
806 4451 900 4506 καί
925 4452 986 4507 ού
1032 4452 1358 4526 φθοροποιοῦ
1395 4453 1553 4521 Θεοῦ,
1593 4455 1730 4511 ἀλλά

1836 4463 2002 4532 justo,
2037 4471 2091 4519 et
2126 4465 2495 4536 improbitatis
2536 4468 2716 4523 omnis
2749 4468 2972 4525 inimico
2999 4466 3216 4526 illarum
3247 4489 3431 4528 rerum

121 4541 340 4597 δικαίου
368 4543 465 4596 καὶ
509 4545 898 4616 μισοπονήρου.
946 4523 1326 4618 Ἀπρονοήτων
1363 4547 1420 4601 δέ
1458 4549 1606 4604 ἐστιν
1635 4550 1729 4605 ἀνο

1836 4556 2217 4613 aucturitatem
2267 4559 2536 4616 concedit.
2566 4559 2671 4616 Sed
2707 4563 3119 4618 lemerariorum
3149 4565 3435 4621 hominum

121 4631 369 4702 θρὼπων
416 4635 515 4704 τῆς
560 4634 818 4706 προνοίας
865 4633 960 4689 τοῦ
989 4637 1363 4710 -Δημιουργοῦ
1420 4639 1496 4712 μὴ
1548 4642 1728 4696 αἰτίαν

116 4725 588 4795 λαμϐανομένων,
636 4729 732 4781 καί
767 4727 840 4800 μὴ
877 4728 1038 4800 μόνον
1077 4730 1136 4784 τὸ
1169 4731 1271 4802 τῆς
1315 4732 1496 4805 ψυχῆς
1551 4734 1728 4806 ὄμμα,

116 4815 270 4871 ἀλλά
308 4818 402 4870 καὶ
437 4817 500 4870 τὸ
529 4817 624 4870 τοῦ
661 4817 915 4889 σώματος
958 4822 1398 4894 πεπηρωμένων.
1437 4817 1597 4879 Οὗτοι
1631 4827 1730 4897 μὲν

117 4905 223 4964 οὖν
259 4909 340 4974 ὡς
381 4909 792 4984 διημαρτήκασι
823 4914 1245 4987 τῆςάληθείας,
1275 4916 1435 4989 δῆλόν
1467 4920 1550 4973 σοί
1583 4921 1730 4974 ἐστιν

115 5003 194 5056 ὲκ
219 5000 333 5054 τῶν
363 5003 689 5074 εἰρημένων.
732 5005 1038 5060 Πεπόνθασι
1071 5007 1128 5060 δὲ
1156 5007 1313 5061 τοῦτο
1360 5009 1502 5074 ἰδίως
1533 5012 1725 5066 ἑκάτε-

119 5111 224 5164 ρος
252 5093 460 5158 αὐτῶν,
493 5095 542 5148 οἱ
569 5095 667 5167 μὲν
690 5096 779 5151 διὰ
806 5096 868 5149 τὸ
897 5098 1112 5166 ἀγνοεῖν
1137 5099 1230 5152 τὸν
1258 5099 1356 5170 τῆς
1378 5093 1725 5176 δικαιοσύνης

205 5250 222 5280 ¹
256 5246 552 5322 Ινοηετότε
582 5253 717 5322 two.
749 5252 837 5305 ὅτε
873 5251 1032 5306 θέλει.
1115 5257 1134 5285 ¹
1166 5253 1225 5308 F.
1260 5255 1391 5309 εἵσω
1422 5257 1646 5322 πάθους.

109 5319 203 5373 τά
233 5336 319 5373 τε.
397 5321 416 5351 ⁷
451 5319 639 5375 Matth.
671 5338 768 5388 xu,
798 5323 887 5377 ‘25.
967 5327 988 5355 ⁸
1020 5323 1178 5380 Joan.
1211 5341 1250 5390 ι,
1278 5327 1329 5380 5.

1755 5263 1773 5292 ³
1803 5262 1862 5318 F.
1908 5265 2177 5340 μαθούσῃ.

1836 4647 1926 4701 illa
1975 4647 2183 4716 judicia
2240 4659 2404 4717 sunt,
2461 4668 2643 4724 neque
2710 4653 3027 4712 Conditoris
3076 4658 3438 4728 providentia:

1836 4757 2035 4799 causas
2072 4744 2516 4818 intelligentium,
2547 4749 2750 4820 quique
2774 4765 2882 4805 non
2914 4751 3080 4807 animi
3101 4755 3299 4821 solum,
3337 4757 3436 4810 sed

1835 4834 1998 4889 etiam
2019 4839 2267 4908 corporis
2301 4841 2476 4896 oculis
2511 4840 2802 4896 videantur
2838 4858 2960 4904 esse
2993 4845 3160 4915 capti.
3187 4847 3434 4911 Quanto-

1839 4939 1968 4993 pere
2001 4927 2169 4996 igitur
2225 4928 2300 4983 illi
2345 4945 2376 4983 a
2410 4915 2643 4986 veritate
2702 4931 3028 5002 dissideant,
3068 4952 3132 4990 ex
3198 4938 3265 4992 iis
3315 4955 3441 5009 qua:

1840 5017 1986 5072 dicta
2015 5028 2144 5075 sunt
2177 5021 2393 5078 abunde
2437 5031 2592 5092 potes
2650 5038 3002 5096 cognoscere.
3042 5027 3146 5084 Sed
3173 5038 3439 5100 utrosque

1842 5112 2122 5180 proprium
2157 5114 2417 5183 quiddam
2453 5131 2517 5171 ac
2548 5119 2822 5186 peculiare
2862 5120 2931 5174 ad
2977 5121 3048 5174 ita
3086 5122 3432 5178 sentiendum

2281 5271 2303 5302 ⁴
2337 5269 2397 5325 F.
2435 5272 2723 5343 ἑπόμενον.
2845 5277 2867 5308 ⁸
2904 5276 3068 5332 Deest
3105 5279 3234 5351 χρή.
3317 5280 3339 5311 ⁵
3365 5279 3430 5338 F.

205 5478 340 5578 ἓξὲξ),
364 5479 1400 5578 {‘2‘fiﬁfftfpev.adamare:
1427 5487 1731 5578 Uterque

1836 5497 2059 5578 nomine
2102 5499 2370 5578 Joannem
2425 5500 2730 5578 intelligere
2779 5501 3023 5578 videtur,
3075 5511 3134 5560 ut
3167 5505 3248 5578 _ad
3283 5505 3434 5578 λέγει

115 5565 343 5628 _sensus
374 5551 552 5628 ῥὶς-οι
593 5551 926 5628 verbis_erui
956 5551 1152 5628 possit,
1189 5551 1335 5627 quod
1371 5563 1590 5616 nonnisi
1617 5551 1735 5616 vio-

112 5625 320 5699 lenter
361 5620 503 5699 fieri
529 5630 727 5699 potest.
776 5620 1344 5699 Longe'mihiaptius
1373 5632 1589 5685 videtur
1644 5637 1737 5688 καὶ

1836 5569 2003 5641 paulo
2029 5578 2152 5624 ante
2183 5571 2420 5638 positum
2455 5569 2746 5641 referatur,
2779 5573 2883 5628 hoc
2909 5590 3074 5631 sensu
3109 5596 3120 5630 :
3158 5569 3432 5635 Praeterea

1843 5639 2097 5718 mundum
2148 5646 2215 5718 ου
2258 5644 2374 5718 _ipso
2417 5639 2772 5718 morientum;
2822 5647 3105 5716 omniaque
3132 5663 3224 5717 per
3253 5648 3426 5718 ipsum

115 5690 1028 5790 Ξληριυθῆναι.
1070 5690 1419 5756 Νοο’(1ιιί)ἱιο
1461 5703 1595 5771 quin
1636 5703 1731 5758 hoc

1843 5690 2022 5790 facta,
2036 5690 2093 5763 ξι
2111 5690 2230 5790 55:};
2253 5690 2366 5790 ῑῇέό
2386 5690 2529 5790 fidat
2542 5690 2681 5790 ’ἐξὲξ
2691 5690 3430 5790 'fécziBTié'ﬁE?#1193173:

117 5760 489 5887 Epigihauius
512 5760 830 5850 scripserit.

210 5837 232 5903 (
273 5832 325 5903 7)
389 5835 433 5885 Ο
481 5833 830 5903 ἀπόσπολος

305 5833 325 5903 )
379 5833 433 5885 Ὀ
481 5833 836 5903 ἀπόσέτολιδς
884 5844 1445 5911 προαποστερήσας.
1499 5845 1748 5914 Apostoli

1845 5780 1957 5844 Ius;
1987 5797 2047 5834 ac
2080 5783 2603 5838 ntemlarissimarum
2635 5780 2926 5856 hominum,
2955 5796 3062 5850 etc.
