3982 6444
424 308 431 315 ’
531 331 677 390 55a

1883 322 1941 380 s.
1984 282 2337 380 EPl-PHANII

3714 322 3813 381 εει

529 445 766 504 induxit.
789 444 942 502 Alios
963 441 1207 515 quidem,
1224 438 1373 513 quod
1405 446 1684 495 auctorem
1698 415 1941 508 iustitiae.
1962 433 2126 493 Deum

2232 434 2385 500 Θεὸν,
2414 435 2464 489 οί
2494 432 2550 489 δὲ
2581 434 2671 489 διὰ
2718 434 2780 489 τὸ
2807 435 3023 506 ἀγνοεῖν
3060 436 3153 492 τὸν
3187 439 3297 493 τῶν
3325 441 3464 496 ὅλων
3499 440 3737 511 Πατέρα,
3759 441 3818 493 δν

529 540 875 610 ignorarent,
916 536 1056 591 alios
1081 533 1227 607 quod
1264 532 1646 588 universorum
1676 536 1957 600 parentem
2005 542 2132 599 per-

525 645 685 701 aque
717 629 1015 694 nescirent,
1049 642 1211 697 quem
1238 625 1330 680 ille
1360 622 1511 679 solus
1534 620 1832 677 adveniens
1856 619 1951 690 qui
1978 618 2131 675 solus

529 730 695 777 norat
743 720 979 791 aperuit.
1009 717 1182 773 Nobis
1239 731 1368 772 vero
1429 714 1633 786 quibus
1700 719 2001 782 utrumque
2036 708 2129 766 Dei

527 813 796 871 beneﬁcio
862 812 1141 884 cognitum
1170 816 1276 874 est,
1317 807 1594 879 reliquum
1628 803 1764 859 illud
1812 810 1916 867 est,
1977 807 2038 856 ut
2063 798 2131 855 de

528 904 649 975 lege
670 888 803 961 certi
834 902 1040 973 aliquid
1074 897 1456 972 exploratique
1478 891 2126 963 doceamus,cujusmodi

528 997 783 1051 videlicet
812 996 902 1050 illa
941 995 1035 1059 sit,
1070 1001 1124 1050 et
1165 1006 1195 1048 a
1228 1006 1468 1064 quonam
1528 988 1843 1060 legislatore
1879 988 2123 1043 sancita:

529 1089 603 1143 ita
636 1098 816 1144 tamen
844 1097 905 1143 ut
932 1086 1199 1159 quidquid
1218 1102 1249 1140 a
1277 1083 1439 1139 nobis
1479 1082 1702 1137 allatum
1720 1079 1906 1144 fuerit,
1927 1079 1977 1133 id
2015 1093 2122 1133 non

2232 528 2393 599 μόνος
2432 525 2604 582 ἐλθὼν
2631 529 2660 581 6
2692 527 2851 597 μόνος
2887 528 3041 592 εἰδὼς
3074 530 3412 602 ὲφανέρωσε.
3443 530 3818 606 Περιλείπεται

2227 619 2283 674 δὲ
2313 621 2444 691 ἡμῖν
2482 618 2762 687 ἀξιωθεῖσί
2785 637 2846 673 τε
2879 621 2977 694 τῆς
3006 622 3027 653 ⁸
3067 622 3396 695 ἀμφοτέρων
3422 624 3632 677 τούτων
3661 623 3823 693 ὲκφῆ-

2228 710 2316 767 ναί
2355 728 2437 765 σοι
2470 716 2565 766 καὶ
2604 711 2913 784 ἀκριϐῶσαι
2949 713 3115 767 αὐτόν
3142 731 3203 768 τε
3231 715 3323 770 τὸν
3360 716 3548 787 νόμον,
3588 715 3824 779 ποταπὸς

2226 820 2313 868 τις
2341 804 2450 876 εἴη,
2498 804 2593 857 καὶ
2621 804 2713 859 τὸν
2744 804 2836 874 ὑφ’
2866 798 2929 859 οῦ
2956 805 3199 863 τέθειται
3230 807 3322 863 τὸν
3368 808 3698 880 νομοθέτην,
3740 809 3828 879 (In-

2232 894 2549 967 θησομένων
2578 897 2713 967 ἡμῖν
2742 894 2841 959 τὰς
2883 896 3191 963 ἀποδείξεις
3227 900 3295 953 ἐκ
3319 899 3430 953 τῶν
3452 899 3549 952 τοῦ
3581 899 3829 970 Σωτῆρος

2229 988 2262 1057 ἡ
2272 985 2388 1057 μῶν
2408 985 2582 1056 λόγων
2613 987 3012 1059 παριστῶντες,
3042 988 3110 1043 δι’
3142 985 3217 1045 ὧν
3258 992 3417 1061 μόνον
3455 992 3609 1045 ἐστιν
3633 992 3831 1045 ἀπταί-

2235 1093 2373 1140 στως
2405 1078 2500 1130 ἐπὶ
2523 1077 2622 1146 τὴν
2658 1077 2965 1151 κατάληψιν
2989 1079 3098 1134 τῶν
3125 1081 3657 1153 δντωνόδηγεῖσθαι.

525 1180 748 1236 aliunde
776 1195 941 1251 quam
991 1195 1058 1234 ex
1103 1177 1239 1251 ipsis
1289 1174 1591 1231 Salvatoris
1620 1172 1806 1228 verbis
1845 1170 2129 1241 probetur.
2171 1165 2270 1224 His
2294 1168 2439 1224 enim
2471 1170 2606 1227 solis
2646 1170 2795 1225 velut
2856 1172 3071 1230 itineris
3122 1173 3357 1230 ducibus
3408 1175 3678 1241 adhibitis
3775 1174 3832 1230 ad

523 1289 711 1330 rerum
740 1273 1113 1344 cognitionem
1149 1272 1268 1326 sine
1295 1284 1483 1325 errore
1501 1266 1874 1339 perdueimur.

595 1366 683 1422 IV.
721 1366 777 1420 In
807 1366 997 1437 primis
1060 1367 1225 1437 igitur
1290 1363 1576 1420 sciendum
1633 1372 1737 1427 est,
1810 1363 1899 1417 uni
1939 1374 2121 1416 ersam

529 1457 684 1513 illam
719 1460 915 1529 legem,
945 1474 1068 1529 quae
1095 1458 1340 1529 quinque
1370 1458 1538 1513 Musis
1575 1455 1947 1512 voluminibus
1987 1468 2119 1508 con-

525 1550 761 1616 tinetur,
800 1568 906 1606 nun
968 1553 1037 1608 ab
1096 1568 1206 1607 uno
1255 1568 1377 1609 esse
1435 1553 1747 1624 legislature
1797 1548 2122 1621 proiectam,

526 1645 647 1700 solo
675 1644 927 1699 videlicet
964 1642 1107 1711 Deo;
1142 1644 1236 1700 sed
1281 1644 1518 1700 admista
1548 1641 1796 1713 qumdam
1837 1640 2121 1694 hominum

524 1750 650 1790 esse
706 1735 983 1796 mandata,
1052 1742 1134 1800 ut,
1202 1731 1663 1804 quemadmodum
1718 1732 1969 1786 Salvator
2009 1731 2126 1800 ipse

2303 1356 2376 1413 Δ’.
2419 1356 2642 1428 Πρῶτον
2678 1353 2771 1412 οῦν
2810 1357 3105 1430 μαθητέον,
3154 1359 3235 1412 ὅτι
3276 1360 3305 1412 6
3349 1359 3578 1431 σύμπας
3627 1363 3834 1428 ἐκεῖτος

2228 1447 2394 1519 νόμος
2438 1450 2467 1502 6
2513 1448 2905 1519 περιεχόμενος
2954 1452 3022 1520 τῇ
3065 1448 3310 1513 Μωσέως
3356 1451 3722 1523 Πεειτατεῦχῳ
3776 1454 3833 1507 οὐ

2229 1540 2368 1612 πρὸς
2400 1541 2521 1605 ἑνός
2565 1559 2713 1606 τινος
2757 1542 3203 1614 νενομοθέτηται,
3241 1543 3387 1612 λέγω
3429 1544 3518 1616 δὴ,
3575 1545 3678 1616 οὐχ
3733 1547 3837 1600 ὑπὸ

2231 1634 2396 1705 μόνου
2439 1633 2599 1699 Θεοῦ,
2632 1634 2747 1688 ἀλλ’
2791 1636 2899 1689 εἰσί
2947 1652 3093 1700 τινες
3144 1634 3324 1689 αὐτῶν
3362 1636 3696 1709 προστάξεις
3745 1640 3837 1691 καὶ

2229 1723 2319 1777 ὐπ’
2355 1722 2663 1797 ἀνθρώπων
2701 1723 2967 1791 τεθεῖσαι,
3017 1724 3113 1778 καὶ
3160 1725 3323 1798 τριχῆ
3366 1726 3555 1809 τοῦτον
3605 1727 3838 1799 διαιρεῖ-

526 1824 735 1887 docuit,
762 1825 1029 1879 trifariam
1066 1825 1147 1879 lex
1189 1825 1262 1880 sit
1292 1824 1473 1880 omnis
1505 1824 1823 1878 distributa.
1858 1820 2119 1889 Quaedam

2232 1817 2356 1870 σθαι
2383 1818 2433 1870 οἱ
2458 1817 2554 1871 τοῦ
2589 1818 2842 1890 Σωτῆρος
2872 1817 3023 1888 λόγοι
3065 1817 3410 1874 διδάσκουσιν
3435 1821 3602 1892 ἡμᾶς.
3642 1821 3750 1885 Εἷς
3781 1840 3839 1875 τε

524 1916 672 1970 enim
714 1916 781 1970 ad
818 1916 995 1985 ipsum
1019 1915 1187 1970 Deum
1222 1917 1453 1987 ejusque
1468 1918 1787 1971 sanct’uues
1820 1916 2125 1985 pertinent;

527 2008 632 2061 alia
662 2006 798 2071 Mosi
853 2007 1146 2062 tribuenda
1206 2014 1355 2071 sunt,
1417 2021 1522 2061 non
1576 2007 1797 2077 quidem
1858 2014 2128 2076 quatenus

460 2130 467 2133 -
523 2098 732 2170 aliquid
766 2115 794 2152 a
839 2097 946 2154 Deo
978 2100 1127 2155 illius
1164 2101 1473 2154 interventu
1534 2100 1812 2153 decretum
1865 2107 1969 2155 est.
2031 2097 2124 2151 sed

522 2202 794 2262 quatenus
839 2208 933 2262 per
961 2207 1082 2247 sese
1121 2207 1187 2246 ac
1219 2202 1414 2262 suapte
1456 2200 1651 2263 sponte
1693 2192 1957 2244 nonnulla
1989 2206 2125 2244 cou-

522 2283 737 2350 stituit;
772 2283 1006 2338 aliorum
1050 2284 1286 2355 denique
1356 2286 1605 2339 seniores
1668 2283 1759 2353 qui
1808 2283 1861 2336 in
1926 2283 2128 2351 populo

517 2381 680 2428 erant
736 2384 995 2431 auctores
1043 2376 1414 2441 exstiterunt,
1456 2390 1521 2427 ac
1579 2374 1738 2443 primi
1790 2373 1866 2426 illi
1916 2374 2128 2442 privata

527 2465 777 2535 quaedam
808 2478 1078 2539 praecepta
1112 2468 1353 2523 inserere
1402 2475 1530 2521 sunt
1572 2466 1712 2521 ausi.
1748 2464 1907 2530 Quod
1940 2482 2129 2534 quem-

522 2557 822 2613 admodum
854 2576 977 2615 sese
1032 2560 1255 2625 habeat,
1304 2575 1369 2613 cx
1432 2559 1567 2629 ipsis
1594 2557 1896 2612 Szilvatoris
1948 2558 2129 2612 verbis

525 2650 824 2721 intelliges.
857 2647 957 2705 llic
998 2650 1143 2705 enim
1172 2651 1410 2720 quodam
1471 2650 1525 2703 in
1585 2651 1705 2703 loco
1738 2647 1804 2701 ad
1837 2665 1931 2701 eus
1965 2648 2127 2702 verba

524 2741 756 2803 faciens,
793 2743 887 2813 qui
926 2742 993 2798 de
1024 2742 1237 2812 repudii
1274 2742 1460 2796 libello
1493 2756 1679 2797 secum
1739 2740 2125 2809 disputabant,

523 2835 669 2904 quod
708 2834 1074 2904 permissione
1102 2832 1237 2904 legis
1278 2833 1498 2895 licebat,
1538 2834 1621 2889 sic
1673 2832 1797 2886 illos
1856 2831 2129 2887 allocutus

523 2935 607 2981 est
639 2945 651 2981 :
692 2925 906 2998 Moyses
932 2926 1002 2981 ad
1035 2926 1296 2980 duritiam
1326 2927 1505 2982 cordis
1530 2929 1691 2984 vestri
1717 2928 1952 2998 permisit
1986 2926 2129 2981 vobis

522 3018 791 3073 dimittere
840 3034 1032 3073 uxores
1070 3031 1293 3077 vestras.
1342 3020 1419 3075 Ab
1481 3021 1637 3076 initio
1670 3032 1848 3075 autem
1901 3038 2004 3075 non
2028 3022 2131 3091 fuit

526 3113 654 3165 sic'.
689 3112 856 3184 218
880 3111 1020 3168 Deus
1045 3115 1217 3179 enim,
1259 3116 1460 3185 inquit,
1493 3115 1810 3185 coniugium
1842 3115 1943 3169 hoc
1961 3130 2131 3185 copu-

2230 1908 2340 1980 γὰρ
2373 1907 2539 1961 αὐτὸν
2574 1908 2666 1962 τὸν
2714 1909 2867 1970 Θεὸν.
2909 1910 3004 1963 καὶ
3053 1910 3154 1982 τὴν
3215 1909 3409 1965 τούτου
3470 1912 3837 1983 νομοθεσίαν·

2229 2000 2521 2072 διαιρεῖται
2565 2000 2624 2055 δὲ
2672 2003 2767 2055 καὶ
2807 2004 2887 2067 είς
2926 2002 3020 2057 τὸν
3045 2003 3272 2067 Μωσέα,
3301 2004 3363 2056 οὒ
3400 2004 3522 2058 καθ’
3549 2004 3692 2059 αὐτὸ
3725 2005 3751 2037 ⁸
3777 2005 3841 2059 δι’

2230 2092 2397 2145 αὐτοῦ
2432 2091 2719 2165 νομοθετεῖ
2762 2096 2791 2147 6
2835 2094 2991 2157 Θεὸς,
3027 2094 3163 2149 ἀλλὰ
3213 2095 3358 2149 καθά
3389 2096 3493 2150 ἀπὺ
3541 2097 3648 2167 τῆς
3703 2097 3843 2161 ιδίας

2230 2184 2439 2250 ἐννοίας
2470 2185 2795 2257 ὁρμώμενος
2822 2188 2916 2241 καὶ
2948 2190 2976 2243 6
3020 2189 3228 2261 Μωσῆς
3276 2188 3643 2261 ἐνομοθέτησέ
3677 2208 3841 2244 nvos

2230 2277 2323 2331 καὶ
2349 2277 2429 2341 είς
2462 2276 2591 2342 τοὺς
2625 2277 3047 2350 πρεσϐυτέρους
3081 2280 3177 2334 τοῦ
3209 2279 3341 2335 λαοῦ
3386 2282 3707 2354 διαιρεῖται,
3752 2286 3844 2337 καὶ

2232 2365 2439 2438 πρῶτοι
2491 2367 2837 2439 εὑρίσκονται
2887 2369 3112 2434 ἐντολάς
3154 2387 3309 2435 τινας
3365 2372 3608 2436 ἐνθέντες
3675 2374 3840 2438 ἰδίας.

2232 2459 2357 2523 Πῶς
2398 2456 2495 2513 οὖν
2535 2460 2697 2515 τοῦτο
2747 2460 2923 2526 οὕτως
2975 2461 3100 2534 ἕχον
3149 2463 3215 2518 ἐκ
3273 2463 3383 2517 τῶν
3428 2463 3520 2518 τοῦ
3573 2465 3845 2538 Σωτῆρος

2228 2551 2508 2606 δείκνυται
2552 2552 2749 2623 λόγων,
2801 2553 2997 2625 μάθοις
3045 2553 3092 2607 δ’
3136 2554 3203 2609 ἂν
3254 2555 3376 2627 ῆδη.
3433 2556 3843 2629 Διαλεγόμενός

2231 2662 2334 2698 που
2368 2648 2397 2699 6
2429 2645 2622 2717 Σωτὴρ
2668 2646 2809 2718 πρὸς
2855 2648 2982 2712 τοὺς
3018 2647 3147 2719 περὶ
3196 2647 3291 2701 τοῦ
3344 2648 3686 2703 ἀποστασίου
3744 2668 3841 2704 συ·

2231 2734 2528 2808 ζητοῦντας
2570 2737 2743 2809 αὐτῷ.
2778 2738 2807 2792 6
2839 2738 2905 2809 δὴ
2956 2740 3290 2794 ἀποστάσιον
3331 2740 3531 2808 ἐξεῖναι
3574 2744 3845 2813 ὲνενομο-

2230 2830 2445 2903 θέτητο,
2481 2831 2586 2903 ἔφη
2615 2833 2823 2898 αὐτοῖς,
2869 2833 2953 2887 δτι
2988 2833 3252 2902 Μωῢσῆς
3285 2834 3436 2903 πρὸς
3467 2834 3579 2901 τὴν
3625 2841 3842 2905 σκλη-

2222 2922 2555 2992 ροκαρδίαν
2582 2924 2694 2995 (98)
2726 2923 2897 2995 ὑμῶν
2943 2925 3238 2997 ἐπέτρεψε
3278 2925 3345 2980 τὸ
3374 2927 3674 2981 ἀπολύειν
3722 2929 3844 2996 τὴν

2231 3018 2489 3086 γυναῖκα
2520 3018 2732 3073 αὑτοῦ.
2779 3017 3098 3089 ’Λπ“ἀρχῆς
3113 3019 3225 3089 γὰρ
3246 3022 3318 3074 οὐ
3348 3020 3842 3094 γέῃὈνενοῦτως.

2231 3108 2365 3173 Θεὸς
2401 3109 2532 3182 γάρ,
2577 3111 2733 3181 φησὶ,
2791 3109 3079 3178 συνέξευξε
3128 3113 3335 3184 ταύτην
3381 3112 3477 3185 τὴν
3527 3112 3841 3183 συζυγίαν·

522 3203 656 3257 lavit
686 3222 698 3269 ;
724 3216 776 3259 et
804 3223 816 3258 :
855 3203 1009 3269 Quod
1038 3203 1178 3260 Deus
1214 3207 1490 3277 conjunxit
1518 3206 1672 3259 homo
1711 3222 1815 3260 non
1850 3205 2113 3274 separet'.

2232 3203 2335 3269 καὶ,
2363 3204 2425 3255 "0
2453 3201 2868 3269 συνέζευξενό
2886 3205 3122 3273 Κύριος,
3153 3205 3465 3275 ἅνθρωπος
3486 3204 3570 3275 μὴ
3592 3205 3845 3275 χωριζὲ-

524 3294 628 3351 Ubi
663 3295 826 3349 aliam
855 3311 980 3352 esse
1026 3295 1118 3352 Dei
1168 3297 1339 3368 legem
1373 3297 1637 3362 ostendit,
1686 3312 1809 3367 qua:
1843 3311 2067 3349 uxorem
2092 3311 2123 3351 a

522 3388 643 3441 viro
682 3387 899 3457 sejungi
953 3389 1262 3457 prohibeat,
1317 3391 1482 3444 aliam
1524 3389 1712 3451 Mosis,
1742 3389 1833 3458 qui
1865 3389 1935 3442 ob
1970 3389 2123 3443 duri-

520 3478 651 3535 tiem
688 3480 874 3535 cordis
898 3496 1001 3545 par
1033 3481 1163 3535 illud
1197 3482 1491 3538 dissociari
1535 3482 1829 3552 permittat.

595 3663 789 3733 ln/quo
816 3661 993 3718 Moses
1026 3663 1288 3733 quiddam
1351 3664 1463 3720 Deo
1511 3665 1852 3719 contrarium
1895 3664 2041 3728 tulit,
2074 3664 2125 3720 ei
2190 3690 2193 3693 η

522 3756 735 3811 scilicet
759 3756 1029 3820 cautioni,
1063 3774 1173 3828 qua
1203 3758 1435 3814 dissolvi
1471 3758 1821 3813 matrimonia
1851 3766 2117 3814 vetuerat.

527 3848 637 3902 Sed
666 3847 712 3903 si
752 3847 1083 3918 legislatoris
1119 3849 1299 3921 ipsius
1332 3860 1591 3915 mentem,
1620 3867 1727 3922 qua
1762 3849 1830 3904 ad
1867 3851 2001 3906 illud
2031 3851 2127 3906 de~

523 3941 860 3995 cernendum
892 3941 1153 3997 inductus
1187 3950 1290 4006 est,
1327 3949 1595 3999 accurate
1661 3941 2119 4007 consideremus;

523 4033 872 4089 inveniemus
900 4035 1092 4105 procul
1116 4035 1287 4089 dubio
1311 4051 1419 4089 non
1449 4033 1502 4088 id
1534 4049 1658 4088 eum
1678 4043 1872 4104 sponte
1891 4033 2126 4098 sua,sed

523 4127 852 4181 necessitate
894 4126 1121 4184 fecisse:
1149 4144 1260 4199 quo
1286 4143 1477 4183 eorum
1503 4128 1707 4198 quibus
1739 4128 2127 4199 praescribebat

522 4218 1265 4277 imbecillitaticonsuleret.
1302 4219 1556 4287 Quicum
1586 4220 1831 4274 divinum
1863 4218 1997 4275 illud
2030 4219 2125 4275 de-

522 4316 734 4365 cretum
770 4308 839 4365 de
868 4311 1175 4368 retinendis
1238 4312 1507 4367 uxoribus
1564 4313 1682 4368 suis
1741 4312 1978 4368 tolerare
2013 4326 2122 4367 non

2232 3311 2331 3357 τω,
2354 3294 2479 3367 ἔφη.
2498 3295 2763 3349 Ἐνταῦθα
2780 3296 2967 3368 ἕτερον
2987 3298 3087 3368 μὲν
3109 3296 3202 3351 τοῦ
3225 3298 3360 3351 Θεοῦ
3382 3298 3613 3352 δείκνυσι
3636 3300 3841 3370 νόμον,

2230 3386 2321 3439 τὸν
2367 3386 2647 3440 κωλύοντα
2691 3386 3023 3459 χωρίζεσθαι
3069 3393 3304 3458 γυναῖκα
3349 3389 3455 3443 ἀπὸ
3497 3389 3587 3441 τοῦ
3629 3390 3842 3462 ἀνδρὸς

2226 3479 2612 3551 αὑτῆς,ἓτερον
2628 3478 2685 3531 δὲ
2715 3480 2807 3532 τὸν
2840 3477 2936 3532 τοῦ
2961 3480 3263 3546 Μωῦσέως,
3299 3481 3391 3535 τὸν
3418 3481 3502 3535 διὰ
3538 3482 3635 3554 τὴν
3665 3483 3845 3556 σκλη-

2226 3571 2523 3644 ροκαρδίαν
2550 3570 2918 3642 ἐπιτρέποντα
2957 3573 3289 3644 χωρίζεσθαι
3321 3573 3477 3627 τοῦτο
3515 3574 3576 3628 τὸ
3610 3575 3838 3645 ζεῦγος.

2302 3665 2413 3718 Καὶ
2446 3664 2509 3735 δὴ
2556 3668 2698 3718 κατά
2749 3664 2908 3720 τοῦτο
2951 3668 3166 3720 ἐναντία
3205 3666 3281 3739 τῷ
3313 3668 3431 3738 Θεῴ
3468 3667 3766 3737 νομοθετεῖ
3816 3672 3843 3722 6

2229 3755 2456 3825 Μωσῆς.
2520 3755 2795 3809 Ἐναντίον
2846 3757 2957 3828 γάρ
3005 3756 3122 3809 ἐστι
3174 3757 3253 3827 τῷ
3303 3759 3377 3830 μὴ
3425 3756 3837 3827 διαζευγνύναι.

2242 3844 2369 3897 Ἐἀν
2398 3844 2583 3915 μέντοι
2608 3846 2703 3898 καὶ
2733 3842 2835 3917 τὴν
2861 3845 2956 3898 τοῦ
3008 3844 3287 3910 Μωῦσέως
3328 3846 3573 3918 γνώμην,
3605 3847 3745 3901 καθ’
3775 3853 3837 3920 ἦν

2226 3935 2389 3989 τοῦτο
2421 3936 2836 4010 ἐνομοθέτησεν,
2874 3935 3242 4011 ἐξετάσωμεν,
3281 3941 3638 4013 εὑρεθήσεται
3674 3944 3838 4000 τοῦτο

2227 4030 2290 4083 οὐ
2321 4028 2464 4083 κατὰ
2493 4029 2814 4103 προαίρεσιν
2842 4031 3080 4103 ποιήσας
3121 4032 3223 4105 τὴν
3259 4032 3473 4099 ἑαυτοῦ,
3501 4033 3643 4087 ἀλλά
3694 4044 3835 4091 auri

2228 4123 2477 4195 ἀνάγκην
2512 4121 2607 4176 ’διὰ
2656 4122 2755 4195 τὴν
2803 4123 2912 4177 τῶν
2962 4125 3478 4199 νενομόθετημένων
3512 4127 3831 4187 ἀσθένειαν.

2239 4215 2394 4269 Ἐπεὶ
2420 4215 2529 4288 γὰρ
2566 4216 2667 4289 τὴν
2700 4216 2795 4270 τοῦ
2821 4216 2959 4270 Θεοῦ
2992 4215 3221 4289 γνώμην
3249 4218 3535 4288 φυλάττειν
3568 4223 3674 4275 οὐκ
3705 4225 3830 4295 ἠδύ-

2227 4324 2389 4362 ναντο
2415 4301 2584 4371 οὗτοι,
2619 4311 2679 4362 ὲν
2706 4307 2786 4380 τῷ
2814 4309 2891 4381 μὴ
2930 4308 3130 4376 ἐξεῖναι
3177 4312 3359 4375 αὐτοῖς
3402 4312 3695 4368 ἐκϐάλλειν
3736 4318 3834 4382 τὰς

523 4408 775 4471 possent,
799 4415 864 4454 ac
887 4402 1119 4458 moleste
1159 4402 1383 4473 quidam
1417 4419 1607 4458 earum
1644 4404 1925 4459 consortia
1956 4403 2123 4459 susti-

2232 4401 2487 4468 γυναῖκας
2535 4397 2736 4464 αὐτῶν,
2768 4399 2971 4464 αἵτινες
3005 4401 3026 4432 ⁸
3060 4400 3243 4455 αὐτῶν
3292 4401 3474 4475 ἀηδῶς
3517 4404 3829 4475 συνῴκουν,

523 4499 740 4556 nereut,
780 4492 1088 4561 periculum
1120 4505 1180 4547 ut
1218 4502 1385 4560 esset,
1407 4510 1479 4549 ne
1509 4510 1574 4550 ea
1603 4510 1663 4551 se
1686 4496 1982 4551 occasione
2006 4510 2126 4566 gra-

522 4584 771 4639 vioribus
799 4584 1104 4640 sceleribus
1134 4586 1555 4657 obstringerint,
1588 4588 1790 4657 quibus
1816 4578 2121 4644 extremam

524 4675 581 4729 in
605 4675 903 4744 perniciem
930 4685 1173 4739 ruerent,
1206 4685 1265 4730 ut
1290 4676 1395 4732 hoc
1425 4677 1834 4733 incommodum
1858 4680 2125 4736 devitat-et

526 4765 774 4839 Moyses,
830 4768 977 4838 quod
1022 4768 1089 4822 ad
1159 4769 1378 4824 illorum
1439 4770 1722 4825 interitum
1802 4772 2122 4843 spectabat,

525 4860 828 4916 secundam
870 4861 1166 4930 quamdam
1188 4861 1399 4932 repudii
1443 4862 1616 4933 legem
1654 4862 1866 4934 privata
1934 4871 2128 4918 aucto-

525 4954 690 5009 ritate
723 4952 1045 5019 constituit;
1079 4953 1378 5024 minusque
1408 4969 1475 5009 ex
1501 4969 1564 5010 ea
1592 4954 1889 5011 occasione
1920 4954 2123 5008 malum

524 5062 652 5101 cum
693 5046 903 5118 majore
955 5049 1376 5117 compensavit,
1429 5055 1491 5102 ut
1541 5049 1587 5103 si
1646 5048 1831 5105 minus
1883 5048 2123 5119 priorem

526 5137 677 5195 illam
712 5154 940 5194 servare
958 5140 1192 5210 possint,
1223 5140 1366 5195 hanc
1387 5140 1580 5196 saltem
1616 5141 1910 5209 retineant,
1945 5155 2127 5211 neque

526 5233 876 5302 seintlagitia
914 5233 1237 5305 sceleraque
1284 5233 1659 5299 committant,
1688 5247 1788 5303 per
1827 5248 1952 5304 quae
1987 5233 2124 5288 ulti-

2230 4492 2325 4544 καὶ
2377 4490 2722 4545 ἐκινδύνευον
2774 4493 2839 4545 ἐκ
2893 4492 3083 4547 τούτου
3126 4493 3493 4566 ἐκτρέπεσθαι
3545 4496 3714 4552 πλέον
3758 4502 3835 4564 είς

2230 4584 2469 4647 ἀδικίαν,
2505 4585 2602 4639 καὶ
2632 4588 2695 4639 ἐκ
2715 4584 2923 4659 ταύτης
2954 4587 3035 4651 εἰς
3059 4585 3357 4653 ἀπώλειαν,
3390 4589 3452 4642 τὸ
3484 4591 3647 4659 ἀηδὲς
3670 4592 3834 4646 τοῦτο

2232 4676 2553 4749 βουλόμενος
2605 4677 2835 4749 ἐκκόψαι
2881 4678 3063 4731 αὐτῶν
3111 4681 3140 4733 6
3195 4680 3458 4751 Μωῦσῆς,
3501 4682 3572 4735 δι’
3619 4676 3684 4737 οὗ
3741 4687 3831 4737 καὶ

2229 4767 2565 4823 ἀπόλλυσθαι
2614 4769 2990 4837 ἐκινδύνευον,
3036 4771 3290 4844 δεύτερόν
3347 4790 3469 4826 τινα
3530 4774 3609 4840 ὠς
3690 4779 3829 4830 κατα

2230 4860 2554 4932 περίστασιν
2583 4855 2749 4933 ἧττον
2781 4861 2951 4915 κακὸν
2974 4863 3095 4916 ἀντὶ⁵
3124 4862 3370 4934 μείζονος
3395 4865 3827 4921 ἀντικαταλλασ-

2231 4954 2476 5024 σόμενος,
2507 4953 2600 5007 τὸν
2631 4953 2726 5008 τοῦ
2768 4955 3101 5010 ἀποστασίου
3141 4958 3309 5029 νόμον
3347 4959 3442 5030 ἀφ’
3485 4961 3684 5015 ἑαυτοῦ
3719 4966 3829 5016 ἐνο-

2232 5046 2532 5118 μοθέτησεν
2566 5048 2783 5111 αὐτοῖς·
2816 5049 2927 5112 ἴνα,
2967 5048 3062 5102 ἐὰν
3088 5051 3296 5103 ἐκεῖνον
3325 5052 3397 5123 μὴ
3429 5051 3701 5105 δύνωνται
3728 5071 3825 5122 cpu-

2229 5139 2462 5203 λάττειν,
2489 5138 2594 5193 κᾶν
2621 5138 2813 5193 τοῦτόν
2844 5156 2907 5208 γε
2939 5139 3236 5210 φυλάξωσι,
3270 5142 3365 5195 καὶ
3398 5142 3472 5213 μὴ
3498 5145 3580 5207 εἰς
3609 5144 3824 5206 ἀδικίας

2228 5232 2325 5287 καὶ
2396 5233 2597 5296 κακίας
2675 5232 3018 5305 ἐκτραπῶσι,
3082 5234 3150 5288 δι’
3221 5228 3297 5289 ὦν
3342 5234 3594 5290 ἀπώλεια
3642 5237 3823 5299 αὐτοῖς

599 5443 615 5474 ί
654 5440 844 5501 Matth.
874 5461 988 5512 χιχ,
1021 5446 1075 5502 8.
1154 5447 1174 5478 ⁸
1201 5445 1331 5501 ibid.
1364 5444 1419 5501 6.
1497 5445 1518 5477 ³
1552 5444 1715 5501 Deest
1738 5428 2017 5514 γνώσεως.
2093 5443 2116 5476 ⁵

2241 5444 2301 5498 οὐ
2334 5442 2478 5498 καθά
2514 5443 2696 5505 αὑτός.
2775 5444 2796 5475 ⁵
2829 5441 2889 5497 F.
2918 5441 3007 5508 αἷς
3038 5461 3204 5498 τινες.

595 5612 718 5685 (98)
756 5615 877 5672 Ὅτι
929 5619 1193 5690 Μωθσῆς
1237 5619 1388 5690 πρὸς
1428 5619 1546 5690 τὴν
1596 5618 2115 5689 σκληροκαρδίαν.

530 5685 783 5754 Quonam
833 5695 993 5760 pacto
1042 5685 1378 5760 Movses'id'
1414 5685 1619 5745 Juilmis
1671 5685 2014 5760 permiserit,
2066 5697 2121 5745 et

533 5761 807 5824 quatenus
840 5756 1183 5818 Christianis
1208 5761 1507 5819 divortium
1541 5756 1721 5819 facere
1765 5760 1950 5829 liceat,
1994 5760 2119 5832 plu-

2227 5618 2385 5692 ribus
2425 5617 2683 5674 catholici
2715 5620 3047 5690 interpretes
3073 5617 3144 5692 ad
3180 5618 3382 5674 Matth.
3412 5636 3503 5676 xIx
3535 5623 3818 5692 disputare

2227 5689 2407 5745 solent
2442 5706 2456 5743 :
2487 5706 2724 5761 quorum
2774 5689 3204 5748 commentarios
3248 5693 3537 5749 consulere
3586 5689 3816 5765 quisque

2227 5770 2427 5833 potest.
