3982 6432
528 411 636 470 563

1891 429 1950 487 S.
1994 431 2335 491 EPIPHANII

3718 430 3842 493 56-5

531 519 651 583 Iam
702 542 832 586 vero
869 546 1006 602 pura
1048 531 1141 590 illa
1183 534 1511 610 sinceraque
1550 539 1636 596 lex
1696 539 1793 598 Dei
1843 557 1950 600 nec
1992 561 2117 601 etim

2226 552 2425 620 χείρονι
2454 551 2595 624 αὐτὴ
2625 552 2658 624 ἡ
2692 550 3016 623 Δεκάλογος,
3045 552 3097 607 οί
3142 549 3278 608 δέκα
3311 547 3467 623 λόγοι
3504 549 3727 613 ἐκεῖνοι,
3781 550 3837 601 οἱ

528 616 804 678 deteriore
830 624 1149 711 conjuncta,
1175 626 1476 702 Decalogus
1505 640 1591 689 est.
1618 632 1758 703 ipse,
1775 634 1893 692 sive
1925 639 2114 697 decem

528 713 617 768 illa
648 725 917 786 praecepta
979 717 1197 777 duabus
1245 721 1510 779 distincta
1537 724 1765 794 tabulis,
1793 729 1999 800 quibus
2023 741 2120 786 aut

528 808 780 862 cavenda
811 809 1308 879 prohibentur,aut
1342 813 1593 873 facienda
1625 819 2121 889 mandanturﬂme

522 897 629 952 etsi
655 913 791 968 pura
823 901 937 957 sint
957 916 1022 958 ac
1063 903 1294 976 liquida,
1325 912 1511 962 tamen
1541 910 1690 980 quod
1722 912 1969 969 nondum
1995 930 2121 986 per-

524 986 669 1042 fecta
697 989 826 1056 sint,
862 992 1081 1064 impleri
1112 1012 1142 1051 a
1170 994 1458 1057 Salvatore
1511 1001 1838 1061 debueram.
1866 1005 1948 1062 Ad
1986 1006 2120 1063 illud

520 1092 655 1136 vero
691 1097 887 1153 genus,
914 1087 1064 1157 quod
1106 1087 1397 1159 injustitiae
1452 1093 1671 1166 aliquid
1730 1097 1920 1165 habet,
1972 1099 2120 1170 leges

522 1173 632 1231 illa:
657 1176 960 1236 referendae
977 1191 1129 1251 sunt,
1175 1187 1381 1256 quibus
1411 1188 1745 1261 injuriarum
1780 1194 2118 1264 persecutio,

523 1287 831 1346 eorumque
858 1275 954 1347 qui
990 1275 1208 1347 priores
1239 1295 1343 1336 nos
1358 1280 1625 1349 laeserint,
1660 1284 1959 1343 vindieatio
1981 1302 2123 1358 pra:-

530 1368 819 1423 scribitur.
867 1367 1029 1425 Velut
1065 1384 1191 1426 cum
1241 1373 1466 1429 oculum
1502 1390 1604 1445 pro
1659 1377 1845 1443 oculo,
1901 1380 2119 1436 dentem

527 1454 687 1509 evelli
714 1470 815 1526 pro
844 1453 1066 1522 dente‘,
1093 1471 1160 1513 ac
1190 1458 1397 1514 eaedem
1426 1461 1578 1518 caede
1614 1465 1957 1536 compensari
1989 1481 2123 1538 prae-

529 1548 684 1618 cipit.
715 1546 905 1620 Neque
935 1550 1081 1606 enim
1133 1551 1319 1609 minus
1354 1552 1566 1623 injuste
1608 1558 1746 1628 agit,
1777 1559 1871 1630 qui
1902 1560 1956 1615 id
1996 1567 2123 1632 post

531 1638 767 1693 altermn
816 1648 1137 1710 perpetrat,
1189 1656 1320 1697 cum
1369 1644 1545 1703 solius
1606 1648 1820 1707 ordinis
1875 1652 2120 1716 intersit,

488 1768 493 1773 ς
531 1736 695 1801 atque
723 1730 868 1786 idem
909 1735 1138 1788 omnino
1171 1733 1390 1791 facinus
1421 1739 1749 1796 committat.
1810 1739 1918 1799 Sed
1983 1744 2120 1801 illud

532 1828 864 1893 praaceptmn
897 1822 1103 1895 alioqui
1134 1824 1348 1896 justum
1393 1837 1539 1896 erat,
1573 1838 1630 1888 et
1659 1842 1746 1890 est
1779 1835 1965 1901 modo,
2003 1852 2123 1907 pro-

532 1920 656 1981 pter
682 1929 872 1969 corum
898 1914 1300 1984 infirmitatem,
1332 1923 1540 1993 quibus
1578 1925 1790 1982 editum
1839 1899 1965 1995 fuit,
1994 1899 2119 1986 eum
2153 1899 2197 1957 Β

532 2005 607 2064 sit
632 2008 899 2065 adversus
938 2008 1259 2069 sincerioris
1289 2012 1426 2085 legis
1467 2015 1821 2074 violationem
1870 2026 2124 2092 praescri-

532 2108 708 2170 ptum,
739 2099 863 2157 licet
888 2115 919 2155 a
952 2104 1265 2160 communis
1309 2106 1560 2163 omnium
1617 2113 1867 2181 parentis
1895 2125 2120 2179 natura,

531 2203 597 2243 ac
632 2188 878 2247 bonitate
925 2193 997 2247 sit
1034 2192 1312 2251 alienum:
1350 2197 1436 2254 vel
1470 2210 1901 2261 consentaneum
1936 2208 2122 2278 potius

529 2288 638 2347 est,
666 2283 763 2338 sed
801 2285 1132 2341 necessitate
1164 2287 1406 2359 quadam
1442 2306 1789 2363 expressum.
1844 2298 1981 2356 Nam
2025 2304 2119 2373 qui

530 2376 619 2430 vel
642 2377 866 2431 unicum
887 2378 1248 2439 homicidium
1276 2392 1426 2439 vetat
1449 2383 1590 2454 fieri,
1622 2387 1752 2451 dum
1779 2391 1854 2445 ita
1883 2396 2076 2450 statuit
2101 2414 2114 2449 :

533 2460 658 2520 Non
682 2467 888 2523 occides
913 2469 955 2533 ',
986 2484 1113 2524 cum
1141 2478 1331 2541 postea
1360 2474 1528 2530 caedis
1552 2488 1835 2535 auctorem
1869 2482 2116 2541 vicissim

536 2556 774 2612 interﬁci
813 2557 991 2629 jubet,
1025 2575 1090 2615 ac
1125 2561 1423 2617 secundam
1477 2565 1650 2637 legem
1703 2567 1889 2629 ferens
1935 2574 2118 2646 dupli-

539 2660 658 2700 cem
700 2646 905 2701 caedem
935 2646 1194 2719 imperat,
1217 2650 1315 2721 qui
1351 2667 1518 2707 unam
1552 2656 1932 2729 prohibuerat,
1957 2665 2025 2720 ad
2055 2682 2120 2723 ea

531 2740 865 2797 necessitate
889 2750 1116 2801 coactus
1159 2753 1216 2801 et
1247 2746 1569 2817 imprudens
1622 2752 1937 2816 decurrisse
1975 2762 2125 2818 vide-

534 2839 644 2887 tur.
669 2837 848 2904 Atque
876 2833 999 2890 ideo
1019 2836 1224 2895 missus
1261 2840 1331 2895 ab
1356 2840 1451 2897 illo
1470 2841 1644 2900 Filius
1673 2862 1795 2904 eam
1828 2850 1962 2924 legis
1994 2871 2122 2926 par-

533 2936 641 2981 tem
689 2928 1021 2999 antiquavit,
1052 2946 1217 3002 quam
1278 2934 1501 3007 quidem
1522 2956 1555 2993 a
1587 2938 1699 2997 Deo
1726 2942 1895 3000 latam
1919 2956 1974 3002 et
2006 2949 2125 3022 ipse

2222 643 2281 698 ὲν
2329 646 2453 709 ταῖς
2482 646 2605 699 δυσὶ
2649 647 2815 714 πλαξὶ
2861 647 3262 719 δεδιχασμένοι,
3308 646 3392 711 είς
3436 661 3501 699 τε
3542 643 3839 712 ἀναίρεσιν

2219 736 2331 790 τῶν
2369 738 2699 808 ἀφθέγκτων
2730 739 2753 771 ⁸
2784 739 2882 795 καὶ
2924 741 3008 804 εἰς
3042 738 3343 812 πρόσταξιν
3384 737 3499 792 τῶν
3530 735 3838 806 ποιητέω.

2218 827 2295 893 οἳ,
2324 828 2531 901 καίπερ
2587 828 2838 901 καθαρὰν
2888 828 3108 902 ἔχοντες
3146 830 3247 901 τὴν
3311 826 3682 899 νομοθεσίαν.
3757 825 3840 893 μὴ

2221 919 2437 992 ἔχοντες
2463 921 2521 976 δὲ
2539 922 2602 976 τὸ
2627 921 2855 986 τέλειον,
2885 921 3097 976 ἐδέοντο
3123 921 3224 992 τῆς
3254 918 3410 991 παρὰ
3441 916 3538 971 τοῦ
3572 914 3841 985 Σωτῆρος

2221 1011 2593 1084 πληρώσεωςι
2640 1015 2671 1068 ό
2716 1013 2773 1068 δέ
2820 1016 2938 1069 δστι
2987 1010 3482 1085 συμπεπλεγμένος
3502 1010 3572 1080 τῇ
3616 1007 3840 1076 eam,

2220 1097 2377 1171 οὗτος
2402 1108 2432 1160 ό
2456 1106 2601 1160 κατά
2621 1106 2723 1178 τὴν
2750 1107 2965 1177 ἄμυναν
2993 1105 3091 1161 καὶ
3120 1103 3480 1160 ἀνταπόδοσιν
3537 1099 3658 1155 τῶν
3693 1114 3842 1168 προ-

2221 1198 2598 1271 ὠικησάντων
2648 1198 2901 1270 κείμενος
2928 1238 2945 1264 ,
3001 1195 3282 1269 ὀφθαλμόν
3334 1194 3459 1249 ἀντὶ
3512 1190 3840 1263 ὀφθαλμοῦ,

2222 1292 2319 1348 καὶ
2392 1292 2586 1347 ὀδόντα
2645 1292 2770 1347 ἀντὶ
2846 1290 3062 1356 ὀδόντος
3119 1285 3490 1344 ὲκκόπτεσθαι
3558 1282 3840 1347 κελεύων,

2224 1385 2321 1439 καλ⁸
2358 1384 2519 1455 φόνον
2573 1384 2697 1440 ἀντὶ
2754 1384 2921 1453 φόνου
2955 1381 3291 1469 ἀμύνασθαι.
3319 1379 3489 1435 Οὐδὲν
3519 1372 3842 1469 γάρῇττσν

2223 1474 2320 1528 καὶ
2343 1476 2374 1528 ό
2398 1471 2650 1547 δεύτερος
2693 1473 2897 1529 ἀδικῶν
2927 1472 3123 1539 ἀδικεῖ,
3165 1467 3243 1543 τῇ
3267 1469 3418 1535 τάξει
3465 1469 3633 1539 μόνον
3680 1467 3841 1521 διαλο

2222 1566 2459 1635 λάσσων,
2492 1568 2554 1621 τὸ
2585 1566 2719 1622 αὐτὸ
2747 1564 3116 1638 ἐργαζόμενος
3143 1563 3325 1636 ἔργον.
3356 1560 3532 1615 Τοῦτο
3558 1559 3622 1613 δὲ
3654 1558 3840 1631 πρόσ-

2222 1674 2419 1731 ταγμα
2476 1658 2687 1721 δίκαιον
2739 1659 2837 1730 μὲν
2867 1657 3043 1722 άλλως
3072 1656 3169 1711 καὶ
3194 1650 3264 1728 ἦν
3297 1653 3391 1708 καὶ
3420 1653 3559 1719 ἔστι,
3601 1651 3711 1705 διὰ
3738 1651 3844 1721 τὴν

2222 1749 2515 1806 ἀσθένειαν
2563 1750 2675 1804 τῶν
2720 1747 3194 1820 νομοθετηθέντων
3243 1746 3302 1799 ὲν
3350 1742 3709 1817 παρεκϐάσει
3741 1741 3843 1795 τοῦ

2224 1840 2469 1912 καθαροῦ
2509 1842 2678 1913 νόμου
2718 1841 2896 1906 τεθὲν,
2957 1839 3229 1895 ἀνοίκειον
3285 1837 3345 1892 δὲ
3374 1839 3441 1909 τῇ
3475 1835 3574 1890 τοῦ
3606 1834 3845 1906 Πατρός

2221 1932 2333 1990 τῶν
2372 1934 2510 1990 ὅλων
2550 1933 2710 2005 φύσει
2746 1951 2807 1988 τε
2842 1933 2937 1988 καὶ
2972 1919 3307 2003 ἀγαθότητιο
3361 1930 3494 1993 ἴσως
3541 1928 3600 1983 δὲ
3672 1926 3845 1981 τοῦτο

2223 2028 2583 2101 κατάλληλον,
2633 2027 2948 2097 ἐπάναγκες
2977 2026 3036 2081 δὲ
3085 2025 3309 2097 μᾶλλον.
3359 2024 3422 2078 '0
3456 2021 3566 2093 γὰρ
3595 2022 3711 2075 καὶ
3750 2022 3843 2074 τόν

2223 2123 2322 2178 Ξνα
2358 2121 2519 2192 φόνον
2547 2122 2611 2175 οὐ
2649 2120 2978 2194 βουλόμενος
3018 2117 3238 2171 ἔσεσθαι
3278 2118 3340 2170 ὲν
3374 2115 3454 2187 τῷ
3483 2114 3700 2183 λέγειν,
3757 2116 3843 2168 Οὐ

2225 2217 2573 2287 φονεύσεις,
2625 2212 2945 2288 προστάξας
2988 2211 3082 2266 τὸν
3128 2209 3297 2281 φονέα
3349 2208 3841 2280 ἀντιφονεύεσθαι,

2223 2306 2479 2379 δεύτερον
2512 2306 2678 2377 νόμον
2703 2302 3033 2376 νομοθετῶν,
3056 2302 3151 2357 καὶ
3175 2302 3297 2356 δυσὶ
3325 2302 3505 2370 φόνοις
3534 2301 3842 2373 βραϐεύων

2224 2400 2253 2452 ό
2280 2397 2373 2451 τὸν
2401 2396 2499 2451 ἕνα
2529 2394 2940 2468 ἀπαγορεύσας,
2971 2392 3163 2447 ἔλαθεν
3205 2394 3397 2447 ἑαυτὸν
3436 2392 3527 2447 ὑπ’
3570 2393 3840 2464 ἀνάγκης

2226 2487 2475 2552 κλαπείς.
2521 2486 2614 2541 Διὸ
2641 2486 2707 2558 δὴ
2744 2489 2773 2541 ό
2817 2487 2913 2541 ἀπ’
2949 2485 3155 2541 ἐκείνου
3190 2486 3644 2557 παραγενόμενος
3704 2486 3842 2550 Υἱὸς

2224 2581 2386 2637 τοῦτο
2411 2583 2474 2637 τὸ
2505 2582 2673 2655 μέρος
2700 2580 2794 2635 τοῦ
2826 2581 2992 2653 νόμου
3028 2579 3326 2653 ἀνῄρηκεν,
3356 2579 3713 2652 ὁμολογήσας
3739 2579 3842 2635 καὶ

2226 2675 2390 2741 αὐτὸς
2416 2671 2554 2729 εἶναι
2582 2674 2678 2729 τοῦ
2706 2673 2865 2741 Θεοῦ,
2892 2674 2950 2729 ἐν
2979 2691 3040 2728 τε
3085 2676 3198 2738 τοῖς
3245 2672 3426 2736 ἄλλοις
3462 2672 3843 2744 καταριθμεῖ-

2225 2786 2316 2823 ται
2348 2768 2424 2840 (2)
2471 2771 2539 2841 τῇ
2584 2768 2796 2840 παλαιᾷ
2838 2767 3073 2839 αίρὲσει,
3125 2765 3221 2819 καὶ
3252 2767 3310 2819 ἐν
3361 2760 3443 2829 οἷς
3480 2764 3583 2836 εφη
3614 2766 3651 2818 ὁ
3694 2764 3839 2830 Θεὸς

2228 2861 2399 2916 εἰπών
2418 2878 2433 2891 ·
2486 2862 2550 2915 Ὃ
2588 2858 2941 2931 κακολογῶν
2986 2857 3214 2928 πατέρα
3238 2859 3278 2929 ἢ
3316 2858 3548 2929 μητέρα
3582 2858 3838 2922 θανάτῳ

2227 2952 2580 3009 τελευτάτω.

531 3022 824 3082 confessus
847 3033 962 3093 est;
997 3043 1119 3099 qua:
1171 3045 1297 3086 cum
1352 3032 1407 3088 in
1461 3037 1677 3095 caeteris
1722 3040 1791 3094 ad
1834 3045 2118 3116 antiquam
2155 3050 2390 3108 haeres-in
2424 3051 2743 3118 ascribitur,
2768 3058 2885 3106 tum
2912 3049 2968 3106 in
2997 3049 3068 3106 iis
3107 3063 3232 3122 qua:
3286 3046 3433 3107 Deus
3472 3046 3620 3105 hisce
3638 3049 3837 3109 verbis

531 3122 756 3176 statuit:
790 3122 897 3191 Qui
936 3124 1269 3182 maledixerit
1294 3132 1435 3197 patri
1462 3133 1542 3187 vel
1572 3136 1752 3202 matri,
1780 3147 1946 3195 morte
1976 3146 2239 3201 moriatur
2264 3149 2305 3202 ³.
3828 3148 3832 3150 Ὗ

600 3213 684 3269 Ad
714 3213 850 3271 illud
885 3231 1014 3273 vero
1042 3233 1217 3290 genus
1262 3223 1409 3292 quod
1458 3228 1728 3298 typicum,
1782 3234 1898 3289 sive
1931 3237 2122 3293 adum-

2301 3245 2375 3299 Τδ
2418 3243 2476 3298 δέ
2519 3244 2637 3297 ἐστι
2671 3241 2838 3315 μέρος
2870 3239 3038 3297 αὐτοῦ
3082 3230 3333 3307 τυπικδν,
3366 3240 3427 3295 τὸ
3460 3238 3581 3294 κατ’
3631 3237 3838 3292 εἰκόνα

530 3308 750 3367 bratum
789 3311 1015 3381 dicitur,
1049 3315 1103 3370 id
1140 3332 1305 3376 omne
1345 3323 1605 3391 pertinet,
1635 3326 1801 3397 220
1832 3332 1976 3399 quod
2008 3335 2124 3405 spi-

529 3405 772 3461 ritalium
796 3414 963 3478 atque
983 3411 1374 3468 excellentium
1405 3431 1590 3472 rerum
1623 3421 1827 3490 ﬁguras
1848 3426 2120 3498 continet;

526 3497 839 3567 cujusmodi
854 3508 985 3554 sunt
1000 3514 1289 3558 sacrorum
1317 3503 1726 3564 oﬂ'erendorum
1745 3497 2119 3587 ereremonize,

529 3587 905 3657 circumcisio,
949 3588 1273 3660 Sabbatnm,
1300 3596 1601 3668 jejunium,
1635 3588 1881 3669 Pascha,
1908 3621 2123 3680 azyma,

530 3680 748 3756 aliaque
803 3684 1006 3741 similia
1040 3686 1157 3759 lege
1216 3692 1562 3762 praescripta.
1598 3693 1732 3761 Quae
1780 3700 1964 3755 omnia
1996 3717 2122 3757 eum

532 3778 672 3833 nihil
718 3779 873 3835 aliud
907 3791 1108 3850 pt‘aater
1142 3786 1343 3854 figuras
1396 3795 1563 3859 atque
1601 3790 1870 3863 imagines
1921 3794 2123 3862 forent,

531 3869 804 3941 patefacta
833 3874 1062 3930 veritate
1091 3877 1357 3932 translata
1383 3887 1510 3934 sunt
1533 3881 1676 3948 ;imo
1711 3899 1839 3940 vero
1882 3886 2030 3957 quod
2057 3888 2126 3943 ad

530 3974 813 4020 externam
841 3967 1080 4037 speciem
1103 3970 1318 4036 attinet,
1350 3987 1622 4044 usumque
1643 3989 1969 4046 corporeum
1997 3979 2127 4035 sub-

533 4058 665 4123 lata,
694 4060 927 4131 spiritali
966 4062 1202 4133 quadam
1240 4063 1454 4123 ratione
1512 4075 1724 4124 retenta
1748 4076 1898 4126 sunt.
1926 4068 2124 4129 iisdem

530 4149 735 4221 quippe
784 4153 1139 4211 manentibus
1169 4154 1353 4212 adhuc
1401 4158 1741 4227 nominibus,
1799 4160 1983 4217 rerum
2037 4169 2127 4219 est

531 4240 676 4299 facta
710 4244 965 4301 mutatio.
991 4244 1127 4301 Nam
1159 4247 1360 4305 offerre
1397 4250 1623 4321 quidem
1663 4267 1822 4308 sacra
1856 4251 2127 4311 Dominus

530 4334 812 4393 instituit:
841 4345 898 4392 at
927 4354 1037 4395 non
1075 4350 1351 4395 mutarum
1402 4344 1699 4413 pecudum,
1731 4352 1826 4400 aut
1867 4345 1919 4400 id
1948 4361 2123 4417 genus

532 4426 854 4498 suffituum',
893 4428 991 4495 sed
1025 4432 1293 4501 spirita!is
1330 4435 1512 4502 potius
1555 4434 1735 4491 laudis
1758 4452 1822 4490 ac
1858 4437 2125 4507 pra-dira-

2224 3334 2336 3390 τῶν
2374 3333 2787 3405 πνευματικῶν,
2820 3333 2917 3388 καὶ
2963 3333 3330 3406 διαφερόντως
3374 3334 3397 3365 ⁵
3448 3331 3727 3400 κείμενον,
3772 3331 3837 3383 τὸ

2227 3428 2286 3481 ὲν
2327 3428 2687 3499 προσφοραῖς,
2733 3424 2898 3495 λέγω,
2927 3424 3023 3479 καὶ
3073 3426 3365 3497 περιτομῇ,
3400 3423 3494 3477 καὶ
3530 3420 3833 3488 Σαϐϐάτῳ,

2227 3516 2323 3569 καὶ
2371 3515 2635 3588 νηστείᾳ,
2677 3515 2771 3568 καὶ
2828 3514 3053 3587 Πάσχα,
3112 3512 3208 3567 καὶ
3254 3510 3515 3583 ἀζύμοις,
3564 3511 3661 3565 καὶ
3716 3515 3836 3573 τοίς

2226 3608 2490 3673 τοιούτοις
2520 3606 2973 3680 νομοθετηθέντα.
3024 3606 3212 3661 Πάιῖτα
3250 3605 3361 3678 γὰρ
3404 3603 3579 3659 ταῦτα
3616 3605 3835 3666 εἰκόνες

2228 3702 2323 3756 καὶ
2387 3699 2634 3771 σύμϐολα
2693 3697 2856 3765 ὄντα,
2915 3697 3018 3769 τῆς
3069 3695 3330 3769 ἀληθείας
3387 3693 3830 3765 φανερωθεὶσ-ης,

2230 3792 2528 3866 μετετέθη·
2559 3792 2702 3847 κατά
2751 3792 2852 3864 μὲν
2878 3791 2940 3845 τὸ
2984 3788 3313 3860 φαινόμενον
3354 3788 3449 3841 καὶ
3493 3784 3832 3857 σωματικῶς

2228 3884 2564 3939 ἐκτελεῖσθαι
2599 3882 2859 3958 ἀνῃρέθη,
2892 3882 3034 3936 κατά
3060 3880 3118 3934 δὲ
3148 3879 3210 3934 τὸ
3226 3877 3599 3951 πνευματικὸν
3628 3878 3831 3948 ἀνελὴ-

2229 3974 2338 4047 φθη
2361 3991 2376 4007 ⁸
2430 3975 2541 4030 τῶν
2595 3976 2695 4048 μὲν
2780 3975 3064 4046 ὀνομάτων
3125 3971 3235 4025 τῶν
3290 3970 3473 4026 αὐτῶν
3528 3969 3826 4040 μενόντων,

2229 4067 2648 4140 ἐνηλλαγμένων
2688 4067 2745 4121 δὲ
2797 4066 2904 4121 τῶν
2937 4064 3300 4138 πραγμάτων.
3350 4062 3460 4116 Καὶ
3505 4064 3616 4134 γὰρ
3657 4077 3829 4133 προσ-

2230 4159 2403 4231 φορὰς
2449 4158 2783 4231 προσφέρειν
2829 4156 3165 4229 προσέταξεν
3193 4157 3328 4227 ἡμῖν
3364 4157 3394 4208 ό
3427 4154 3657 4225 Σωτήρ·
3714 4152 3827 4207 ἀλλ’

2226 4248 2351 4318 οὐχὶ
2386 4246 2484 4311 τὰς
2509 4247 2576 4301 δι’
2608 4247 2819 4317 ἀλόγων
2843 4246 3020 4311 ζώων,
3064 4246 3099 4316 ἢ
3138 4244 3347 4299 τούτων
3387 4243 3499 4298 τῶν
3539 4242 3826 4314 θυμιαμά-

2227 4355 2359 4403 των,
2404 4338 2542 4393 ἀλλά
2579 4337 2668 4391 διὰ
2711 4336 3099 4409 πνευματικῶν
3132 4336 3320 4402 αἴνων,
3370 4335 3465 4388 καὶ
3492 4334 3685 4398 δοξῶν,
3736 4334 3825 4387 καὶ

2228 4431 2602 4504 εὐχαριστίας,
2633 4430 2728 4485 καὶ
2761 4430 2850 4483 διὰ
2875 4429 2976 4501 τῆς
3003 4431 3082 4493 εἰς
3108 4430 3235 4492 τοὺς
3266 4426 3495 4498 πλησίον
3540 4426 3829 4489 κοινωνίας

534 4520 736 4580 tionis.
773 4530 828 4576 et
877 4522 1261 4593 eucharistiaz;
1321 4535 1439 4582 tum
1496 4526 1549 4580 in
1603 4527 1885 4582 hominum
1950 4545 2122 4601 genus

2229 4525 2325 4577 καὶ
2370 4522 2644 4586 εὐποιίας.
2700 4522 2812 4575 Καὶ
2860 4514 3134 4593 περιτομῇ
3190 4517 3631 4591 περιτετμῆσθαι
3678 4520 3828 4589 ipsi;

534 4611 880 4668 liberalitatis
920 4627 985 4669 ae
1009 4613 1406 4671 beneficentiae.
1453 4614 1602 4674 Idem
1626 4619 1949 4677 circumcidi
1978 4639 2119 4693 pra:-

2234 4616 2508 4688 βούλεται,
2537 4616 2652 4670 ἀλλ’
2686 4615 2807 4686 οὐχὶ
2830 4615 2930 4686 τῆς
2953 4614 3322 4687 ἀκροϐυστίας
3348 4613 3447 4684 τῆς
3477 4611 3828 4682 σωματικῆς,

534 4708 681 4756 terea
703 4716 811 4756 non
836 4706 1106 4772 corporis,
1139 4705 1234 4759 sed
1257 4707 1444 4763 cordis
1472 4708 1757 4781 animique
1788 4715 2119 4783 praeputium

504 4793 704 4862 _inhet.
739 4794 981 4867 itemque
1003 4799 1212 4853 servari
1249 4798 1574 4862 Sabbatum,
1603 4811 1715 4857 uta
1751 4805 1935 4875 pravis
1993 4806 2128 4862 dun-

536 4894 687 4941 taxat
746 4887 1060 4943 actionibus
1124 4886 1404 4945 feriemur.
1466 4890 1726 4963 Jejunare
1786 4911 1953 4965 porro
2000 4912 2125 4953 cum

536 4981 789 5051 imperat,
825 4996 934 5036 non
976 4979 1124 5035 illam
1181 4983 1433 5053 corporis
1490 4984 1750 5051 inediam,
1808 4987 1907 5043 sed
1955 4988 2127 5044 animi

528 5072 955 5143 temperantiam
1006 5073 1278 5141 decernit,
1315 5083 1376 5130 ut
1406 5091 1435 5131 a
1470 5076 1693 5149 ﬂagitiis
1718 5080 1979 5138 oumibus
2010 5080 2130 5136 abs-

520 5170 826 5222 tineamus.
896 5166 1223 5238 Quanquam
1288 5180 1320 5221 a
1388 5169 1594 5226 nostris
1662 5171 1940 5227 exercitiis
1994 5173 2128 5228 illud

523 5274 752 5329 quoque
777 5258 1050 5329 jejunium
1073 5259 1385 5323 adhibetur,
1410 5268 1684 5332 quatenus
1718 5264 1784 5318 ad
1813 5265 2127 5320 animorum

535 5353 827 5407 utilitatem
851 5351 1068 5408 confert
1088 5353 1318 5424 aliquid,
1352 5353 1401 5409 si
1422 5368 1548 5408 eum
1577 5355 1795 5410 ratione
1826 5357 2125 5427 suscipias;

537 5455 642 5496 non
678 5445 926 5500 imitandi
957 5446 1288 5519 cujusquam
1315 5446 1523 5514 studio,
1549 5462 1661 5503 non
1692 5450 2124 5519 consuetudine,

2232 4708 2369 4763 ἀλλά
2421 4709 2645 4779 καρδίας
2692 4708 2794 4780 τῆς
2832 4708 3208 4781 πνευματικῆς
3229 4723 3243 4738 ·
3299 4706 3393 4761 καὶ
3438 4705 3500 4761 τὸ
3548 4706 3829 4760 Σάόϐατον

2235 4803 2565 4872 φυλάσσεινο
2613 4802 2804 4874 ἀργεῖν
2838 4801 2949 4872 γὰρ
2992 4801 3137 4855 θέλει
3176 4801 3324 4872 ἡμᾶς
3356 4798 3466 4853 ἀπὸ
3511 4798 3623 4852 τῶν
3652 4799 3828 4871 ἔργων

2236 4894 2346 4949 τῶν
2386 4894 2672 4966 πονηρῶν·
2726 4895 2820 4947 καὶ
2864 4891 3148 4963 νηστεύειν
3192 4892 3271 4953 δὲ,
3315 4890 3433 4946 ἀλλ’
3468 4890 3531 4944 οὐ
3576 4891 3676 4963 τὴν
3726 4909 3827 4944 σω-

2239 4985 2477 5059 ματικὴν
2533 4984 2780 5055 βούλεται
2831 4985 3088 5057 νηστείαν
3136 4984 3287 5056 ἡμᾶς
3339 4982 3644 5052 νηστεύειν,
3694 4980 3828 5035 ἀλλὰ

2233 5080 2334 5151 τὴν
2381 5077 2790 5150 πνευματικὴν,
2841 5078 2899 5131 ὲν
2946 5070 2983 5150 ᾖ
3027 5077 3176 5130 ὲστιν
3219 5074 3400 5146 ἀποχὴ
3455 5074 3678 5127 πάντων
3723 5072 3827 5125 τῶν

2236 5170 2480 5241 φαύλων.
2515 5170 2854 5224 Φυλάσσεται
2887 5170 3075 5241 μέντοι
3113 5185 3178 5238 γε
3206 5168 3300 5222 καὶ
3345 5167 3497 5240 παρᾶ
3546 5170 3662 5231 τοῖς
3691 5169 3827 5238 ἡμε-

2236 5264 2418 5336 τέροις
2469 5264 2503 5336 ή
2561 5261 2706 5318 κατά
2760 5262 2823 5317 τὸ
2874 5262 3199 5333 φαινόμενον
3254 5260 3512 5333 νηστεία·
3560 5260 3684 5313 ἐπεὶ
3736 5259 3825 5312 καὶ

2235 5356 2381 5429 ψυχῇ
2424 5370 2484 5410 τι
2530 5355 2936 5427 συμὸάλλεσθαι
2982 5356 3205 5411 δύναται
3253 5353 3418 5425 αὕτη,
3483 5354 3625 5426 μετά
3668 5353 3821 5420 λόγου

2235 5450 2529 5521 γινομένη·
2573 5448 2735 5503 όπότε
2768 5447 2905 5521 μηδὲ
2952 5447 3042 5502 διὰ
3083 5447 3182 5520 τὴν
3222 5446 3358 5517 πρός
3402 5463 3556 5512 τινας
3592 5445 3818 5518 μίμησιν

606 5619 623 5651 ι
647 5618 823 5676 Levit.
858 5637 1009 5688 XXlV,
1041 5624 1131 5681 20.
1210 5627 1232 5658 ³
1265 5625 1438 5681 Exod.
1473 5642 1563 5693 xx,
1598 5627 1686 5682 l3.
1764 5627 1984 5685 'Levit.
2010 5645 2102 5696 xx,

2259 5631 2279 5662 δ
2309 5628 2366 5684 F.
2403 5631 2706 5703 ἀφεκτὲων.
2783 5630 2804 5663 ⁵
2835 5628 2894 5685 F.
2923 5628 3311 5703 διαφερόντων.

605 5806 686 5881 (2)
731 5807 842 5861 Ἔν
869 5822 930 5860 τε
960 5807 1085 5885 τοῖς
1109 5805 1322 5871 ἄλλοις
1352 5806 1810 5885 καταριθμεῖται.
1859 5806 1985 5865 llazc
2020 5808 2122 5867 min

2230 5813 2483 5884 expedita
2515 5827 2578 5867 ac
2646 5809 2856 5885 liquida
2902 5811 3033 5866 mihi
3100 5809 3356 5866 videntur
3412 5823 3427 5860 :

508 5910 509 5913 η
535 5877 756 5954 cunque
785 5877 1114 5935 sententiam
1151 5877 1545 5948 expressimus.

3491 5807 3697 5865 tametsi
3726 5813 3809 5862 ut-
