3982 6422
147 404 374 490 ,εδδ

901 457 913 463 -
999 405 1374 466 Αονειιευε
1413 411 1762 473 ΗΕΒΕὸΕδ
1801 416 1866 472 LI

1975 416 2015 474 l.
2060 413 2226 472 ΤΟΜ.
2273 415 2414 472 11.-
2459 414 2739 473 ΠΑΞΒΕΒ.
2775 415 3019 475 XXXIII.

3455 421 3564 484 565

262 528 494 597 γίνεται,
528 524 663 596 μήτε
706 523 794 579 διὰ
817 523 876 578 τὸ
905 523 1046 592 ἔθος,
1084 528 1221 600 μήτε
1250 529 1338 584 διὰ
1382 532 1482 605 τὴν
1514 535 1750 609 ἡμέραν,
1779 535 1856 600 ὡς

1974 550 2072 591 non
2105 543 2382 592 certarum
2422 535 2638 592 dierum
2679 535 2966 607 religione,
2999 536 3084 593 vel
3121 537 3348 596 definito
3375 541 3564 613 aliquo

263 617 583 691 ὡρισμένης
627 617 786 670 τοῦτο
814 617 1029 690 ἡμέρας
1073 618 1187 690 (5)⁶
1235 621 1351 694 ἅμα
1397 624 1454 678 δὲ
1488 629 1580 680 καὶ
1626 631 1707 694 είς
1732 628 1865 683 ἀνά-

267 727 468 781 μνησιν
509 709 606 780 τῆς
638 708 899 780 ἀληθινῆς
938 711 1216 782 νηστείας,
1251 714 1337 766 ἵνα
1365 716 1414 768 oi
1460 717 1688 788 μηδέπω
1716 719 1862 773 ὲκεί·

264 819 364 872 νην
394 801 685 872 δυνάμενοι
716 800 1000 870 νηστεύειν
1031 803 1139 857 ἀπὺ
1175 805 1273 876 τῆς
1313 811 1458 862 κατὰ
1499 809 1563 864 τὸ
1603 811 1864 882 φαινόμε-

264 910 356 947 νον
411 894 666 964 νηστείας
710 892 875 963 ἔχωσι
923 895 1022 966 τὴν
1051 895 1358 969 ἀνάμνησιν
1394 901 1589 970 αὐτῆς,
1643 903 1754 958 Καὶ
1802 901 1864 955 τὸ

262 986 461 1058 Πάσχα
504 987 559 1041 δὲ
588 987 810 1058 ὁμοίως,
852 986 950 1040 καὶ
979 987 1049 1040 τά
1078 988 1285 1060 ἀξυμα,
1331 992 1416 1045 ὅτι
1448 993 1654 1058 εἰκόνες
1695 990 1860 1066 ἦσαν,

260 1078 417 1150 δηλοῖ
439 1079 532 1132 καὶ
566 1077 778 1142 Παῦλος
806 1080 834 1132 6
863 1078 1162 1144 ἀπόστολος
1183 1096 1196 1109 ·
1237 1081 1306 1135 Τὸ
1331 1081 1400 1136 δὲ
1425 1084 1638 1155 Πάσχα
1669 1085 1860 1156 ἡμῶν,

259 1170 504 1239 λέγεται,
525 1170 704 1238 ἐτύθη
735 1171 1017 1239 Χριστόςο
1042 1171 1158 1238 καὶ,
1189 1171 1314 1228 Ἵνα
1348 1170 1474 1244 ἦτε,
1509 1178 1693 1247 φησὶν,
1731 1177 1864 1238 ᾶζυ-

253 1280 383 1333 μοι,
417 1261 504 1332 μὴ
549 1261 909 1332 μετέχοντες
937 1260 1123 1332 ζύμης
1159 1264 1360 1336 (ζύμην
1391 1285 1447 1320 τε
1478 1268 1571 1321 νῦν
1619 1269 1716 1340 τὴν
1769 1288 1864 1324 κα-

261 1353 392 1406 κίαν
415 1353 608 1422 λέγει),
635 1354 774 1407 ἀλλ’
800 1349 908 1422 ἦτε
937 1352 1082 1408 νέον
1099 1356 1364 1426 φύραμα.

335 1452 426 1517 ς’.
445 1442 614 1513 Οὗτος
629 1447 758 1517 γοῦν
777 1450 872 1503 καὶ⁵
887 1450 1052 1514 αὐτὸς
1079 1452 1108 1504 6
1122 1451 1216 1504 τοῦ
1235 1451 1372 1505 Θεοῦ
1398 1447 1538 1508 εἶναι
1555 1455 1716 1525 νόμος
1734 1457 1862 1526 ὁμο-

257 1540 596 1611 λογούμενος
639 1540 719 1603 είς
757 1539 882 1612 τρία
929 1540 1241 1612 διαιρεῖται,
1294 1541 1375 1606 εῖς
1413 1561 1473 1596 τε
1516 1545 1578 1598 τὸ
1618 1544 1860 1617 πληρού-

261 1649 425 1703 μενον
477 1631 586 1684 ἀπὸ
629 1630 723 1685 τοῦ
778 1632 1067 1703 Σωτῆρος·
1111 1632 1173 1686 τὸ
1215 1633 1345 1706 γάρ,
1383 1638 1466 1690 Ob
1517 1639 1860 1706 φονεύσεις,

253 1725 342 1777 Οὐ
382 1722 756 1792 μοιχεύσεις,
805 1724 928 1776 Οὐκ
978 1723 1402 1792 ἐπιορκήσεις,
1465 1728 1521 1779 ὲν
1574 1727 1674 1799 τῷ,
1708 1727 1861 1797 Μηδ’

258 1813 638 1885 ὀργισθῆναι,
685 1813 843 1884 μηδὲ
885 1815 1286 1886 ἐπιθυμήσεις
1321 1820 1336 1850 ¹
1369 1858 1386 1884 ,
1443 1821 1858 1894 περιείληπταισ

257 1909 552 1980 διαιρεῖται
595 1909 651 1962 δὲ
690 1911 784 1964 καὶ
823 1911 903 1974 είς
941 1909 1002 1962 τὸ
1053 1911 1447 1984 ἀναιρούμενον
1494 1892 1737 1979 τελείως.
1791 1918 1864 1970 Τὸ
1897 1892 1937 1946 Β

258 2008 391 2074 γὰρ,
429 2002 772 2072 Ὀφθαλμὸν
798 2003 932 2058 ἀντὶ
966 2004 1304 2077 ὀφθαλμοῦ,
1341 2009 1439 2062 καὶ
1479 2009 1699 2064 ὀδόντα
1729 2011 1864 2065 ἀντὶ

260 2097 548 2163 ὀδόντος,
611 2097 1108 2169 συμπεπλεγμένον
1164 2103 1232 2171 τῇ
1298 2100 1516 2173 ἀδικίᾳ,
1578 2102 1674 2155 καὶ
1735 2104 1865 2158 αὐτὸ

260 2189 424 2260 ἔργον
451 2189 554 2260 τῆς
597 2188 813 2253 ἀδικίας
869 2191 1012 2261 ἔχον,
1063 2189 1306 2263 ἀνῃρέθη
1339 2192 1446 2245 ὑπὸ
1487 2193 1581 2246 τοῦ
1611 2193 1866 2266 Σωτῆρος

259 2283 352 2336 διὰ
407 2281 517 2337 τῶν
569 2283 849 2336 ἐναντίων.
912 2283 992 2336 Τὰ
1042 2283 1099 2336 δὲ
1160 2284 1379 2338 ἐναντία
1425 2285 1669 2356 ἀλλήλων
1726 2288 1864 2342 εἰσὶν

259 2373 605 2442 ἀναιρετικά.
661 2373 809 2444 Ἐγὼ
848 2375 961 2444 γὰρ
1005 2375 1163 2445 λέγω
1196 2375 1340 2445 ὑμῖν
1370 2376 1459 2447 μὴ
1505 2377 1864 2446 ἀντιστῆναι

259 2463 422 2530 ὅλως
448 2463 526 2530 τῷ
564 2463 828 2532 πονηρῷ,
864 2465 1026 2519 ἀλλὰ
1047 2463 1156 2524 ἐάν
1186 2466 1278 2532 τίς
1307 2481 1380 2520 σε
1405 2467 1660 2538 ραπίσῃ,
1692 2469 1864 2539 στρέ⁴

259 2559 389 2625 alter
417 2543 578 2622 αὐτῷ
607 2557 705 2610 καὶ
740 2557 856 2626 τὴν
884 2557 1086 2627 ἄλλην
1113 2560 1390 2629 σιαγόνα.
1454 2559 1865 2632 Ἀλληγορεῖται

258 2649 320 2704 δὲ
371 2649 466 2703 καὶ
497 2650 577 2712 είς
617 2649 677 2702 τὸ
737 2650 1057 2720 μετατεθὲν,
1107 2651 1202 2704 καὶ
1261 2651 1558 2721 ὲναλλαγὲν
1611 2653 1718 2707 ἀπὸ
1765 2653 1862 2707 τοῦ

263 2740 586 2812 σωματικοῦ
615 2742 710 2796 ἐπὶ
743 2741 805 2795 τὸ
834 2744 1209 2813 πνευματικὸν
1236 2743 1297 2796 τὸ
1323 2745 1652 2816 συμϐολικὸν
1683 2746 1861 2812 τοῦτο,

262 2834 387 2886 κατ’
429 2833 614 2887 εἰκόνα
662 2832 771 2887 τῶν
811 2834 1178 2906 διαφερόντων
1228 2836 1747 2909 νενομοθετημένον.
1796 2843 1862 2895 At

265 2924 378 2994 γὰρ
413 2924 619 2988 εἰκόνες
645 2925 740 2978 καὶ
765 2925 835 2978 τὰ
866 2925 1132 2996 σύμϐολα,
1154 2928 1541 2997 παραστατικὰ
1583 2929 1713 2982 ὄντα
1747 2931 1866 2984 ἐτέ-

239 3000 380 3082 ’ρων
401 3012 742 3083 πραγμάτων
770 3013 991 3077 ,καλῶς
1041 3015 1286 3082 ἐγίνοντο
1341 3016 1504 3088 μέχρι
1552 3018 1627 3088 μὴ
1681 3021 1863 3090 παρῆν

259 3101 514 3174 ἀλήθεια.
544 3103 835 3175 Παρούσης
859 3104 914 3157 δὲ
942 3107 1040 3177 τῆς
1064 3106 1345 3177 ἀληθείας,
1379 3107 1448 3161 τὰ
1477 3108 1574 3178 τῆς
1605 3109 1866 3180 ἀληθείας

1968 635 2244 697 tempore:
2293 626 2597 697 praesertim
2659 641 2788 680 cum
2841 625 2956 681 veri
3001 625 3202 696 jejunii
3231 629 3559 684 memoriam

1965 717 2210 783 refricet,
2237 726 2300 773 ut
2328 719 2421 789 qui
2449 717 2691 772 nondum
2729 716 2862 771 illud
2922 719 3166 775 assecuti
3229 719 3458 785 fuerint,
3492 723 3561 778 ab

1964 810 2242 865 exteriore
2275 807 2720 873 eommonefacti,
2757 809 2986 865 alterius
3041 810 3434 869 recordentur.
3471 811 3560 865 Si-

1965 902 2170 957 militer
2187 909 2242 957 et
2267 901 2496 966 Pascha,
2521 916 2823 973 azymaque
2858 902 3060 972 figuras
3093 903 3373 960 exstitisse
3391 920 3560 975 quas-

1965 993 2090 1048 dam
2149 991 2356 1048 Paulus
2385 992 2503 1063 ipse
2527 991 2802 1048 declarat:
2842 992 3289 1065 Pascha,inquit,
3316 1006 3561 1050 nostrum
3642 1058 3649 1068 ι

1965 1085 2274 1140 immolatus
2296 1093 2375 1138 est
2401 1082 2647 1140 Christus
2665 1086 2684 1114 ¹
2707 1101 2721 1150 ;
2751 1092 2804 1140 et
2828 1105 2840 1138 :
2872 1083 2940 1139 Ut
2967 1086 3113 1149 sitis,
3140 1087 3236 1150 ait,
3261 1089 3563 1158 azyminon

1963 1178 2214 1233 habentes
2279 1177 2598 1247 fermentum
2680 1177 3034 1248 (fermentum
3082 1195 3213 1235 vero
3289 1181 3559 1239 malitiam

1966 1269 2246 1341 appellat),
2284 1268 2374 1324 sed
2401 1268 2521 1323 sitis
2551 1285 2681 1323 nova
2714 1270 3017 1337 conspersio
3053 1271 3094 1325 ³.

2037 1445 2127 1503 Vl.
2161 1445 2254 1502 Sic
2287 1447 2454 1518 igitur
2489 1447 2571 1503 lex
2607 1447 2747 1518 ipsa,
2784 1461 2951 1517 quam
2985 1461 3013 1500 a
3047 1446 3159 1504 Deo
3193 1462 3450 1505 manasse
3481 1447 3562 1502 fa-

1966 1548 2153 1596 tentur
2192 1555 2406 1606 omnes,
2434 1539 2709 1595 trifariam
2739 1539 3033 1595 dividitur:
3068 1540 3122 1595 in
3185 1556 3304 1596 eam
3352 1552 3561 1610 partem

1964 1648 2130 1704 quam
2157 1631 2409 1688 Salvator
2427 1632 2691 1703 implevit.
2713 1631 2837 1687 Hch
2865 1635 3009 1688 enim
3037 1634 3245 1699 omnia,
3271 1633 3395 1688 Non
3419 1636 3562 1690 occi-

1965 1725 2079 1790 des,
2113 1742 2218 1778 non
2251 1724 2614 1789 mare/laberis,
2657 1741 2760 1778 non
2789 1725 3051 1794 pejerabis
3074 1725 3097 1757 ⁸
3121 1765 3138 1791 ,
3188 1727 3242 1780 in
3272 1727 3406 1782 iisce
3429 1743 3566 1782 con-

1967 1819 2230 1885 tinentur,
2259 1817 2381 1872 Non
2421 1819 2692 1882 irasceris,
2734 1835 2837 1872 non
2897 1821 3288 1888 concupisces".
3349 1819 3409 1874 In
3440 1836 3564 1876 eam

1969 1927 2090 1982 qua:
2117 1912 2340 1981 penitus
2362 1912 2582 1966 sublata
2602 1920 2708 1967 est.
2746 1909 2844 1966 llis
2873 1911 3019 1966 enim
3065 1912 3383 1983 praeceptis,
3417 1911 3565 1968 Ocu-

1967 2002 2077 2057 lum
2105 2018 2201 2071 pro
2229 2003 2404 2067 oculo,
2449 2002 2658 2058 dentem
2705 2019 2802 2072 pro
2843 2001 2997 2057 dente
3025 2004 3067 2068 ⁸,
3104 2019 3228 2074 quae
3255 2019 3380 2059 cum
3413 2005 3563 2076 inju-

1967 2095 2115 2151 stitia
2153 2095 2412 2165 permisza
2439 2102 2589 2156 sunt,
2617 2094 2850 2164 ejusque
2868 2109 3059 2151 secum
3084 2095 3292 2165 aliquid
3311 2095 3562 2164 trahunt,

1967 2185 2266 2240 contrariis
2327 2183 2539 2254 legibus
2569 2185 2904 2254 derogatur:
2931 2185 3214 2238 contraria
3243 2199 3409 2254 porro
3440 2201 3566 2243 sese

1967 2276 2200 2332 invicem
2228 2281 2505 2347 perimunt
2535 2318 2547 2329 .
2573 2277 2733 2346 221
2758 2275 2869 2346 Ego
2899 2276 3039 2330 enim
3070 2276 3189 2330 dico
3216 2274 3360 2331 vobis
3394 2278 3567 2332 omni-

1967 2386 2034 2422 no
2080 2385 2184 2422 non
2248 2370 2491 2423 resistere
2527 2371 2686 2423 malo.
2725 2369 2827 2424 Sed
2856 2372 2902 2424 si
2935 2370 3052 2440 quis
3080 2380 3127 2423 te
3154 2372 3472 2440 percusserit
3508 2371 3565 2423 in

1971 2462 2274 2524 maxillam,
2301 2463 2477 2531 prwbe
2526 2462 2609 2515 illi
2644 2472 2692 2516 et
2723 2462 2950 2516 alteram
2971 2463 3014 2518 τ.
3046 2463 3202 2529 Quod
3237 2465 3460 2534 quidem
3493 2462 3564 2517 ad

1966 2555 2352 2609 excellentium
2396 2569 2580 2610 rerum
2602 2554 3037 2610 adumbrandam
3083 2559 3322 2626 speciem
3352 2555 3564 2610 consti-

1970 2656 2168 2712 tutum,
2201 2656 2257 2703 et
2306 2663 2334 2700 a
2363 2648 2648 2718 corporeis
2681 2648 2747 2702 ad
2806 2648 3077 2718 Spiritalia
3123 2650 3453 2704 translatum
3501 2665 3565 2703 ac

1972 2750 2241 2796 mutatum
2272 2757 2369 2812 per
2393 2741 2716 2812 allegoriam
2747 2741 3064 2811 exponitur.
3093 2741 3308 2796 Etenim
3362 2739 3566 2812 elligies

1973 2847 2038 2887 ac
2068 2834 2222 2902 signa
2248 2833 2371 2886 aliis
2398 2832 2564 2888 rebus
2596 2832 2949 2887 declarandis
3008 2831 3256 2887 adhibita
3294 2832 3566 2901 tantisper

1972 2926 2438 2996 opportunitatem
2495 2925 2830 2989 habuerunt,
2866 2923 3048 2994 quoad
3092 2926 3334 2979 nondum
3365 2925 3568 2981 veritas

1967 3019 2271 3074 affulserat.
2329 3017 2449 3085 Qua
2492 3020 2845 3084 succedente,
2878 3034 2986 3072 non
3015 3032 3138 3088 qua:
3178 3017 3424 3088 imagini,
3470 3017 3567 3072 sed

1969 3128 2092 3184 quae
2151 3111 2370 3167 veritati
2443 3117 2760 3182 congruunt
2821 3109 3002 3164 facere
3060 3110 3338 3165 convenit.
3396 3108 3565 3181 quue

258 3195 346 3250 δεῖ
375 3199 564 3258 ποιεῖν,
609 3197 668 3250 ού
715 3197 784 3251 τά
809 3197 907 3268 τῆς
938 3199 1172 3263 είκόνος.
1221 3199 1410 3255 Ταῦτα
1450 3201 1505 3255 δὲ
1537 3202 1632 3255 καὶ
1663 3204 1713 3256 οἱ
1763 3221 1865 3274 μα-

1978 3207 2157 3276 ipsum
2189 3221 2314 3261 cum
2355 3205 2550 3276 reliqui
2586 3219 2780 3260 omnes
2806 3203 3087 3273 discipuli,
3123 3211 3238 3257 tum
3281 3205 3568 3274 apostolus

259 3289 431 3360 θηται
485 3290 670 3353 αὐτοῦ,
745 3293 839 3344 καὶ
885 3291 913 3344 6
955 3292 1252 3358 ἀπόστολος
1294 3294 1466 3360 ἔδειξε
1518 3297 1760 3361 Παῦλος·
1807 3300 1866 3352 τὸ

1980 3297 2179 3352 Paulus
2205 3296 2468 3352 ostendit.
2496 3295 2598 3362 Qui
2634 3294 2928 3366 figuratum
2967 3293 3101 3351 illud
3127 3309 3303 3364 genus
3345 3306 3568 3365 propter

259 3381 369 3451 μὲν
398 3379 508 3433 τῶν
555 3383 803 3448 εἰκόνων,
835 3382 911 3446 ὡς
962 3384 1060 3456 ἤδη
1123 3385 1372 3458 εἴπομεν,
1407 3387 1496 3440 διὰ
1527 3386 1622 3440 τοῦ
1674 3390 1869 3460 Πάσχα

259 3473 364 3527 καὶ
429 3473 538 3526 τῶν
577 3473 806 3546 ἀζύμων
844 3474 1024 3540 δείξας
1059 3476 1125 3529 δι’
1160 3479 1344 3548 ἡμᾶς·
1385 3478 1446 3531 τὸ
1491 3478 1548 3532 δὲ
1593 3479 1686 3532 τοῦ
1736 3497 1872 3551 συμ-

259 3563 650 3634 πεπλεγμένου
684 3565 851 3636 νόμου
884 3569 950 3638 τῇ
989 3568 1192 3641 ἀδικίᾳ,
1227 3569 1400 3623 εἰπὼν
1427 3569 1520 3623 τὸν
1565 3572 1729 3643 νόμον
1761 3571 1871 3626 τῶν

259 3655 500 3710 ἐντολῶν
533 3658 591 3710 ὲν
632 3657 866 3728 δόγμασι
895 3658 1280 3731 κατηργῆσθαι
1301 3677 1315 3691 ο
1349 3661 1411 3714 τὸ
1445 3661 1504 3715 δὲ
1553 3661 1648 3714 τοῦ
1693 3662 1872 3733 ἀσυμ-

259 3748 473 3802 πλὸκσυ
511 3748 589 3820 τῷ
642 3749 870 3821 χείρονι,
938 3751 999 3804 '0
1028 3750 1148 3820 μὲν
1190 3753 1395 3822 νόμος,
1443 3752 1635 3820 είπὼν,
1678 3753 1869 3825 ἅγιος,

259 3839 367 3894 καὶ
396 3842 436 3909 ὴ
459 3837 680 3909 ἐντολὴ
709 3842 871 3912 ἁγία,
907 3843 1005 3897 καὶ
1042 3843 1247 3898 δικαία
1291 3845 1390 3898 καὶ
1424 3847 1641 3916 ἀγαθή.

339 3934 416 3986 Z'.
452 3933 539 3997 Ὠς
575 3934 674 4005 μὲν
703 3929 794 3988 οὖν
831 3934 1111 4006 συντόμως
1156 3935 1303 3989 ἔστιν
1338 3937 1532 4004 εἰπεῖν,
1577 3938 1870 4010 αὐτάρκως

261 4019 427 4096 οἶμαί
458 4042 538 4079 σοι
566 4025 855 4097 δεδεῖχθαι,
894 4028 988 4081 καὶ
1017 4026 1114 4099 τῆν
1145 4027 1202 4095 ἐξ
1231 4028 1537 4100 ἀνθρώπων
1569 4030 1870 4102 παρεισδύ-

272 4133 445 4170 σασαν
489 4117 830 4189 νομοθεσίαν,
867 4120 962 4172 καὶ
1019 4121 1184 4174 αὑτὸν
1231 4121 1322 4174 τὸν
1372 4123 1466 4174 τοῦ
1519 4121 1656 4174 Θεοῦ
1710 4122 1872 4193 νόμον

269 4214 435 4282 τριχῆ
479 4211 890 4284 διαιρούμενον⁸
934 4212 1310 4284 περιλείπεται
1361 4213 1418 4266 δὲ
1471 4215 1604 4284 ἡμῖν
1641 4214 1696 4266 τί
1741 4215 1872 4276 ποτέ

265 4305 421 4357 ἐστιν
453 4297 609 4367 οὗτος
648 4307 676 4358 6
713 4305 845 4370 Θεὸς
889 4305 916 4357 6
961 4305 1055 4359 τὸν
1102 4306 1264 4377 νόμον
1305 4305 1550 4378 θέμενος.
1594 4307 1752 4360 Ἀλλά
1780 4309 1872 4360 καὶ

263 4397 430 4451 τοῦτο
465 4397 706 4468 ἡγοῦμαί
738 4417 817 4452 σοι
850 4397 1116 4470 δεδεῖχθαι
1149 4400 1242 4452 ἐπὶ
1280 4399 1386 4453 τῶν
1429 4401 1868 4471 προειρημένων,

266 4492 322 4543 εἰ
363 4491 640 4561 ἐπιμελῶς
676 4492 942 4563 ἀκήκοας.
990 4493 1054 4546 Et
1097 4491 1208 4562 γὰρ
1259 4493 1399 4562 μήτε
1440 4493 1535 4545 ὑπ’
1567 4491 1734 4546 αὐτοῦ
1785 4510 1874 4546 τε-

1975 3405 2098 3453 ιιοε,
2132 3397 2191 3444 ut
2223 3388 2488 3453 diximus,
2526 3388 2581 3442 in
2610 3385 2880 3442 Pascbate
2951 3385 3276 3457 azymisque
3333 3384 3568 3440 demon-

1974 3489 2136 3537 strat.
2157 3480 2234 3537 De
2262 3482 2438 3538 altero
2473 3495 2603 3536 vero
2631 3477 2778 3548 quod
2803 3477 3142 3550 implicatum
3170 3477 3442 3548 injuslitia
3460 3485 3567 3540 est,

1976 3573 2382 3644 loquitur,cum
2419 3573 2590 3642 legem
2616 3569 3000 3624 mandatorum
3027 3569 3108 3621 ait
3132 3569 3186 3623 in
3216 3568 3570 3640 dogmatibus

1973 3666 2289 3737 abrogatam
2315 3665 2356 3720 “.
2392 3664 2467 3718 De
2491 3664 2652 3719 tertio
2694 3661 2955 3731 denique,
2987 3661 3134 3731 quod
3166 3660 3459 3716 deterioris
3487 3668 3572 3717 est

1973 3773 2209 3829 expers:
2243 3755 2373 3820 Lex,
2409 3755 2610 3826 inquit,
2653 3763 2842 3808 sancta
2867 3762 2966 3816 est,
2992 3761 3042 3806 et
3086 3749 3406 3806 mandatum
3437 3770 3568 3807 san-

1975 3860 2141 3914 ctum,
2172 3861 2220 3903 et
2257 3849 2458 3916 iustum
2486 3856 2534 3900 et
2565 3845 2824 3899 bonum’.

2051 3939 2163 3996 Vll.
2201 3938 2570 4006 Quamobrem
2606 3937 2741 3992 satis
2796 3950 3072 4006 superque
3128 3936 3252 4003 tibi,
3301 3945 3572 4007 quantum

1976 4036 2214 4092 breviter
2245 4031 2637 4102 comprehendi
2681 4037 2882 4102 potest,
2923 4027 3234 4086 declaratas
3290 4047 3386 4087 eas
3426 4031 3574 4100 leges

1975 4129 2236 4193 arbitror,
2269 4141 2391 4196 qua:
2419 4141 2486 4180 ex
2516 4123 2843 4178 auctoritate
2871 4121 3159 4186 hominum
3193 4122 3574 4192 irrepserunt;

1978 4221 2264 4291 ipsamque
2295 4217 2386 4270 Dei
2419 4217 2589 4286 legem
2617 4213 2886 4268 trifariam
2927 4228 3050 4269 esse
3071 4212 3327 4268 divisam.
3369 4213 3575 4286 Super-

1975 4321 2060 4368 est
2094 4319 2153 4364 ut
2194 4309 2320 4380 quis
2378 4307 2468 4362 ille
2529 4306 2601 4362 sit
2635 4304 2779 4360 Deus
2833 4305 2968 4376 legis
3026 4311 3221 4360 auctor
3274 4306 3573 4364 dicendum

1976 4404 2246 4460 videatur.
2282 4399 2447 4471 Atqui
2504 4397 2650 4454 istud
2684 4397 2849 4454 etiam
2891 4397 3074 4462 exiis,
3115 4414 3238 4469 qlia:
3301 4399 3573 4458 hactenus

1976 4497 2256 4566 disputata
2277 4500 2428 4558 sunt,
2461 4491 2506 4547 si
2534 4497 2740 4546 attente
2775 4489 3036 4558 audieris,
3065 4499 3197 4561 puto
3231 4491 3328 4546 tibi
3347 4492 3575 4548 demon-

263 4581 419 4635 λείου
453 4581 588 4635 Θεοῦ
621 4582 856 4637 τέθειται
899 4575 1076 4648 οὗτος,
1106 4583 1182 4647 ὡς
1213 4584 1556 4657 ἐδιδάξαμεν,
1591 4586 1728 4657 μήτε
1763 4586 1866 4658 μὴν

1979 4594 2233 4643 stratum.
2287 4584 2422 4639 Nam
2453 4583 2500 4639 si
2534 4597 2712 4653 neque
2740 4596 2771 4635 a
2802 4581 3046 4652 perfecto
3100 4584 3196 4638 illo
3251 4583 3362 4641 Deo
3394 4586 3574 4656 posita

268 4672 381 4726 ὑπὸ
413 4671 506 4724 τοῦ
546 4672 812 4739 διαϐόλου,
845 4673 873 4727 ὂ
905 4674 1042 4746 μηδὲ
1088 4674 1308 4746 θεμιτόν
1341 4678 1488 4730 ἐστιν
1517 4679 1692 4730 εἰπεῖν
1712 4692 1726 4707 ·
1754 4677 1866 4730 ἓτε-

1978 4677 2062 4732 lex
2086 4684 2192 4744 est,
2236 4676 2316 4730 uti
2343 4673 2677 4738 docuimus;
2717 4688 2894 4743 neque
2920 4687 3052 4728 vero
3092 4689 3122 4728 a
3155 4675 3394 4743 diabolo,
3430 4675 3576 4747 quod

271 4765 369 4840 (/3;
400 4765 484 4828 τίς
517 4770 632 4819 ἐστι
667 4767 816 4837 παρὰ
843 4767 1067 4831 τούτους
1107 4763 1264 4832 οὗτος
1313 4771 1342 4822 6
1384 4768 1611 4841 θέμενος
1651 4771 1745 4824 τὸν
1787 4769 1866 4824 νό⁴

1977 4770 2124 4825 dictu
2153 4768 2318 4822 etiam
2367 4766 2524 4823 nefas
2565 4773 2689 4832 est;
2728 4766 2870 4822 alius
2917 4766 2990 4821 sit
3042 4777 3280 4838 oportet,
3323 4771 3417 4840 qui
3455 4786 3575 4825 eam

270 4876 400 4930 μον.
450 4851 618 4922 Οὗτος
667 4859 723 4911 δὲ
769 4859 1102 4931 δημιουργὸς
1148 4861 1243 4914 καὶ
1296 4861 1527 4932 ποιητὴς
1575 4861 1732 4915 τοῦδε
1779 4861 1866 4916 τοῦ

1978 4861 2149 4932 legem
2189 4857 2503 4914 stabilierit.
2557 4855 2655 4911 Hic
2701 4864 2788 4912 est
2824 4858 2990 4929 igitur
3044 4860 3214 4913 totius
3248 4860 3339 4915 ille
3384 4861 3578 4917 mundi

269 4952 479 5014 παντός
522 4953 636 5005 ἐστι
678 4952 910 5023 κόσμου,
946 4952 1041 5006 καὶ
1084 4952 1193 5006 τῶν
1241 4953 1298 5005 ἐν
1351 4953 1523 5024 αὐτῷ,
1571 4953 1760 5024 ἕτερος
1797 4952 1866 5007 ὢν

1977 4968 2283 5021 eorumque
2312 4965 2434 5020 qum
2474 4951 2529 5004 in
2581 4965 2647 5005 eo
2690 4952 3045 5005 continentur
3073 4953 3267 5007 artifex
3297 4962 3351 5008 et
3380 4956 3580 5010 condi-

271 5040 431 5113 παρά
476 5041 577 5106 τὰς
614 5042 820 5097 τούτων
858 5043 1068 5120 οὐσίας,
1120 5043 1287 5114 μέσος
1331 5043 1537 5098 τούτων
1590 5043 1866 5109 καθεστὼς

1981 5051 2089 5108 ιοι,
2131 5043 2200 5098 ab
2228 5043 2447 5096 illorum
2477 5049 2677 5096 natura
2709 5042 2985 5105 diversus,
3008 5051 3064 5097 et
3087 5043 3141 5098 in
3171 5060 3360 5099 eorum
3394 5045 3583 5102 medio

269 5133 522 5198 ἐνδίκως,
553 5135 648 5188 καὶ
675 5135 736 5189 τὸ
760 5138 860 5207 τῆς
891 5137 1187 5208 μεσότητος
1216 5137 1390 5210 ὄνομα
1419 5137 1752 5209 ἀποφέροιτο
1781 5138 1866 5193 ἄν.

1982 5150 2084 5190 suo
2105 5133 2231 5203 jure
2265 5130 2649 5188 collocandus:
2687 5146 2792 5201 qua
2814 5147 2879 5187 ex
2905 5131 3285 5186 mediocritate
3317 5131 3428 5203 peti
3456 5132 3580 5202 ejus

270 5226 391 5280 Καὶ
419 5229 468 5280 εί
501 5227 529 5279 6
565 5227 765 5291 τέλειος
791 5227 924 5292 Θεὸς
953 5229 1157 5298 ἀγαθός
1203 5229 1319 5282 ἐστι
1369 5228 1512 5283 κατὰ
1543 5229 1644 5300 τὴν
1673 5227 1866 5282 ἑαυτοῦ

1983 5227 2276 5298 appellatio
2312 5231 2510 5295 potest.
2544 5223 2700 5290 Quod
2748 5224 2796 5279 si
2854 5222 3134 5294 perfectus
3177 5223 3269 5279 ille
3298 5222 3442 5279 Deus
3479 5240 3580 5280 na-

272 5318 462 5389 φύσιν,
487 5319 678 5391 ὥσπερ
706 5321 802 5376 καὶ
837 5321 986 5376 ἔστιν
1017 5323 1136 5394 (ἕνα
1169 5322 1278 5392 γὰρ
1317 5323 1477 5394 μόνον
1504 5317 1645 5376 εἶναι
1674 5321 1866 5392 ἀγαθὸν

1986 5327 2110 5374 tura
2147 5331 2247 5373 sua
2281 5317 2461 5372 bonus
2495 5325 2599 5384 est,
2627 5325 2681 5370 ut
2725 5326 2810 5372 cst
2869 5331 3057 5370 revera
3091 5316 3283 5380 (unum
3312 5317 3458 5372 enim
3479 5318 3578 5374 bo-

353 5477 370 5508 ¹
394 5474 522 5548 Cor.
547 5477 926 5548 κέπιθυμῆσαι.
1006 5475 1088 5548 'l
1104 5477 1228 5532 Cor.
1257 5495 1309 5545 v,
1346 5478 1398 5531 7.
1478 5476 1498 5510 ³
1535 5475 1668 5532 ibid.
1744 5478 1765 5509 ’⁸
1793 5477 1866 5531 Ex

1999 5493 2090 5539 xx,
2122 5475 2338 5548 15,14,
2369 5472 2554 5548 16..ις
2584 5469 2775 5527 Matth.
2814 5487 2868 5538 v,
2902 5471 2994 5537 22,
3029 5472 3122 5528 28.
3202 5474 3223 5506 °
3247 5474 3424 5530 Exod.
3460 5491 3576 5546 xxI,

271 5545 386 5615 24;
430 5547 602 5602 Levii.
640 5543 906 5613 “meo.
983 5549 1003 5581 τ
1042 5546 1232 5604 Matth.
1266 5543 1320 5618 ν’,
1352 5548 1444 5603 39.
1520 5548 1541 5579 ⁸
1567 5548 1768 5618 Ephes.
1814 5564 1866 5612 ιι¹

1981 5587 1992 5600 .
2069 5549 2089 5579 9
2119 5545 2278 5600 Rom.
2326 5561 2419 5609 vlt,
2451 5543 2538 5598 12.

1983 5703 2218 5773 gistrum
2250 5717 2314 5756 ac
2343 5709 2634 5772 patronum
2661 5701 2959 5757 asciveriut
2988 5721 3000 5755 :
3039 5701 3169 5773 dum
3209 5701 3581 5773 jcjuniahsta-

1983 5771 2055 5828 tis
2089 5771 2434 5842 temporibus
2465 5773 2696 5840 indicta,
2729 5787 2793 5828 ac
2818 5780 3096 5830 certorum
3120 5771 3332 5830 dierum
3362 5771 3583 5843 religio-

1984 5859 2109 5901 nem
2145 5844 2428 5900 damnant.

353 5708 430 5776 (3)
460 5706 557 5771 Ὠς
589 5705 926 5776 ὡρισμένης
955 5705 1131 5760 τοῦτο
1154 5707 1397 5776 ἡμέρας.
1430 5705 1558 5775 Leg.
1590 5707 1670 5769 είς
1692 5705 1870 5759 τοῦτο.

269 5775 552 5834 Caeterum
602 5775 822 5831 videant
866 5777 1029 5846 hujus
1074 5775 1338 5847 temporis
1367 5777 1648 5839 haeretici,
1677 5791 1872 5846 quem-

273 5863 410 5907 nam
462 5847 565 5904 sibi
607 5847 1071 5919 pervicacissimi,
1109 5863 1170 5905 ac
1201 5848 1490 5906 vanissimi
1519 5847 1726 5904 erroris
1758 5862 1877 5902 ma-
