3982 6418
461 391 570 452 567
1008 404 1015 409 '
1846 400 1906 458 S.
1950 398 2296 461 EPIPHANII
3662 410 3777 469 568

459 530 593 571 num
628 530 755 573 esse
799 514 969 574 Deum
1000 532 1064 572 ac
1096 527 1378 589 parentem
1401 534 1561 575 suum
1618 519 1871 579 Salvator
1906 540 2031 582 asse

2161 529 2295 582 Θεὸν
2322 530 2416 583 τὸν
2450 529 2646 585 ἑαυτοῦ
2679 531 2899 604 Πατέρα
2941 531 2970 585 ό
3005 528 3194 605 Σωτὴρ
3223 532 3386 604 ἡμῶν
3421 531 3777 605 ἀπεφήνατο,

457 609 631 673 ruit‘,
674 626 836 681 quem
860 622 917 666 et
948 612 1268 668 hominibus
1321 611 1624 686 patefecit);
1649 624 1734 672 est
1771 626 1954 674 autem
1998 636 2029 675 e

2156 622 2216 674 δν
2244 622 2408 687 αὐτὸς
2451 623 2850 696 ὲφανέρωσεν)’
2891 624 3008 677 ἔστι
3046 623 3103 679 δὲ
3145 624 3241 679 καὶ
3275 625 3306 676 ό
3337 626 3438 697 τῆς
3472 624 3573 679 τοῦ
3610 627 3776 681 ἀντιο

457 703 738 757 Contraria
787 710 985 757 natura
1016 704 1300 774 praeditus,
1335 707 1516 761 malus
1537 706 1793 764 videlicet
1824 724 1890 766 ac
1917 726 2049 782 pra-

457 806 579 857 vus,
608 794 701 862 qui
727 794 997 864 injustitia
1026 797 1177 852 velut
1207 799 1428 869 propria
1470 809 1601 855 nota
1631 801 2051 860 circumscribi-

457 898 579 956 tur;
611 890 880 960 qui'inter
915 893 1109 949 ambos
1139 892 1265 950 illos
1291 893 1619 965 interjectus
1642 904 1750 963 est,
1776 905 1836 952 ut
1866 913 2053 970 neque

457 981 663 1048 nonus,
723 997 901 1052 neque
954 984 1135 1040 malus
1193 984 1265 1041 sit
1325 992 1421 1040 aut
1465 986 1730 1057 injustas,
1785 990 2051 1058 peculiari

451 1074 687 1141 quadam
724 1075 941 1149 ratione
986 1076 1175 1146 justus
1206 1079 1470 1149 appellari
1531 1089 1731 1152 potest,
1769 1089 2050 1153 quatenus

447 1163 683 1233 justitia:
712 1182 878 1236 quam
911 1167 1076 1224 habet
1130 1169 1511 1227 moderatione
1555 1171 1825 1244 fungitur.
1869 1174 2051 1246 Atque

450 1266 505 1310 et
530 1257 777 1327 perfecto
810 1258 921 1315 Deo
961 1260 1165 1327 minor,
1196 1250 1270 1318 'et
1303 1262 1535 1332 justitie
1569 1265 1719 1321 illius
1769 1266 1948 1338 impar
1977 1268 2050 1325 sit

451 1348 591 1403 idem
627 1350 718 1405 ille
736 1349 879 1407 Deus
901 1360 1138 1422 oportet,
1161 1362 1349 1425 utpote
1369 1371 1479 1411 non
1500 1357 1803 1428 ingenitus,
1826 1359 1923 1414 sed
1953 1376 2049 1432 ge-

448 1443 732 1496 neratione
753 1442 1075 1512 productus.
1106 1443 1259 1501 Unus
1278 1453 1369 1502 est
1396 1447 1543 1502 enim
1569 1449 1842 1520 ingenitus
1862 1450 2046 1515 Pater,

449 1528 613 1598 222
648 1545 678 1583 a
709 1547 819 1601 quo
860 1534 1081 1604 proprie
1112 1541 1259 1603 sunt
1322 1536 1581 1594 universa
1607 1579 1622 1603 ,
1686 1553 1811 1594 cum
1869 1543 1940 1595 ab
1982 1556 2049 1596 eo

449 1631 576 1687 apta
619 1621 732 1675 sint
767 1630 823 1678 et
853 1638 1161 1694 suspensa:
1196 1626 1301 1680 erit
1355 1634 1539 1684 tamen
1602 1627 1921 1685 adversario
1954 1632 2048 1687 illo

447 1713 622 1767 altero
658 1714 833 1783 major
879 1731 942 1769 ac
994 1717 1371 1787 praestantior,
1400 1721 1621 1775 tametsi
1658 1720 1941 1777 diversam
1974 1725 2047 1781 sit

448 1802 520 1855 ab
545 1810 781 1874 utroque
811 1813 1064 1861 naturam
1110 1808 1591 1879 substantiamque
1618 1812 1873 1869 sortitus.
1907 1812 2043 1869 Nam

2155 714 2409 783 κειμένου
2456 714 2672 783 φύσεως
2718 716 2888 778 κακός
2927 732 2987 768 τε
3038 714 3132 768 καὶ
3181 716 3443 787 πονηρὸς,
3488 719 3552 769 ὲν
3580 716 3780 790 ἀδικία

2153 804 2717 877 χαρακτηριζόμενος.
2747 806 2970 861 Τούτων
3006 807 3063 860 δὲ
3108 802 3202 861 οὖν
3239 808 3404 879 μέσον
3454 808 3777 874 καθεστὼς,

2153 896 2249 948 καὶ
2277 896 2416 967 μήτε
2453 896 2659 965 ἀγαθὸς
2682 897 2779 961 ὢν,
2815 898 2953 968 μήτε
2990 896 3097 969 μὴν
3141 898 3332 963 κακὸς,
3377 899 3519 969 μήτε
3552 899 3776 966 ἄδικος,

2156 986 2302 1051 ίδίως
2330 1004 2390 1042 τε
2424 988 2643 1062 λεχθείη
2670 990 2739 1045 ἂν
2765 990 2996 1056 δίκαιος,
3035 991 3138 1062 τῆς
3179 993 3300 1045 κατ’
3343 992 3509 1045 αὐτὸν
3553 993 3780 1048 δικαιο-

2154 1080 2323 1153 σύνης
2347 1078 2423 1135 ὢν
2467 1082 2795 1155 βραϐευτής.
2833 1084 2943 1137 Καὶ
2995 1083 3149 1137 ἔσται
3192 1084 3292 1156 μὲν
3328 1085 3780 1156 καταδεέστερος

2148 1174 2246 1227 τοῦ
2274 1174 2482 1229 τελείου
2514 1176 2674 1242 Θεοῦ,
2717 1176 2813 1229 καὶ
2836 1176 2938 1247 τῆς
2971 1175 3185 1231 ἐκείνου
3220 1174 3574 1251 δικαιοσύνης
3598 1179 3778 1232 ἐλάτ-

2146 1282 2258 1321 των
2282 1260 2440 1331 οὗτος
2479 1269 2509 1322 ό
2552 1266 2710 1333 Θεδς,
2747 1267 2842 1322 ἀτε
2877 1268 2942 1341 δὴ
2982 1269 3079 1323 κα)⁵
3109 1270 3368 1341 γεννητὸς
3405 1269 3501 1335 ὢν,
3534 1272 3633 1325 καὶ
3672 1268 3779 1325 οὖν

2150 1358 2446 1429 ἀγέννητος
2482 1352 2587 1430 (εἷς
2627 1361 2737 1431 γάρ
2771 1361 2920 1415 ἐστιν
2969 1360 3266 1433 ἀγέννητος
3293 1364 3323 1415 ὁ
3352 1362 3565 1434 Πατὴρ,
3600 1361 3674 1426 ἐξ
3707 1354 3778 1415 οὗ

2148 1451 2217 1504 τὰ
2247 1452 2424 1506 πάντα
2449 1452 2614 1517 ίδίως,
2647 1453 2757 1506 τῶν
2788 1451 3007 1508 πάντων
3036 1453 3365 1525 ἠρτημένων
3404 1455 3499 1508 ἀπ’
3526 1453 3769 1521 (16105)-

2155 1544 2362 1614 μείζων
2405 1544 2462 1597 δὲ
2509 1546 2604 1597 καὶ
2648 1542 2989 1617 κυριώτερος
3051 1545 3146 1600 τοῦ
3192 1546 3607 1616 ἀντικειμένου,
3664 1546 3777 1599 καὶ

2149 1635 2345 1707 ἑτέρας
2387 1637 2579 1701 οὐσίας
2626 1654 2687 1691 τε
2742 1638 2839 1692 καὶ
2890 1638 3109 1709 φύσεως
3147 1637 3411 1708 πεφυκὼς
3456 1638 3606 1709 παρὰ
3658 1638 3775 1710 τὴν

2147 1727 2426 1801 ἑκατέρων
2450 1731 2659 1801 τούτων
2696 1730 2907 1787 οὐσίαν.
2934 1732 3041 1786 Τοῦ
3077 1732 3175 1804 μὲν
3219 1732 3329 1804 γὰρ
3365 1730 3773 1801 ἀντικειμένου

2146 1822 2295 1876 ἐστὶν
2326 1825 2360 1895 η
2392 1824 2572 1889 οὐσία,
2604 1825 2783 1894 φθορά
2804 1842 2868 1886 τι
2892 1828 2985 1881 καὶ
3003 1825 3215 1886 σκότος’
3243 1824 3427 1889 ὑλικδς
3452 1823 3558 1896 γὰρ
3586 1815 3772 1889 οὗτος

447 1896 755 1953 adversarii
813 1908 1010 1954 natura
1046 1903 1335 1972 corruptio
1384 1910 1471 1960 est
1508 1918 1573 1959 ac
1623 1905 1885 1970 tenebrae,
1917 1921 2032 1962 cum

2151 1917 2243 1969 καὶ
2273 1916 2631 1989 πολυσχεδής·
2670 1917 2768 1971 τοῦ
2799 1918 2856 1972 δὲ
2886 1917 3104 1990 Πατρδς
3130 1917 3241 1972 τῶν
3277 1916 3416 1970 ὅλων
3455 1915 3548 1970 τοῦ
3575 1916 3770 1985 ἀγεν-

445 1989 678 2043 materia
727 1991 933 2061 quippe
959 2002 1252 2050 concretus
1286 2002 1372 2051 est
1401 2010 1467 2051 ac
1505 1997 1812 2068 multiplex.
1843 2000 1909 2054 At
1933 1998 2037 2054 Pa-

446 2077 614 2132 rentis
670 2080 915 2134 omnium
970 2082 1198 2152 ingeniti
1253 2092 1451 2140 natura
1509 2088 1895 2158 corruptionis
1951 2097 2038 2147 est

440 2184 661 2239 expers,
697 2171 901 2242 luxque
930 2172 1049 2244 ipsa
1110 2190 1209 2246 per
1255 2186 1430 2234 semet
1456 2181 1753 2248 exsistens,
1803 2183 2035 2253 simplex

440 2270 494 2314 et
522 2262 853 2319 uniusmodi.
893 2265 1097 2321 llorum
1133 2277 1330 2324 natura
1366 2271 1642 2342 duplicem
1677 2289 1815 2331 sane
1845 2275 2035 2332 Virtu~

440 2356 548 2405 tem
572 2356 813 2424 peperit;
839 2357 936 2412 sed
983 2358 1252 2414 Conditor
1292 2369 1474 2417 tamen
1510 2364 1627 2433 ipse
1683 2365 1864 2437 imago
1895 2383 2035 2437 prae-

439 2445 724 2501 stantioris
746 2456 851 2502 est.
884 2447 1075 2520 Neque
1113 2466 1243 2506 vero
1269 2467 1331 2508 ea
1357 2460 1410 2509 te
1435 2470 1524 2510 res
1553 2459 1857 2525 perturbet,
1890 2460 2034 2515 scire

436 2537 772 2606 cupientem,
814 2542 1095 2611 quomodo
1124 2558 1250 2599 cum
1296 2562 1469 2601 unum
1502 2550 1595 2614 sit,
1625 2558 1827 2607 etesse
1855 2550 2018 2608 fatea-

439 2644 565 2681 mur
616 2644 683 2683 ac
722 2634 1074 2699 credamus,
1127 2650 1312 2691 rerum
1365 2641 1612 2695 omnium
1692 2641 2029 2714 Principium

434 2722 811 2788 generationis
835 2739 993 2794 atque
1024 2740 1087 2780 ac
1117 2730 1496 2798 corruptionis
1523 2747 1744 2802 expers,
1777 2734 2033 2806 idemque

436 2813 668 2878 bonum,
701 2814 878 2870 amba:
906 2819 990 2872 ha:
1017 2826 1230 2874 naturte
1256 2828 1513 2879 constare
1565 2827 1871 2895 potuerint,
1909 2843 2031 2884 cor-

436 2904 706 2972 ruptionis
725 2906 1008 2973 nimirum,
1030 2917 1086 2965 et
1121 2911 1312 2967 mediae
1341 2913 1631 2981 cujusdam
1672 2918 2029 2984 conditionis,

436 3009 563 3063 quae
591 3010 619 3048 a
656 3011 712 3051 se
745 2997 977 3053 invicem
1037 3009 1234 3056 natura
1266 3002 1607 3075 discrepent,
1643 3009 1843 3063 cumid
1885 3012 2032 3067 bono

432 3087 659 3142 insitum
709 3091 803 3155 sit,
865 3102 924 3146 ut
977 3093 1082 3149 sibi
1116 3111 1283 3166 quam
1318 3099 1621 3167 simillima,
1672 3105 2032 3178 ejusdemque

432 3196 623 3237 secum
658 3192 870 3241 naturas
913 3188 1105 3260 gignat
1135 3205 1201 3245 ac
1233 3193 1503 3262 proferat.
1534 3193 1616 3252 Tu
1648 3200 1819 3268 enim,
1844 3202 2030 3271 opitu-

434 3274 580 3330 laute
607 3274 738 3345 Deo,
772 3278 938 3350 hujus
969 3283 1301 3354 principium
1319 3302 1384 3344 ac
1402 3284 1813 3359 generationem
1845 3295 2030 3348 animo

432 3367 725 3437 percipies,
785 3371 876 3427 ubi
940 3374 1199 3429 traditam
1273 3382 1572 3447 quamdam
1641 3382 1711 3437 ab
1758 3386 2028 3464 apostolis

430 3459 740 3515 doctrinam
774 3463 1042 3530 audieris,
1072 3483 1238 3537 quam
1269 3485 1373 3526 nos
1396 3475 1755 3531 successione
1783 3459 2023 3547 quadam

432 3551 506 3604 ml
537 3567 641 3608 nos
662 3569 839 3625 usque
869 3570 1225 3629 propagatam
1264 3565 1615 3635 accepimus:
1647 3583 1772 3623 cum
1809 3586 1875 3626 eo
1900 3573 2025 3643 qui-

432 3642 557 3697 dem
596 3653 657 3698 ut
673 3645 939 3716 quidquid
969 3648 1228 3706 all‘eretur
1283 3653 1338 3707 in
1362 3656 1623 3717 medium,
1651 3658 1702 3713 id
1739 3660 1806 3714 ad
1839 3642 2031 3718 Salva-

432 3736 571 3791 teris
598 3735 905 3793 doctrinam
927 3742 1079 3796 velut
1105 3744 1348 3814 regulam
1394 3748 1668 3820 exigatur.
1708 3750 1836 3807 Haec
1882 3757 2028 3826 apud

436 3834 510 3893 te,
544 3825 703 3881 Flora
736 3844 897 3884 soror
941 3832 1293 3900 charissima,
1330 3838 1522 3908 paucis
1565 3844 2030 3913 comprehendere

430 3932 498 3973 ac
545 3919 830 3991 disputare
878 3926 1053 3995 potui,
1114 3930 1543 4003 summatimque
1568 3937 1883 4009 praescripsi
1916 3942 2026 3997 :ita

2141 2009 2303 2080 νήτου
2336 2011 2369 2080 ή
2408 2009 2567 2064 οὐσία
2607 2012 2759 2064 ἐστὶν
2801 2010 3083 2082 ἀφθαρσία
3129 2024 3191 2063 τε
3237 2009 3334 2064 καὶ¹
3367 2007 3483 2078 φῶς
3522 2006 3767 2075 αὐτόον,

2140 2102 2347 2157 ἀπλοῦν
2380 2119 2439 2157 τε
2477 2104 2572 2158 καὶ
2614 2102 2909 2176 μονοειδές.
2954 2104 3019 2157 Ἦ
3039 2102 3097 2157 δὲ
3121 2101 3331 2156 τούτων
3364 2101 3521 2155 οὐσία
3554 2100 3766 2172 διττὴν

2142 2195 2241 2269 μέν
2270 2215 2391 2252 τινα
2416 2197 2650 2269 δύναμιν
2692 2201 3042 2271 προήγαγεν·
3081 2197 3247 2262 αὐτὸς
3278 2196 3337 2252 δὲ
3364 2197 3459 2251 τοῦ
3491 2196 3763 2269 κρείττο-

2137 2288 2229 2353 νός
2259 2291 2407 2343 ἐστιν
2453 2290 2637 2345 εἰκών.
2682 2290 2831 2363 Μηδὲ
2873 2309 2934 2345 σε
2976 2291 3047 2346 τά
3091 2291 3187 2345 νῦν
3222 2290 3381 2345 τοῦτο
3412 2289 3757 2361 θορυϐείτω,

2137 2380 2400 2435 θέλουσαν
2432 2382 2646 2453 μαθεῖν,
2676 2382 2796 2446 πῶς
2827 2382 2936 2436 ἀπὺ
2969 2382 3099 2454 μιᾶς
3129 2382 3309 2454 ἀρχῆς
3334 2380 3445 2436 τῶν
3476 2379 3611 2434 ὅλων
3641 2379 3756 2433 οῦ·-

2139 2491 2241 2544 σης
2296 2475 2391 2529 καὶ
2435 2474 2879 2547 όμολογουμένης
2921 2477 3086 2548 ἡμῖν,
3134 2479 3227 2529 καὶ
3268 2472 3753 2544 πεπιστευμένης,

2133 2566 2230 2621 τοῦ
2262 2569 2283 2599 ³
2312 2570 2610 2639 ἀγεννήτου
2635 2609 2650 2633 ,
2693 2570 2789 2623 καὶ
2834 2568 3135 2640 ἀφθάρτου,
3185 2567 3280 2621 καὶ
3326 2566 3556 2637 ἀγαθῆς,
3603 2582 3755 2619 συν-

2135 2655 2373 2731 έστησαν
2416 2658 2512 2713 καὶ
2554 2651 2715 2713 αὗται
2750 2660 2806 2712 at
2847 2660 3058 2729 φύσεις,
3101 2658 3136 2727 ἧ
3170 2675 3231 2712 τε
3265 2659 3366 2727 τῆς
3392 2655 3596 2727 φθορᾶς
3635 2654 3753 2708 καὶ

2134 2751 2235 2822 τῆς
2275 2752 2572 2825 μεσότητος
2609 2751 2963 2823 ἀνομοούσιαι
3007 2745 3167 2805 αὗται
3206 2750 3583 2812 καθεστῶσαι,
3634 2747 3749 2801 τοῦ

2135 2840 2342 2909 ἀγαθοῦ
2373 2842 2534 2910 φύσιν
2568 2840 2785 2911 ἔχοντος
2810 2840 2877 2895 τὰ
2922 2842 3088 2911 ὅμοια
3117 2839 3312 2895 ἑαυτοῦ
3353 2840 3448 2893 καὶ
3471 2836 3753 2910 όμοοῦσια

2133 2933 2329 3003 γεννᾷν
2362 2949 2421 2987 τε
2455 2934 2551 2987 καὶ
2584 2934 2903 3005 προφέρειν.
2940 2932 3179 3009 Μαθήσῃ
3220 2933 3352 3005 γὰρ,
3387 2930 3521 2985 Θεοῦ
3561 2930 3769 2993 διδόν-,

2132 3041 2245 3089 τος,
2288 3025 2418 3097 ἑξῆς
2461 3027 2554 3079 καὶ
2598 3026 2698 3098 τὴν
2741 3026 2932 3080 τούτου
2977 3028 3152 3098 ἀρχήν
3208 3043 3269 3080 τε
3315 3025 3410 3078 καὶ
3454 3023 3745 3094 γέννησιν,

2133 3115 2430 3187 ἀξιουμένη
2455 3117 2557 3187 τῆς
2589 3116 2951 3188 ἁποστολικῆς,
2998 3116 3371 3189 παραδόσεως.
3406 3117 3473 3187 ἢν
3514 3117 3580 3170 ἐκ
3613 3116 3747 3183 διατ-

2133 3208 2296 3278 δοχῆς
2330 3210 2424 3262 καὶ
2446 3210 2609 3280 ἡμεῖς
2638 3209 3083 3281 παρειλήφαμεν,
3122 3209 3262 3280 μετά
3309 3208 3403 3263 καὶ
3442 3206 3536 3261 τοῦ
3574 3224 3750 3261 κανο-

2138 3299 2284 3353 νίσαι
2325 3305 2534 3365 πάντας
2562 3302 2690 3366 τοὺς
2729 3301 2921 3371 λόγους
2955 3304 3021 3374 τῇ
3064 3301 3158 3355 τοῦ
3195 3301 3448 3372 Σωτῆρος
3478 3299 3751 3353 διδασκα-

2136 3392 2245 3462 λίᾳ.
2275 3392 2465 3447 Ταῦτά
2496 3409 2601 3455 σοι,
2627 3387 2673 3447 ὧ
2704 3393 2910 3465 ἀδελφή
2947 3412 3048 3465 μου
3092 3393 3309 3465 Φλώρα,
3333 3392 3401 3447 δι’
3436 3392 3633 3460 ὀλίγων
3662 3393 3751 3444 εί-

2138 3485 2354 3556 ρημένα
2380 3486 2479 3538 οὐκ
2502 3485 2744 3557 ἡτόνησα
2771 3486 2869 3558 (4),
2897 3487 2993 3540 καὶ
3038 3485 3101 3539 τὸ
3130 3487 3230 3556 τῆς
3276 3485 3571 3557 συντομίας
3601 3500 3751 3555 προ·

2134 3578 2384 3650 ἐγραψα·
2420 3577 2536 3650 ἅμα
2587 3579 2686 3651 μὲν
2717 3579 2779 3633 τὺ
2822 3580 3186 3653 προκείμενον
3231 3577 3596 3650 ἀποχρώντως
3650 3577 3751 3642 ἐξο

2141 3669 2336 3741 ἐφηνα,
2376 3669 2413 3724 ἃ
2451 3670 2545 3724 καὶ
2587 3672 2668 3734 εἰς
2704 3671 2774 3724 τά
2823 3672 2950 3742 ἑξῆς
3003 3673 3072 3725 τὰ
3105 3671 3342 3743 μέγιστά
3396 3687 3479 3723 σοι
3528 3669 3751 3740 συμϐα-

2139 3762 2333 3829 λεῖται,
2378 3765 2473 3819 ἐάν
2510 3780 2597 3833 γε,
2641 3764 2720 3828 ώς
2780 3765 2919 3837 καλὴ
2963 3767 3034 3835 γῆ
3087 3766 3184 3821 καὶ
3237 3765 3437 3836 ἀγαθὴ,
3494 3764 3749 3835 γονίμων

2140 3858 2475 3930 σπερμάτων
2531 3858 2791 3931 τυχοῦσα,
2826 3860 2920 3913 τὸν
2976 3859 3048 3913 δι’
3102 3858 3283 3912 αὐτῶν
3332 3857 3546 3929 καρπὸν
3604 3858 3747 3911 ἀνα-

2135 3948 2337 4022 δείξῃς.

433 4021 616 4067 tamen
660 4022 719 4069 ut
766 4018 913 4087 quod
957 4029 1077 4074 erat
1121 4025 1507 4093 propositum,
1561 4037 1830 4100 quantum
1881 4037 2017 4092 satis
2056 4050 2224 4105 esset,
2259 4018 2607 4114 explicarim.
2674 4044 2849 4112 Quam
2903 4061 3016 4099 rem
3063 4044 3326 4114 deinceps
3388 4056 3591 4114 magno
3640 4041 3748 4097 tibi

431 4105 554 4158 usui
592 4104 707 4162 fore
734 4108 989 4164 conﬁdo:
1023 4110 1070 4166 si
1102 4112 1282 4181 modo,
1351 4118 1579 4187 perinde
1639 4136 1704 4177 ac
1768 4123 1948 4182 bonus
1993 4143 2124 4200 ager
2161 4104 2219 4188 et
2257 4104 2560 4199 ίεέιιιιύιιε,
2613 4147 2841 4207 excepta
2899 4136 3113 4192 semina
3162 4137 3437 4191 fructuum
3487 4137 3747 4192 ubertate

429 4214 779 4270 compenses.

636 4318 907 4377 Hactenus
936 4322 1212 4381 Ptolemaei
1243 4327 1312 4381 ad
1341 4326 1563 4385 Florum
1599 4334 1844 4404 epistola.

504 4449 637 4503 Vlll.
674 4451 811 4518 Quis
843 4454 1114 4524 ejusmodi
1147 4458 1462 4523 verborum,
1497 4478 1562 4515 ac
1595 4465 2025 4541 circumforanei

2214 4341 2644 4412 Πεπλήρωνται
2677 4343 2749 4398 τὰ
2784 4343 3160 4413 Πτολεμαίου
3194 4343 3345 4413 πρὸς
3383 4343 3656 4413 Φλώραν.

2199 4476 2283 4530 H’.
2319 4476 2417 4540 Τίς
2439 4476 2496 4530 δὲ
2537 4477 2742 4532 τούτων
2765 4478 2876 4532 τῶν
2913 4479 3199 4551 ῥημάτων,
3225 4479 3323 4533 καὶ⁸
3350 4479 3452 4550 τῆς
3481 4478 3579 4534 τοῦ
3610 4479 3742 4551 γόη-

431 4540 619 4611 hujus,
656 4545 1112 4617 asseclarumque
1157 4550 1300 4617 ejus,
1355 4552 1706 4613 Ptolemaeum
1746 4574 1811 4614 ac
1840 4540 2026 4619 socios

2139 4585 2225 4630 τος
2256 4567 2468 4627 τούτου.
2503 4570 2723 4641 καὶτῆς
2755 4572 2865 4625 τῶν
2899 4540 2999 4627 σὺν
3040 4571 3193 4643 αὐτῷ
3229 4571 3481 4638 ἀνέξεται
3541 4591 3738 4644 φρενο-

431 4635 701 4706 intelligo,
740 4639 1022 4693 vesaniam
1076 4644 1252 4711 possit
1282 4648 1582 4715 sustinere,
1613 4653 1707 4720 qui
1738 4654 2022 4725 ineptissi-

431 4741 551 4782 nias
585 4726 800 4783 fabulas
827 4730 901 4785 ita
929 4731 1279 4789 confundunt
1304 4750 1370 4792 ac
1399 4743 1714 4796 consuunt?
1734 4742 1853 4799 Non
1874 4749 2022 4802 enim

428 4819 726 4891 quisquam
760 4837 825 4877 ex
855 4823 1104 4894 antiquis
1130 4827 1239 4884 illis
1292 4830 1690 4900 tragtediarum
1732 4837 2024 4907 scriptori-

427 4913 555 4979 bus,
587 4922 683 4969 aut
707 4931 773 4970 ex
801 4918 1205 4986 posterioribus
1243 4923 1449 4987 mimis,
1504 4928 1687 4997 qualis
1739 4929 2017 5001 Philistio,

425 5016 483 5061 et
532 5006 804 5079 Diogenes
867 5007 989 5077 fuit,
1049 5011 1144 5081 qui
1190 5013 1531 5072 incredibilia
1577 5020 1830 5090 scripsit:
1863 5037 1958 5079 aut
1991 5042 2022 5081 e

428 5101 658 5171 reliquis
743 5104 1002 5161 omnibus
1068 5106 1381 5166 fabularum
1442 5125 1537 5169 aut
1597 5116 2017 5187 rhapsodiarum

426 5195 770 5260 auctoribus,
831 5204 942 5253 tam
1009 5198 1272 5255 immania
1323 5206 1674 5262 comminisci
1732 5211 2016 5265 mendacia

428 5293 745 5353 potuerunt,
766 5289 942 5361 .223
964 5292 1151 5361 qualia
1183 5294 1487 5353 nebulones
1519 5300 1608 5354 isti
1642 5304 1920 5371 propriam
1963 5302 2017 5357 iu

427 5377 723 5441 perniciem
754 5384 1119 5440 exsecrabilia
1167 5386 1553 5462 horrendaque
1618 5391 2006 5449 fabricat-unt:

423 5466 626 5534 quibus
643 5477 976 5529 sectatorum
991 5478 1205 5535 animos
1224 5482 1571 5539 stultissimis
1588 5488 2012 5557 qua-stionibus,

498 5641 513 5675 ³
552 5642 748 5699 Matth.
782 5662 895 5712 xu.
937 5651 1021 5708 l7.
1097 5655 1265 5713 ‘Cor.
1296 5659 1414 5729 τῆς.

2133 4661 2413 4729 ϐλαϐείας,
2444 4663 2782 4735 Πτολεμαίου
2813 4681 2893 4728 τε,
2924 4666 3089 4737 φημὶ,
3124 4666 3219 4719 καὶ
3248 4665 3357 4719 τῶν
3396 4669 3536 4737 ἀμφ’
3571 4668 3738 4721 αὐτὸν

2128 4754 2209 4816 είς
2236 4755 2490 4807 τοσοῦτον
2535 4754 2831 4809 κυκώντων
2867 4755 2962 4809 καὶ
3006 4757 3353 4810 καττυόντων
3398 4758 3735 4827 πλάσματα;

2131 4843 2269 4898 Οὔτε
2300 4845 2410 4917 γὰρ
2454 4846 2562 4900 τῶν
2612 4847 2857 4901 παλαιῶν
2892 4847 3317 4919 τραγῳδοποιῶν
3359 4866 3466 4913 τις,
3504 4848 3633 4902 οὔτε
3683 4849 3736 4901 οἱ

2127 4939 2364 5011 καθεξῆς
2417 4940 2649 5011 μιμηλοὶ
2697 4939 2788 4994 τὸν
2836 4941 3059 5013 τρόπον,
3100 4945 3151 4995 οἱ
3200 4943 3330 5014 περὶ
3379 4943 3729 5003 Φιλιστίωνα,

2128 5031 2225 5085 καὶ
2265 5030 2516 5103 Διογένη,
2560 5032 2654 5085 τὸν
2700 5032 2767 5086 τά
2809 5034 3018 5087 ἄπιστα
3062 5034 3375 5105 γράψαντα,
3413 5036 3447 5107 ἢ
3489 5037 3539 5089 οἱ
3583 5036 3732 5089 ἄλλοι

2104 5125 2354 5188 -πάντες,
2402 5128 2453 5179 ot
2496 5126 2624 5189 τοὺς
2666 5125 2872 5196 μύθους
2919 5128 3372 5199 ἀναγεγραφότες
3439 5130 3533 5183 καὶ
3592 5129 3729 5201 ῥαψ-

2124 5213 2456 5285 ῳδήσαντες,
2475 5215 2729 5271 τοσοῦτον
2774 5216 2973 5287 ψεῦδος
3007 5218 3357 5289 ἠδυνήθησαν
3387 5219 3724 5282 ὲκτυπῶσαι,

2123 5306 2202 5369 ὡς
2226 5299 2374 5360 οὗτοι
2402 5308 2695 5381 τολμηρῶς
2722 5310 3037 5395 φερόμενοι,
3047 5312 3187 5382 μετά
3219 5312 3321 5381 τῆς
3347 5313 3557 5367 ἑαυτῶν
3583 5313 3728 5384 ζωῆς

2123 5399 2274 5455 δεινά
2302 5402 2518 5468 ἑαυτοῖς
2551 5406 2987 5470 κατεσκεύασαν,
3025 5407 3120 5460 καὶ
3142 5407 3234 5460 τὸν
3258 5405 3382 5463 νοῦν
3407 5408 3519 5461 τῶν
3544 5406 3723 5460 πειθο-

2128 5490 2302 5561 μένων
2347 5494 2531 5560 αὐτοῖς
2570 5495 2875 5569 ἀνθρώπων
2913 5500 2993 5563 εἰς
3035 5498 3224 5571 μωρὰς
3267 5499 3525 5573 ζητήσεις
3568 5514 3722 5571 7“?"

416 5778 425 5785 ’
493 5797 573 5871 (ὅ)
612 5797 695 5853 Δί’
726 5800 943 5872 ὀλίγων
978 5808 1258 5877 εἰρημένα
1286 5816 1395 5868 cex
1440 5816 1727 5886 ἠτόινισα.
1769 5819 1930 5879 Forte
1969 5824 2032 5893 ἐφ

2139 5811 2264 5897 ησα.
