3982 6422
201 424 303 481 569

956 421 1329 480 ADVERSUS
1370 423 1713 483 [UERESES
1750 424 1877 480 LIB.
1923 426 1962 484 l.
2005 429 2166 486 TOM.
2209 430 2273 488 ll.
2312 465 2378 477 -δ
2421 432 2697 489 ΠᾹΞΠΕΒ.
2733 434 2977 492 XXXIII.

3321 478 3331 495 ι
3372 434 3476 499 570

200 538 415 600 ἔϐαλον,
457 538 555 592 καὶ
596 537 948 609 γενεαλογίας
991 541 1332 611 ἀπεράντους
1351 583 1365 608 ,
1407 545 1564 599 αὐτοὶ
1600 545 1670 600 τὰ
1727 547 1787 599 ἐν

1893 550 2305 622 acgenealogiis
2345 550 2887 621 interminabilibus‘
2942 554 3317 624 implicarunt,
3347 571 3476 613 cum
3515 552 3520 577 ‘

199 630 359 701 χερσὶ
391 627 466 700 μὴ
494 628 868 700 ἐπιστάμενοι,
905 630 999 684 καὶ
1026 630 1098 685 τὰ
1122 633 1420 705 ἐπουράνια
1454 633 1788 704 ἐπαγγελλόο

203 735 358 790 μενοι
407 718 628 790 μέτροις
657 721 797 774 τισὶν
824 721 1118 793 όροθετεῖν,
1154 724 1246 777 καί
1284 743 1444 779 τινων
1475 725 1789 797 μαιωτικῶν

204 807 453 879 μητρῶν,
483 809 561 873 ὡς
585 811 922 883 ἐπουρανίων
950 812 1194 884 μητρῶν,
1228 814 1305 878 ῶς
1349 815 1709 887 ὑπαρχουσῶν
1745 816 1785 880 ¹,

201 900 518 971 ἐπιστήμας
543 901 945 973 ἁναδεχόμενοι.
998 904 1261 970 Ἀκούσας
1292 905 1347 960 δέ
1377 925 1459 970 τις
1484 907 1634 979 παρὰ
1659 906 1786 961 τού-

199 1006 334 1056 των,
364 992 415 1043 εἰ
448 990 545 1060 μὲν
574 990 682 1045 τῶν
709 993 1123 1063 ἀφρονεστάτων
1151 995 1259 1068 εἴη,
1304 996 1380 1067 τῷ
1415 997 1599 1067 ψεύδει
1636 999 1788 1068 νομί·

201 1079 295 1144 ζον
341 1098 397 1134 τι
427 1083 447 1112 ¹⁵
489 1082 619 1152 παρ’
656 1083 839 1146 αὐτοῖς
883 1084 1172 1155 μετάρσιον
1214 1087 1544 1155 ἐγνωκέναι,
1590 1088 1786 1160 ῥᾳδίως

199 1171 606 1245 ὑπαχθήσεται⁹
641 1172 764 1227 Ὅτι
802 1173 929 1229 πᾶν
976 1175 1186 1244 ὄρνεον
1233 1176 1382 1232 κατὰ
1421 1178 1595 1249 γένος
1638 1196 1788 1235 συν-

196 1264 428 1334 άγεται,
460 1265 559 1320 καὶ
597 1264 679 1331 τῷ
710 1266 892 1335 ὁμοίῳ
925 1267 1371 1336 κολληθήσεται
1415 1271 1591 1340 ἀνὴρ,
1623 1274 1788 1344 φησιν

196 1357 234 1427 ἡ
268 1356 485 1427 Γραφή.
518 1358 582 1410 Εἰ
618 1356 677 1409 δέ
717 1375 798 1422 τις
853 1357 1005 1430 τύχοι
1043 1361 1228 1426 αὐτοῖς
1259 1362 1369 1417 τῶν
1407 1365 1663 1430 συνετῶν,
1694 1368 1788 1420 καὶ

197 1449 292 1501 τὸν
313 1447 537 1516 εὔλογον
573 1449 834 1521 λογισμὸν
878 1453 1253 1523 κεκτημένων,
1296 1457 1655 1525 καταγελάσει
1690 1457 1786 1527 μὲν

195 1539 300 1609 τῆς
328 1539 599 1611 τοσαύτης
625 1539 918 1612 ληρῳδίας,
948 1545 1041 1597 ἀπ’
1070 1546 1240 1616 αὐτῆς
1267 1546 1324 1600 δὲ
1350 1549 1448 1618 τῆς
1480 1549 1788 1615 ὑποθέσεως

195 1629 308 1682 τῶν
341 1632 471 1700 παρ’
502 1631 681 1694 αὐτοῖς
718 1630 1025 1702 λεγομένων
1070 1634 1167 1705 τὴν
1211 1637 1521 1710 ἀνατροπὴν
1560 1640 1783 1694 εἴσεται.

210 1720 559 1791 Ἐλέγχονται
585 1722 692 1793 γὰρ
724 1716 867 1776 οὗτοι
899 1725 1209 1780 παντάπασι
1240 1727 1360 1780 καθ’
1388 1730 1596 1784 ἑαυτῶν
1631 1731 1786 1784 ὁπλι-

195 1809 419 1881 ζόμενοι
450 1810 519 1865 τὰ
554 1811 724 1882 ψεύδη
756 1814 856 1884 τῆς
890 1815 1069 1868 αὑτῶν
1098 1820 1510 1887 ματαιοπονίας.

268 2086 446 2141 Πόθεν
469 2087 577 2159 γὰρ
608 2088 756 2156 ὑμῖν,
791 2082 836 2142 ὦ
864 2083 1009 2146 οὗτοι
1036 2092 1358 2163 Πτολεμαῖοί
1385 2112 1444 2147 τε
1476 2095 1569 2149 καὶ
1597 2095 1789 2151 Πτολε-

200 2182 383 2251 μαῖαι,
433 2180 526 2233 τοῦ
571 2180 739 2235 Βυθοῢ
780 2182 850 2236 τὰ
897 2183 1090 2255 μέτρα,
1138 2186 1231 2238 καὶ
1277 2188 1334 2239 αί
1374 2187 1636 2259 μαιώσεις
1684 2193 1788 2248 τῶν

196 2271 461 2337 τοκετῶν,
503 2274 597 2326 καὶ
628 2276 958 2346 γεννητικῶν
998 2279 1306 2333 ὑποθέσεων
1345 2282 1378 2352 ἡ
1418 2283 1654 2351 γνῶσις;
1698 2287 1784 2352 Ὧι,

200 2364 313 2436 γὰρ
348 2365 630 2437 παρόντες,
662 2367 757 2419 καὶ
793 2368 899 2421 τῶν
937 2370 1271 2441 ἐπουρανίων
1303 2374 1401 2438 τὰς
1443 2374 1633 2443 φύσεις
1665 2378 1791 2433 θεα-

202 2456 454 2526 σάμενοι,
493 2458 585 2511 καὶ
617 2458 692 2523 ῶς
718 2460 871 2514 αὐτοὶ
912 2462 1168 2532 προόντες
1202 2465 1297 2518 τοῦ
1342 2468 1471 2540 παρ’
1499 2469 1651 2538 ὑμῶν
1688 2471 1790 2524 Βυ-

208 2547 305 2600 θοῢ
343 2547 697 2619 καλουμένου,
729 2552 1130 2619 ἐπαγγέλλεσθε
1149 2556 1247 2628 τὴν
1276 2555 1482 2629 εἴδησιν
1506 2560 1637 2630 ἡμῖν
1668 2562 1791 2615 ὑπο-

196 2639 496 2702 δείκνυναι,
526 2640 736 2706 οὐδενὸς
772 2641 989 2697 πώποτε
1021 2644 1130 2699 τῶν
1177 2649 1473 2719 προφητῶν
1513 2651 1674 2705 τοῦτο
1714 2656 1791 2707 εί-

199 2729 457 2800 ρηκότος,
487 2731 589 2785 οὑκ
612 2733 775 2787 αὑτοῦ
807 2736 1103 2801 Μωῢσέως,
1140 2739 1201 2793 οὑ
1225 2739 1337 2795 τῶν
1368 2742 1472 2813 πρὸ
1505 2744 1690 2807 αὑτοῦ,
1728 2747 1789 2799 οὑ

196 2821 310 2873 τῶν
338 2823 455 2892 μετ’
478 2823 635 2878 αὑτὸν
654 2866 670 2890 ,
701 2828 760 2880 ού
791 2828 900 2880 τῶν
943 2830 1364 2899 εὑαγγελιστῶν,
1406 2836 1466 2887 οὺ
1512 2836 1617 2890 τῶν
1657 2839 1791 2891 ἁπο-

202 2912 437 2966 στόλων·
494 2916 541 2968 εί
587 2916 663 2989 μὴ
709 2915 816 2989 ἄρα
856 2919 923 2973 τὰ
963 2921 1233 2992 ἐονόμυθα
1284 2929 1567 2997 ποιήματα
1612 2928 1791 2992 εἴποις

198 3004 310 3055 τῶν
363 3005 492 3074 περὶ
546 3006 746 3078 Ὀρφέα
799 3027 858 3062 τε
916 3012 1009 3064 καὶ
1052 3012 1331 3081 Ἡσίοδον,
1388 3016 1482 3069 καὶ⁸
1535 3019 1790 3089 Στησίχοσ

200 3111 296 3165 ρον
344 3095 456 3167 (5),
514 3099 640 3169 παρ’
672 3097 751 3163 οἷς
792 3103 845 3155 αξ
902 3102 1011 3156 τῶν
1067 3106 1369 3178 ἀνθρώπων
1425 3114 1609 3178 γενεαὶ
1665 3131 1793 3183 μετ-

198 3186 539 3257 εποιήθησαν
570 3191 650 3254 είς
686 3190 821 3244 θεῶν
853 3194 1188 3266 ἐπωνυμίας,
1234 3199 1327 3251 καὶ
1361 3199 1428 3254 τὰ
1479 3201 1539 3253 ὲν
1580 3202 1790 3274 ἀνθρὼ-

197 3292 324 3341 ποις
368 3279 726 3350 τετελεσμένα
769 3285 1063 3354 ποιητικῶς
1104 3287 1618 3364 ἐδραματουργήθη.
1669 3296 1776 3350 Κά-

196 3372 370 3422 κεῖνοι
407 3370 514 3441 γὰρ
542 3370 712 3436 οὕτως
750 3373 1026 3444 ἐνόμισαν,
1065 3379 1448 3448 ἐκθειάσαντες
1484 3385 1609 3449 τοὺς
1660 3389 1788 3459 περὶ

156 3528 167 3536 .
195 3460 321 3524 Δία,
358 3462 455 3514 καὶ
495 3462 674 3526 Ῥέαν,
717 3468 808 3520 καὶ
832 3468 1029 3539 ”Ηραν,
1059 3473 1153 3525 καὶ
1193 3474 1445 3545 Ἀθηνᾶν,
1474 3478 1568 3530 καὶ
1599 3480 1790 3534 Ἀπόλ-

195 3551 367 3618 λωνα,
402 3552 499 3605 καὶ
536 3554 872 3628 Ἀφροδίτην,
904 3561 997 3613 καὶ
1024 3560 1122 3626 τὰς
1145 3564 1349 3619 τούτων
1379 3567 1790 3640 κακίας³γονὰς

196 3645 554 3716 τιμήσαντες,
586 3649 664 3712 είς
704 3650 1002 3716 φαντασίαν
1049 3655 1336 3723 πολυθεῒας
1375 3662 1469 3715 καὶ
1506 3663 1792 3718 εἰδωλολα-

194 3735 387 3805 τρείας
422 3735 511 3789 τὸν
536 3736 738 3805 κόσμον
778 3734 1048 3798 ἐνέϐαλον.
1091 3745 1249 3801 Ἀλλὰ
1277 3749 1458 3805 οὐκέτι
1490 3770 1582 3823 μοι
1617 3755 1786 3826 πολλή

193 3840 283 3888 τις
314 3826 470 3897 χρεία
512 3831 799 3901 γενήσεται
828 3834 906 3897 είς
935 3836 1040 3907 τήν
1073 3854 1187 3903 σου,
1222 3833 1268 3892 ὧ
1308 3841 1633 3913 Πτολεμαῖε,
1662 3846 1790 3901 ἀνα-

194 3920 413 3990 τροπήν
457 3935 517 3972 τε
566 3923 661 3975 καὶ
702 3923 942 3997 ἔλεγχον,
979 3929 1072 3982 καὶ¹
1118 3931 1226 3983 τῶν
1261 3934 1402 3988 κατὰ
1435 3937 1512 4000 σέ,
1543 3938 1644 4009 ἤδη
1683 3940 1791 3995 τῶν

202 4008 316 4059 σῶν
350 4012 710 4084 προπατόρων
740 4017 830 4069 τὸν
867 4017 1084 4090 ἔλεγχον
1117 4021 1316 4087 ἱκανῶς
1348 4008 1665 4098 εἰληφότων.
1694 4032 1791 4084 Διά

202 4098 315 4151 τῶν
349 4106 762 4174 προειρημένων
799 4108 897 4178 τὴν
928 4111 1069 4164 κατά
1093 4112 1185 4165 σοῦ
1221 4116 1484 4188 αἰσχύνην
1517 4123 1788 4193 συστησάσ⁸

207 4204 389 4261 μενος,
420 4193 647 4265 διέξειμι
675 4196 772 4269 τὴν
803 4199 910 4251 τῶν
942 4201 1145 4273 ἐτέρων
1174 4205 1402 4277 πλάνην,
1436 4208 1568 4263 Θεὸν
1599 4213 1792 4268 ἐπικα-

194 4284 465 4355 λούμενος
514 4287 799 4361 ἐπίκουρον
848 4291 950 4362 τῆς
1007 4294 1164 4364 ἡμῶν
1213 4300 1597 4373 μετριότητος,
1642 4306 1790 4371 ὅπως

191 4376 306 4469 τὴν
352 4379 483 4449 παρ’
529 4381 743 4453 ἑκάστῳ
782 4382 921 4437 έθνει
961 4387 1145 4452 κακῶς
1187 4391 1610 4469 ὲπινενοημένην
1656 4400 1788 4452 ὑπό-

193 4466 357 4519 θεσιν
392 4469 629 4540 φωράσω
670 4489 727 4525 τε
766 4475 860 4527 καὶ
911 4472 1284 4546 θριαμϐεύσω,
1321 4481 1412 4535 ἐπὶ
1450 4487 1514 4555 τῇ
1555 4466 1792 4557 ἐπαγγε-

190 4557 293 4628 λία
331 4557 435 4623 τῆς
467 4559 703 4628 σπουδῆς
733 4562 883 4633 παρὰ
909 4563 1044 4618 Θεοῦ
1078 4567 1397 4639 αἰτούμενος
1418 4572 1516 4644 τὴν
1543 4575 1723 4647 χάριν.

1889 654 1958 696 ne
1992 656 2054 696 ea
2075 643 2293 712 quidem
2320 644 2548 710 scirent,
2581 661 2703 715 quae
2726 646 2781 700 in
2812 647 3064 703 manibus
3112 656 3241 704 sunt
3273 651 3474 719 posita,

1889 742 1943 790 et
1974 735 2143 790 certis
2166 735 2383 790 interim
2422 739 2698 794 mensuris
2728 739 2973 794 caelestia
3000 755 3061 795 se
3099 738 3330 796 delinire
3346 757 3478 812 pro-

1888 824 2194 892 ﬁterentur,
2231 834 2396 897 atque
2441 828 2920 884 obstetric‘antinm
2964 832 3329 901 quorumdam
3350 840 3473 888 ute-

1888 932 2076 973 rorum
2130 919 2281 973 velut
2322 919 2629 975 caelestium
2679 922 2992 985 matricum,
3032 925 3114 978 rei
3142 923 3301 994 plane
3322 938 3474 989 comg

1888 1010 2169 1075 mentitize,
2205 1012 2287 1068 sic
2342 1020 2604 1082 tanquam
2675 1029 2818 1067 vera:
2849 1013 3145 1084 solidaeque
3189 1015 3473 1070 scientiam

1887 1118 1997 1173 prae
2024 1119 2086 1159 se
2109 1101 2331 1159 ferrent.
2385 1105 2709 1174 Cujusmodi
2763 1108 2857 1176 qui
2907 1107 3124 1162 abillis
3177 1107 3385 1171 audiat,
3421 1106 3471 1161 si

1890 1198 2051 1265 paulo
2078 1197 2429 1266 insipientior
2482 1199 2575 1264 sit,
2614 1199 2851 1255 sublime
2899 1198 3158 1268 quiddam
3207 1214 3267 1255 se
3325 1197 3470 1269 apud

1889 1288 2013 1343 illos
2048 1289 2308 1345 didicisse
2337 1297 2515 1354 ratus,
2576 1289 2736 1345 facile
2792 1289 3203 1345 mendaciorum
3253 1288 3467 1344 lenoci-

1888 1381 2000 1435 niis
2032 1381 2325 1436 inducetur
2351 1399 2363 1435 :
2395 1378 2662 1447 Quoniam
2686 1382 2796 1437 avis
2823 1383 2992 1436 omnis
3012 1381 3292 1436 secundum
3309 1396 3469 1451 genus

1887 1488 2043 1525 suum
2076 1480 2447 1542 congregatur,
2476 1482 2525 1526 et
2556 1473 2725 1526 omnis
2777 1473 2932 1525 homo
2964 1471 3130 1525 simili
3162 1470 3248 1525 sui
3296 1471 3470 1524 socia-

1888 1562 2051 1625 bitur,
2082 1564 2159 1617 ait
2187 1561 2471 1633 Scriptura
2492 1563 2537 1618 ⁵.
2568 1562 2664 1617 Sin
2697 1563 2862 1633 paulo
2918 1561 3311 1631 intelligentior
3363 1560 3468 1613 ali-

1887 1650 2034 1719 quis,
2073 1665 2138 1705 ac
2184 1658 2336 1705 recto
2379 1650 2590 1719 judicio
2646 1653 2908 1721 praeditus
2965 1658 3242 1711 occurrat.
3297 1663 3473 1719 nugas

1888 1741 2011 1797 illas
2039 1741 2369 1798 deridendas
2410 1742 2645 1812 putabit,
2697 1748 2865 1812 atque
2892 1758 2958 1798 ex
3000 1743 3110 1797 illis
3163 1743 3296 1811 ipsis
3349 1755 3473 1809 qua:

1887 1833 2643 1903 disputantquemadmodum
2668 1833 2904 1889 refutari
2937 1836 3150 1902 possint
3184 1833 3468 1903 perspicit.

1815 1912 1858 1966 Β
1890 1922 1946 1979 Si
1975 1923 2195 1993 quidem
2215 1925 2332 1979 suis
2366 1924 2470 1993 ipsi
2495 1923 2815 1979 vanissimis
2852 1924 3154 1980 mendaciis
3175 1932 3369 1979 contra
3407 1939 3469 1979 se

1890 2011 2086 2066 armati
2115 2026 2240 2067 esse
2266 2011 2485 2081 penitus
2510 1998 2838 2082 arguuntur.

1961 2121 2095 2176 Volo
2115 2123 2262 2177 enim
2293 2123 2426 2177 mihi
2462 2123 2865 2191 respondeatis,
2896 2139 2930 2178 ο
2961 2123 3233 2179 Ptolemaei
3277 2140 3469 2180 omnes

1889 2229 1955 2270 ac
1999 2214 2338 2270 Ptolemaeus!
2397 2214 2542 2270 unde
2570 2216 2676 2270 illae
2713 2217 2869 2273 vobis
2901 2218 3056 2288 Bythi
3091 2233 3381 2284 mensurae,
3406 2232 3470 2272 ac

1890 2313 2148 2377 partuum
2204 2307 2710 2372 obstetricationes,
2744 2317 2799 2363 et
2843 2310 3121 2363 variarum
3157 2309 3472 2378 generatio-

1889 2413 2021 2453 num
2050 2399 2309 2469 cognitio.
2346 2397 2437 2452 Sic
2465 2400 2610 2453 enim
2675 2410 2934 2468 tanquam
2965 2406 3263 2468 praesentes
3289 2399 3469 2453 inter-

1889 2488 2129 2552 fueritis,
2164 2503 2228 2544 ac
2256 2490 2563 2544 cmlestium
2631 2498 2885 2544 naturam
2915 2489 3268 2559 contemplati
3318 2489 3466 2553 sitis,

1893 2578 2005 2633 imo
2036 2577 2268 2649 Bythum
2308 2578 2464 2632 illum
2503 2585 2746 2634 vestrum
2790 2576 3222 2640 antecesseritis,
3272 2592 3466 2633 earnm

1893 2668 2053 2723 nobis
2086 2683 2269 2724 rerum
2326 2668 2613 2723 scientiam
2659 2668 2972 2725 ostenditis.
3004 2668 3171 2738 Atqui
3208 2668 3393 2723 nullus
3415 2668 3472 2725 id

1893 2775 2134 2830 unquam
2169 2761 2606 2830 eprophetarum
2642 2775 2872 2816 numero
2900 2761 3065 2815 dixit:
3110 2774 3218 2815 non
3257 2759 3474 2831 Moyses

1892 2852 2049 2921 ipse;
2077 2867 2187 2906 non
2243 2850 2428 2923 Moyse
2478 2854 2631 2922 prior
2674 2854 2878 2923 aliquis
2908 2854 2992 2907 vel
3030 2853 3326 2922 posterior,
3365 2867 3475 2908 non

1893 2942 2383 3011 evangelistarum,
2404 2958 2513 2996 non
2531 2943 2904 3011 apostolorum
2914 2942 3160 3012 denique
3176 2942 3472 3011 quispiam.

1891 3032 2007 3090 Nisi
2036 3033 2174 3088 forte
2211 3033 2280 3087 ad
2320 3034 2601 3102 gentilium
2635 3042 2881 3103 poemata
2940 3032 3251 3103 confugias,
3291 3033 3474 3103 qualia

1892 3138 2027 3181 sunt
2055 3124 2282 3195 Orphei,
2316 3125 2563 3189 Hesiodi,
2593 3123 2915 3188 Stesichori,
2944 3126 3088 3194 apud
3124 3140 3265 3195 quos
3291 3126 3473 3180 homi-

1894 3235 2024 3274 num
2058 3220 2438 3290 generationes
2483 3220 2552 3274 ad
2594 3219 2822 3274 deorum
2872 3217 3265 3288 appellationes
3285 3226 3473 3272 trans-

1892 3311 2015 3365 latae
2074 3317 2222 3375 sunt,
2259 3323 2434 3379 eaque
2461 3326 2583 3380 quae
2610 3311 2755 3364 inter
2780 3309 3037 3364 mortales
3062 3316 3214 3378 gesta
3243 3306 3470 3363 fuerant

1889 3403 2107 3474 poetico
2147 3418 2300 3458 more
2325 3402 2687 3458 conformata.
2714 3401 2838 3457 Fuit
2885 3403 3029 3457 enim
3087 3402 3469 3470 hujuscemodi

1891 3496 2110 3551 illorum
2168 3495 2377 3565 Opinio,
2406 3510 2531 3550 cum
2582 3492 2795 3559 Jovem,
2835 3509 2899 3547 ac
2952 3493 3180 3557 Rheam,
3214 3502 3268 3548 et
3298 3491 3476 3548 Juno-

1891 3602 2059 3653 nem,
2114 3583 2437 3663 Palladem,
2479 3586 2785 3656 Apollinem
2848 3582 3224 3654 Venet-eritque
3274 3584 3477 3639 divinis

1892 3678 2194 3732 honoribus
2221 3684 2634 3739 consecrantes,
2660 3690 2961 3745 eorumque
2988 3675 3281 3745 pessimam
3309 3674 3478 3729 sobo-

1892 3770 1996 3825 lem
2036 3770 2304 3834 venerati,
2349 3776 2522 3824 totum
2580 3769 2767 3824 orbem
2803 3769 3078 3823 variorum
3148 3767 3377 3822 deorum
3412 3780 3477 3819 ac

1893 3858 2315 3913 simulacrorum
2347 3859 2594 3912 inanium
2639 3859 2925 3914 erroribus
2963 3858 3300 3912 imbuerunt.
3345 3855 3475 3909 Mihi

1890 3964 2021 4003 vero
2050 3949 2118 4003 ad
2149 3956 2316 4014 tuam,
2350 3965 2384 4002 o
2411 3948 2699 4005 Ptolenuee
2720 3991 2734 4015 ,
2764 3957 3096 4017 tuorumque
3135 3946 3464 4002 confutatio-

1892 4056 2015 4094 nem
2043 4039 2177 4093 nihil
2208 4040 2415 4093 idcirco
2435 4054 2765 4109 magnopere
2783 4041 3173 4108 requirendum
3206 4045 3311 4098 est,
3331 4037 3478 4105 quod

1892 4131 2132 4200 majores
2164 4137 2288 4183 tuos
2315 4118 2533 4184 abunde
2585 4128 2699 4197 jam
2747 4130 3072 4184 rei‘ellimus.
3120 4128 3303 4193 Quare
3348 4138 3476 4182 'cum

1892 4236 1957 4275 cx
1989 4220 2057 4275 iis
2090 4236 2211 4289 qua:
2237 4218 2385 4272 dicta
2424 4226 2573 4282 sunt,
2608 4233 2771 4289 quam
2830 4217 3083 4289 pudenda
3127 4220 3240 4273 sint
3262 4226 3356 4271 tua
3387 4219 3478 4272 illa

1892 4312 2145 4381 dogmata
2173 4310 2509 4366 declaratum
2549 4309 2735 4373 fuerit,
2764 4310 3053 4380 implorata
3103 4309 3268 4382 224.
3316 4310 3474 4379 prius

1892 4420 1995 4473 ope
2018 4401 2289 4470 Numinis,
2323 4405 2403 4456 uti
2429 4418 2561 4457 meae
2592 4402 2849 4458 tenuitati
2883 4414 3191 4462 succurrat.
3220 4403 3286 4456 ad
3327 4403 3470 4456 aliu-

1893 4508 2014 4547 rum
2044 4491 2418 4548 discutiendos
2466 4507 2683 4551 errores
2726 4507 2812 4546 me
2847 4491 3154 4557 conferam,
3179 4501 3238 4547 ut
3269 4506 3391 4565 quae
3422 4494 3477 4549 in

1830 4579 1878 4636 D
1906 4597 2236 4654 unaquaque
2265 4592 2425 4653 gente
2447 4584 2717 4652 pestiferae
2746 4583 3036 4657 opiniones
3059 4585 3295 4644 inventa:
3317 4598 3473 4650 sunt.

189 4666 299 4756 eas
346 4650 632 4721 detegam;
706 4668 770 4710 ac
806 4656 873 4712 de
928 4660 1184 4756 omnibus
1219 4666 1624 4734 quodammodo
1668 4674 2019 4748 triumphem.
2052 4678 2210 4744 Quod
2266 4679 2583 4739 institutum
2640 4702 2670 4738 a
2720 4701 2806 4740 me
2857 4686 3312 4756 propositumque
3358 4695 3480 4742 szu‘

190 4745 357 4799 dium
394 4755 448 4799 ut
480 4763 783 4818 exsequar,
839 4752 1118 4810 caelestem
1176 4759 1310 4812 mihi
1372 4745 2006 4844 favoremgratiamque
2035 4773 2351 4844 postulabo.

270 4864 353 4917 6'.
399 4864 517 4918 ’Ίνα
544 4865 704 4939 δὲμὴ
752 4869 1086 4927 ἁϐασάνιστα
1201 4878 1270 4931 τὰ
1310 4881 1438 4951 τρία
1484 4901 1576 4938 σου
1622 4887 1794 4953 λεξεί-

186 4958 313 5016 δια,
354 4954 392 5008 ἃ
444 4955 509 5025 δὴ
562 4957 698 5028 πρὸς
765 4960 989 5033 Φλώραν
1053 4963 1112 5016 τὸ
1168 4967 1389 5033 γύναιον
1460 4975 1793 5033 ἐπιστέλλων

189 5047 530 5116 ἐκομπάσω,
573 5044 617 5102 ὧ
660 5051 962 5124 Πτολεμαῖε
1006 5056 1113 5127 (ἀεὶ
1138 5059 1247 5128 γὰρ
1284 5061 1342 5113 αί
1374 5062 1623 5131 causam;
1644 5069 1791 5123 διδα..

201 5137 433 5192 σκαλίαι
487 5143 810 5212 γυναικάρια
866 5149 1251 5218 σεσωρευμένα
1302 5152 1594 5224 ἁμαρτίαις
1650 5162 1785 5216 ἀπα·

201 5232 363 5293 τῶσι,
394 5233 534 5286 κατὰ
568 5236 656 5288 τὸν
681 5236 774 5288 τοῦ
807 5238 1129 5294 Ἀποστόλου
1164 5241 1372 5315 λόγον),
1403 5250 1496 5301 καὶ
1526 5252 1699 5315 αὑτὰς
1724 5255 1790 5326 δὴ

197 5325 304 5399 τᾲς
341 5323 517 5389 λέξεις
558 5328 761 5392 κυρίως
802 5330 1035 5385 ἐνταῦθα
1079 5335 1500 5409 παραθήσομαι,
1551 5344 1644 5396 καὶ

278 5527 295 5557 ⁸
326 5525 387 5581 F.
440 5532 543 5585 οὐκ
570 5533 765 5586 οὐσῶν.

876 5535 896 5566 ³
933 5533 994 5589 F.
1030 5536 1264 5607 νομίζων
1281 5554 1350 5592 τι.

200 5612 296 5663 :tt,
324 5598 381 5651 6.

1455 5540 1476 5572 ³
1511 5542 1637 5614 Reg.
1668 5546 1865 5611 κακίας
1901 5547 2087 5618 μονάς.

1969 4894 2058 4949 IX.
2102 4895 2301 4949 Verum
2335 4903 2392 4947 ut
2425 4911 2597 4965 pauca
2625 4896 2713 4949 illa
2752 4896 3168 4963 verbajntenm
3198 4898 3478 4968 expenda-

1900 5003 2044 5049 mus,
2072 5004 2195 5056 qum
2218 4987 2283 5040 ad
2306 4985 2521 5041 Floram
2555 4988 2758 5058 ingenti
2790 5002 2912 5041 cum
2945 4987 3084 5042 fas.n
3133 4992 3479 5058 arrogantia-

1898 5092 2004 5147 que
2070 5077 2342 5146 scripsisti
2424 5077 2625 5147 (solent
2710 5079 2852 5131 enim
2930 5085 3143 5133 onusta:
3238 5080 3481 5148 peccatis

1900 5169 2236 5222 mulierculae
2265 5210 2279 5233 ,
2320 5176 2377 5221 ut
2427 5170 2505 5223 ait
2539 5170 2832 5238 Apostolus
2863 5171 2905 5231 ⁸,
2951 5170 3175 5240 ripcreis
3208 5171 3480 5238 ejusmodi

1897 5257 2243 5328 dogmatibus
2276 5260 2496 5329 decipi);
2518 5269 2641 5316 tuas
2666 5261 2833 5331 ipsas,
2853 5260 3157 5324 Ptolemare,
3186 5274 3342 5316 voces
3379 5262 3482 5317 hoc

1899 5347 2018 5403 loco
2047 5364 2369 5421 proponam,
2395 5365 2600 5421 easque
2626 5352 2969 5408 ~necessitate
2999 5361 3246 5417 coactus,
3282 5369 3352 5408 ne
3373 5369 3481 5424 qua

2198 5547 2219 5580 ⁸
2253 5550 2268 5602 Ι
2297 5549 2436 5607 Tim.
2470 5568 2505 5617 ι,
2540 5552 2596 5607 4.
2654 5551 2676 5583 ⁸
2707 5551 2884 5609 Eccle.
2915 5568 3036 5622 xm,
3059 5552 3149 5609 ΞΟ.
3228 5555 3247 5585 ⁸
3282 5552 3480 5613 ll't‘int.

278 5766 506 5865 (fingat
546 5765 940 5836 Στησίχορον.
1001 5764 1352 5826 Stesichorus
1416 5773 1693 5834 falmlosas
1755 5780 1982 5845 deorum
2034 5788 2319 5858 prosapias
2363 5789 2767 5862 descripserat,
2820 5802 2878 5848 ut
2912 5793 3042 5850 alibi
3109 5795 3315 5850 indicat
3354 5792 3473 5865 Epi-

197 5835 470 5909 phanius.
