3982 6436
465 432 566 491 δη

1859 421 1920 480 S.
1961 419 2313 480 EPIPIIANII

3651 410 3764 468 ὅτε

467 549 711 608 infelicis
736 549 852 606 lolii
889 549 1046 608 radis
1075 549 1339 624 supersit,
1382 553 1632 624 congruo
1660 548 1858 607 ordine
1886 547 2056 605 refel-

2170 545 2340 599 ιύτῶν
2369 540 2684 616 ἀνατροπὴν
2714 536 3020 610 ἀναγκαίαν
3053 531 3240 603 οὖσαν,
3281 535 3359 600 εἰς
3389 533 3451 589 sb
3491 531 3568 605 μὴ
3591 548 3766 624 κατα-

540 828 738 901 Legem
777 830 982 886 asseris
1011 828 1283 884 trifariam
1312 843 1438 885 esse
1460 827 1718 892 divisam,
1749 834 1810 881 ut
1859 825 2056 896 partim

469 935 498 974 a
532 921 665 985 Deo,
688 923 884 992 partim
908 937 939 975 a
968 921 1172 993 Moyse,
1202 921 1406 993 partim
1437 936 1466 974 a
1501 919 1819 976 senioribus
1861 930 2059 970 mana-

471 1011 562 1065 rit.
591 1010 664 1066 De
701 1012 1016 1068 senioribus
1065 1027 1232 1083 porro
1263 1027 1364 1067 cur
1394 1013 1470 1066 ita
1504 1011 1738 1074 sentias,
1789 1007 1948 1072 nihil,
1999 1015 2059 1061 ut

469 1109 717 1171 apparet,
763 1102 959 1159 aﬂ'erre
1014 1113 1171 1174 potes
1230 1103 1286 1158 in
1341 1101 1646 1174 Scripturis
1712 1114 2055 1171 expressum.

460 1188 750 1261 Nusquam
794 1191 942 1247 enim
986 1193 1044 1246 ln
1103 1191 1223 1263 lege
1275 1191 1479 1246 tradita
1532 1190 1624 1244 illa
1672 1203 1702 1242 a
1749 1187 2060 1244 senioribus

465 1282 694 1338 decreta
757 1291 1157 1338 memorantur.
1233 1280 1340 1338 Sed
1417 1295 1702 1337 sacrorum
1770 1277 2059 1334 Librorum

467 1385 726 1442 peraque
783 1387 848 1427 ac
901 1369 1152 1427 veritatis
1212 1369 1438 1441 ignarus
1487 1367 1815 1424 calumniari
1877 1366 2061 1422 sciens

467 1463 741 1530 instituis,
790 1470 1172 1530 accurataque
1219 1461 1564 1532 singulorum
1611 1461 1818 1516 notitia
1859 1473 2062 1515 conse-

470 1554 758 1625 quentiam
810 1569 919 1610 non
978 1553 1159 1609 vides.
1209 1553 1346 1608 Nam
1402 1553 1680 1609 seniorum
1737 1551 2062 1608 traditiones

468 1644 830 1718 δευτερὼσεις
885 1661 918 1700 a
965 1643 1170 1702 Judais
1198 1654 1490 1701 vocantur.
1556 1644 1807 1710 Quatuor
1877 1650 2063 1697 autem

475 1738 696 1794 illarum
723 1747 854 1795 sunt
881 1754 1101 1811 genera.
1134 1738 1382 1794 Primum
1425 1747 1532 1802 est,
1578 1737 1727 1808 quod
1759 1736 1865 1792 sub
1896 1735 2064 1791 Mosis

475 1832 701 1888 nomine
757 1830 1158 1887 circumferunt
1191 1848 1208 1899 ;
1239 1829 1542 1886 secundum
1573 1837 1682 1894 est,
1712 1827 1860 1899 quod
1883 1825 2062 1882 Rabbi

2157 636 2446 707 λειφθῆναι
2475 633 2634 708 ῥίζαν
2676 633 2776 704 τῆς
2818 629 3170 698 ζιζανιὼδους
3211 646 3306 682 σου
3349 627 3585 697 σπορᾶς,
3631 622 3767 692 ἑξῆς

2157 727 2471 792 ἀκολούθως
2502 725 2824 798 ποιήσομαι.

2229 823 2466 886 Φάσκεις
2498 820 2628 892 γὰρ,
2656 815 2702 874 ὧ
2736 812 2914 884 οὗτος,
2938 817 3032 872 τδν
3057 815 3220 888 νόμον
3255 815 3417 888 τριχῆ
3441 811 3765 885 διῃρῆσθαι,

2160 914 2255 968 καὶ
2291 913 2353 966 τὸ
2387 913 2487 984 μέν
2521 913 2664 984 ἔχειν
2683 931 2737 966 τι
2776 915 2841 965 ἐκ
2866 909 2962 964 τοῦ
2991 907 3151 974 Θεοῦ,
3184 907 3245 961 τὸ
3274 907 3332 960 δέ
3358 908 3423 959 ἐκ
3450 895 3790 970 Μωῦσέως,’

2161 1008 2220 1061 τὸ
2263 1009 2321 1064 δέ
2369 1010 2436 1061 ἐκ
2473 1007 2582 1061 τῶν
2639 1003 3052 1078 πρεσϐυτέρων.
3097 999 3208 1056 Καὶ
3251 1002 3332 1054 ὅτι
3377 1001 3476 1070 μὲν
3527 1000 3594 1052 ἐκ
3649 997 3770 1052 τῶν

2162 1103 2551 1179 πρεσϐυτέρων
2593 1100 2716 1166 οἴει,
2751 1094 3139 1168 γεγραμμένον
3176 1093 3275 1146 οὐκ
3311 1092 3456 1162 ἔχεις
3490 1091 3586 1146 τοῦ
3637 1092 3773 1145 ἀπο.

2160 1196 2352 1263 δεῖξαι,
2386 1193 2548 1248 τοῦτό
2588 1192 2705 1244 ἐστι
2735 1189 2914 1260 δῆλον.
2952 1184 3208 1257 Οὐδαμοῦ
3245 1185 3354 1255 γάρ
3395 1185 3456 1236 ἐν
3483 1183 3640 1254 νόμῳ
3672 1184 3773 1235 ὲκ-

2161 1292 2420 1362 φέρονται
2470 1287 2526 1341 ai
2584 1285 2694 1340 τῶν
2759 1280 3148 1355 πρεσϐυτέρων
3208 1276 3551 1349 παραδόσεις.
3595 1273 3773 1331 Ἀλλά

2163 1383 2376 1454 ἀγνοῶν
2423 1380 2519 1435 καὶ
2561 1378 2660 1443 τὰς
2713 1377 2927 1449 βίϐλους
2951 1415 2966 1438 ,
3028 1375 3121 1428 καὶ
3159 1371 3260 1442 τὴν
3307 1369 3562 1442 ἀληθειαν
3622 1385 3773 1436 τραν-

2163 1477 2303 1548 «agn
2330 1473 2702 1544 συκοφαντῶν,
2741 1469 2837 1524 καὶ
2880 1468 2979 1532 τὰς
3025 1464 3346 1528 ἀκολουθίας
3377 1461 3588 1532 ἀγνοῶν
3633 1462 3774 1514 ἑκά-

2166 1586 2300 1640 στης
2357 1565 2621 1638 ἀκριϐοῦς
2668 1562 2948 1634 είδήσεως.
3004 1559 3070 1614 Al
3115 1557 3224 1628 γὰρ
3278 1555 3608 1627 παραδόσεις
3657 1553 3782 1606 τῶν

2165 1658 2574 1734 πρεσϐυτέρων,
2615 1652 2974 1726 δευτερώσεις
3001 1650 3161 1722 ,παρὰ
3193 1651 3308 1712 τοῖς
3361 1646 3644 1709 Ἰουδαίοις
3685 1646 3780 1699 λέ-

2165 1767 2374 1821 γονται.
2411 1750 2535 1804 Εἰσὶ
2577 1747 2634 1801 δὲ
2676 1739 2837 1800 αὗται
2870 1743 3136 1814 τέσσαρες
3167 1741 3277 1811 (ϐ)’
3317 1741 3418 1812 μία
3459 1739 3574 1811 μὲν,
3613 1740 3656 1810 ἡ
3696 1739 3783 1801 εἰς

2164 1844 2335 1915 ϐνομα
2352 1839 2632 1903 Μωῦσέως
2663 1836 2942 1912 φερομένη
2961 1850 2974 1864 ·
3004 1834 3235 1906 δευτέρα
3264 1833 3344 1900 δέ,
3375 1835 3410 1904 ὴ
3436 1831 3530 1885 τοῦ
3561 1829 3785 1884 καλου-

472 1923 665 1979 Akiba
720 1923 992 1988 tribuunt,
1029 1921 1256 1978 tertium
1287 1920 1478 1985 Adda,
1523 1918 1643 1975 sive
1675 1915 1852 1981 Iuda,
1891 1929 2061 1985 quar-

2170 1900 2332 2007 μένου
2373 1900 2773 1988 Ῥαεειαᾷιιὸάό
2805 1900 3005 2001 τρίτη,
3045 1900 3234 1989 uasa,
3268 1900 3581 1996 stomoma
3607 1937 3630 1953 -
3687 1939 3786 1976 τε-

473 2024 592 2072 tum
649 2014 718 2068 ad
771 2011 1079 2068 Asamonai
1123 2011 1265 2069 filios
1325 2011 1583 2068 refertur.
1656 2009 1807 2066 Cedo
1869 2008 2060 2080 igitur,

2170 2028 2369 2099 τάρτη,
2411 2025 2522 2081 τῶν
2548 2021 2680 2078 υίῶν
2725 2020 3124 2093 Ἀσαμωναίου.
3161 2018 3315 2073 Ἐπεὶ
3339 2017 3442 2071 ποῦ
3479 2015 3658 2087 ἔχεις,
3684 2033 3787 2084 φι-

471 2108 638 2164 homo
693 2106 1200 2164 contentiosissime
1255 2119 1320 2160 ac
1372 2104 1650 2160 levissime
1676 2145 1690 2169 ,
1729 2118 1972 2173 quonam
2006 2103 2062 2157 in

2170 2120 2374 2174 λόνεικε
2402 2119 2496 2174 καὶ
2525 2115 2871 2173 ἀκατάστατε
2914 2113 3014 2186 τὴν
3051 2111 3304 2184 γνώμην,
3346 2111 3513 2177 δεῖξαι
3547 2110 3609 2163 ἐν
3647 2112 3786 2173 ταῖς

471 2199 829 2256 Pentateuchi
869 2199 1177 2268 divinaque
1215 2197 1352 2269 legis
1384 2196 1664 2252 volumine
1715 2197 1864 2252 illam
1907 2203 2062 2268 potes

2170 2213 2330 2267 πέντε
2362 2211 2567 2282 βίϐλοις
2586 2210 2688 2281 τῆς
2707 2206 3084 2277 Πεντατεύχου
3114 2206 3209 2258 καὶ
3242 2202 3380 2256 Θεοῦ
3412 2201 3784 2272 νομοθεσίας,

471 2293 852 2350 demonstrare
896 2290 1248 2354 sententiam,
1299 2304 1465 2361 quam
1506 2288 1560 2343 in
1589 2287 1886 2359 Evangelio
1909 2288 2062 2344 Chri-

2170 2306 2249 2359 ὅτι
2277 2301 2485 2374 ἐρρήθη
2528 2299 2558 2352 ὁ
2596 2298 2777 2369 λόγος,
2816 2299 2846 2351 ὁ
2885 2294 3036 2366 παρά
3072 2292 3148 2365 τῷ
3185 2292 3398 2363 Σωτῆρι
3436 2289 3782 2361 είρημένος·

472 2394 595 2443 slus
635 2385 856 2440 attulit:
890 2385 996 2451 Qui
1016 2382 1212 2438 dixerit
1245 2382 1389 2448 patri
1418 2397 1516 2435 suo
1549 2379 1785 2444 Corban,
1824 2379 1964 2451 quod
1985 2391 2062 2435 est

2170 2395 2190 2427 ⁸
2217 2394 2371 2464 Ἐρεῖ
2392 2391 2473 2460 τῷ
2497 2391 2675 2461 πατρὶ
2705 2387 2896 2445 αὐτοῦ
2923 2387 3177 2454 Κορϐάν,
3196 2384 3230 2438 ὅ
3251 2384 3388 2438 ἐστι.
3416 2380 3635 2450 δῶρον,
3658 2381 3782 2434 οὐκ

2166 2485 2626 2556 ὠφεληθήσεται
2655 2501 2710 2538 τι
2744 2481 2814 2547 ἐξ
2841 2478 3069 2543 αὐτοῦς
3101 2477 3242 2532 Ἀλλ’
3271 2478 3370 2531 οὐκ
3397 2477 3536 2546 ἔχεις
3564 2475 3785 2540 δεῖξαι.

2171 2581 2318 2652 Ἀρα
2338 2577 2470 2648 γοῦν
2501 2575 2726 2645 ἐξέπεσε
2751 2591 2844 2628 σου
2871 2572 3092 2641 ὁλόγος,
3115 2570 3212 2625 τοῦ
3243 2571 3485 2642 ῥήματος
3519 2568 3784 2639 οὖδαμοῦ

2164 2673 2232 2743 τῇ
2259 2667 2616 2738 Πεντατεύχῳ
2641 2663 3046 2738 ἐμφερομένου,
3071 2663 3166 2717 καὶ
3195 2662 3373 2734 μάτην
3405 2661 3504 2732 τὴν
3533 2659 3646 2714 ὑπὸ
3677 2660 3786 2714 σοῦ

2167 2762 2530 2836 ὴπατημένην
2565 2759 2792 2831 Φλώραν
2836 2756 3172 2826 ἐφάντασας.
3219 2754 3301 2808 Τὰ
3346 2753 3403 2807 δὲ
3448 2753 3552 2807 ὑπὸ
3588 2753 3781 2807 Μωῦο

2170 2857 2309 2920 σέως
2341 2855 2444 2909 οὐκ
2489 2853 2648 2916 ἐκτὸς
2697 2850 2792 2905 τοῦ
2836 2848 2973 2904 Θεοῦ
3028 2849 3125 2902 καὶ
3182 2847 3325 2901 αὒτά
3376 2844 3782 2918 ἐνομοθετήθη,

471 2479 692 2543 donum,
725 2477 860 2532 nihil
908 2477 1011 2546 ipsi
1049 2475 1346 2544 proderit‘,
1385 2473 1534 2544 quod
1589 2472 1724 2526 mihi
1781 2487 2064 2543 nunquam

470 2570 753 2626 ostendes.
788 2567 1159 2636 Quamobrem
1223 2565 1386 2636 friget
1447 2564 1538 2619 illa
1593 2571 1686 2618 tua
1729 2563 2062 2633 disputatio,

471 2677 600 2717 cum
632 2661 685 2716 id
711 2661 863 2716 nullo
891 2655 1250 2714 Pentateucbi
1273 2657 1394 2711 loco
1445 2654 1715 2725 scriptum
1744 2661 1964 2721 exstet;
2001 2668 2066 2709 ac

473 2755 690 2810 misera
744 2752 823 2806 illi
879 2748 1222 2804 muliercula
1279 2746 1651 2818 nequidquam
1726 2745 2064 2816 imposuisti.

472 2846 746 2902 Caterum
777 2857 900 2915 qua
938 2857 969 2896 a
998 2841 1146 2898 Mose
1191 2841 1408 2898 sancita
1440 2846 1593 2901 sunt.
1625 2853 1657 2893 a
1682 2837 1794 2894 Deo
1836 2837 2066 2894 minime

472 2947 604 2997 sunt
635 2937 834 2998 aliena,
865 2951 897 2990 a
932 2950 1066 3006 quo,
1117 2934 1304 3005 Moyse
1363 2941 1652 3000 sequestre
1710 2941 1875 3002 atque
1902 2932 2062 2986 inter-

2170 2949 2305 3002 ἀλλὰ
2334 2949 2400 3001 ἐκ
2427 2945 2522 3001 τοῦ
2554 2943 2691 2998 Θεοῦ
2723 2943 2813 2998 διὰ
2837 2941 3140 3005 Μωῦσέως,
3170 2940 3199 2994 ὃ
3233 2940 3326 2995 καὶ
3371 2939 3430 3005 ἐξ
3466 2938 3638 3009 αὐτῆς
3671 2938 3784 3008 τῆς

471 3039 650 3102 prete,
671 3029 872 3084 tradita
909 3035 1071 3084 sunt:
1101 3026 1246 3098 quod
1275 3035 1330 3082 et
1372 3025 1555 3096 ipsum
1583 3024 1891 3082 Salvatoris
1912 3024 2062 3094 judi-

2170 3039 2264 3095 τοῦ
2284 3040 2536 3110 Σωτῆρος
2549 3037 2880 3109 ἐπικρίσεως
2905 3036 3200 3090 δείκνυται.
3223 3033 3401 3096 asta;
3418 3032 3526 3103 γὰρ
3538 3031 3602 3094 ἃς
3623 3049 3784 3102 παρ-

471 3124 622 3179 cium
652 3121 936 3178 evidenter
993 3120 1286 3191 approbat,
1329 3117 1580 3190 adeoque
1635 3119 1837 3190 quibus
1889 3117 2062 3175 uteris

2170 3133 2377 3204 ήγαγες
2419 3127 2752 3201 μαρτυρίας,
2783 3127 2925 3182 κατᾶ
2969 3123 3167 3180 σαυτοῦ
3207 3124 3628 3194 ἐπισυνήγαγες.
3663 3122 3788 3174 Φά-

472 3214 830 3279 testimoniis,
874 3229 939 3270 ea
997 3221 1191 3270 contra
1245 3212 1599 3282 temetipsum
1634 3212 1938 3284 protulisti.
1970 3211 2062 3266 Sic

2171 3241 2291 3278 σκει
2332 3223 2442 3295 γὰρ
2479 3224 2508 3276 ὁ
2545 3220 2750 3292 Κύριος
2797 3222 2856 3274 ἐν
2894 3218 2971 3289 τῷ
3008 3217 3345 3288 Εὐαγγελίῳ,
3381 3216 3464 3269 ὅτι
3507 3211 3788 3280 Μωσῆς

471 3311 617 3368 enim
647 3310 701 3366 in
729 3307 1026 3380 Evangelio
1079 3305 1346 3361 Dominus
1391 3267 1669 3375 lo'quitur‘:
1703 3307 1916 3376 Moyses
1955 3304 2062 3361 hac

2170 3267 2397 3386 amauit;
2411 3267 2582 3368 tarma
2613 3267 3249 3382 t‘izr'aungoxapélar

472 3401 685 3466 scripsit
712 3397 782 3453 ad
811 3398 1064 3452 duritiem
1092 3395 1269 3452 cordis
1291 3397 1452 3451 uestri
1481 3397 1523 3450 '.

541 3490 664 3546 Jam
695 3489 844 3560 quod
872 3488 1088 3560 Moyses
1114 3489 1362 3558 scripsit,
1392 3503 1502 3543 non
1520 3487 1662 3542 citra
1690 3485 1784 3542 Dei
1814 3487 2065 3541 volunta-

475 3592 585 3638 tem
609 3582 870 3653 scripsit;
908 3579 1002 3636 sed
1035 3587 1231 3634 sancto
1290 3577 1500 3648 Spiritu
1555 3579 1868 3649 impellente
1901 3578 2066 3650 225

472 3671 782 3728 constituit.
817 3669 938 3726 Mox
955 3671 1102 3727 enim
1138 3669 1391 3725 Salvator
1420 3669 1475 3724 in
1495 3667 1688 3725 eodem
1723 3668 2022 3741 Evangelio
2043 3711 2060 3738 ,

475 3763 631 3832 Quod
664 3762 828 3830 Deus,
858 3763 1058 3832 inquit,
1116 3762 1414 3831 conjunxit,
1477 3762 1634 3818 homo
1686 3779 1794 3818 non
1836 3773 2062 3834 separet.

472 3856 946 3925 Quemadmodum
995 3870 1126 3910 vero
1178 3855 1554 3924 conjunxerit,
1609 3857 1779 3912 verba
1827 3857 1972 3927 ipsa,
2005 3866 2065 3912 ut

474 3950 934 4022 intelligeremus,
971 3947 1176 4018 adjecit
1201 3966 1214 4001 :
1251 3947 1479 4018 Propter
1503 3948 1604 4003 hoc
1623 3949 1880 4021 relinquet
1910 3951 2064 4005 homo

478 4053 689 4115 patrem
714 4059 893 4107 suum,
923 4051 974 4096 et
1007 4039 1300 4097 adhaerebit
1333 4043 1491 4097 uxori
1525 4059 1659 4108 suae,
1694 4052 1744 4098 et
1773 4054 1928 4098 erunt
1958 4045 2065 4099 duo

473 4140 531 4192 in
552 4154 767 4192 carnem
792 4154 974 4192 unam.
997 4136 1140 4191 Tum
1173 4115 1373 4192 infert:
1405 4136 1560 4204 Quod
1597 4154 1721 4208 ergo
1776 4137 1915 4193 Deus
1939 4155 2067 4192 con-

467 4233 674 4304 junxit,
729 4232 886 4287 homo
943 4248 1047 4286 non
1086 4213 1316 4302 separet:
1364 4230 1531 4302 Atqui
1590 4246 1871 4302 nunquam
1930 4231 2065 4285 illud

476 4325 762 4390 Dominus,
790 4338 915 4380 cum
944 4323 1214 4378 Adamum
1267 4321 1548 4393 Evamque
1581 4323 1866 4388 formarct,
1898 4338 2065 4385 usur-_

472 4429 636 4484 passe
662 4413 889 4484 legitur;
920 4412 1016 4468 sed
1047 4413 1153 4466 hoc
1195 4412 1407 4466 solum:
1448 4411 1740 4468 Faciamus
1776 4415 1824 4467 ei
1848 4413 2067 4482 adjuto-

473 4507 613 4559 rium
651 4504 823 4558 simile
846 4503 1006 4557 sibi':
1042 4503 1188 4558 istud
1221 4517 1350 4557 vero
1378 4503 1448 4557 ab
1481 4503 1690 4558 Adamo
1723 4505 1928 4560 dictum
1956 4513 2063 4569 est,

2243 3499 2310 3553 Ὀ
2331 3497 2387 3551 δὲ
2427 3495 2634 3567 ἔγραψε
2667 3494 2929 3565 Μωῦσῆς,
2960 3493 3060 3546 οὐκ
3093 3490 3251 3554 ἐκτὸς
3291 3487 3596 3560 βουλήσεως
3625 3486 3788 3541 Θεοῦ

2167 3590 2442 3662 ἔγραψενο
2489 3587 2627 3644 ἀλλὰ
2677 3589 2744 3642 ἐκ
2796 3585 3116 3656 Πνεῦματος
3169 3582 3326 3653 ἁγίου
3380 3581 3783 3652 ἐνομοθέτησε.

2168 3684 2331 3751 Λέγει
2366 3681 2477 3753 γὰρ
2523 3682 2552 3734 ὁ
2601 3679 2805 3750 Κύριος
2855 3679 2913 3731 ἐν
2954 3675 3032 3748 τῷ
3069 3673 3422 3745 Εὐαγγελίῳο
3455 3675 3525 3725 Ὃ
3555 3675 3589 3726 ὀ
3623 3673 3786 3740 Θεὸς

2167 3771 2559 3837 συνέζευξεν,
2615 3770 2926 3840 ἅνθρωπος
2977 3768 3064 3838 μὴ
3117 3763 3420 3838 χωριζέτω.
3481 3765 3594 3818 Καὶ
3651 3764 3787 3829 πῶς

2169 3861 2479 3930 συνέξευξε,
2524 3860 2769 3934 διεξῆλθε
2801 3861 2863 3914 τὸ
2904 3861 3074 3932 ῥῆμα,
3108 3860 3196 3912 ἵνα
3235 3858 3518 3929 μάθωμεν,
3559 3857 3781 3926 λέγων·

2181 3956 2342 4010 Ἀντί
2376 3955 2594 4009 τούτου
2639 3953 2995 4022 καταλείψει
3040 3951 3354 4019 ἄνθρωπος
3398 3951 3506 4004 τὸν
3541 3949 3786 4018 πατέρα

2168 4047 2382 4110 αὑτοῦ.
2421 4047 2518 4101 καὶ
2555 4045 3001 4114 κολληθήσεται
3041 4043 3114 4112 τῇ
3149 4043 3391 4114 γυναικὶ
3424 4041 3637 4110 αὐτοῦ,
3676 4046 3782 4099 καί

2168 4140 2414 4194 ἔσονται
2455 4141 2510 4193 οἱ
2551 4137 2662 4192 δύο
2713 4140 2802 4204 είς
2842 4135 3044 4206 σάρκα
3082 4137 3251 4206 μίαν.
3298 4133 3432 4190 Εἶτα
3475 4137 3782 4208 ἐπιφέρει,

2169 4230 2344 4300 λέγων
2363 4245 2378 4259 °
2409 4232 2481 4283 Ὀ
2507 4225 2621 4285 οὖν
2643 4231 2676 4283 ὀ
2700 4228 2844 4294 Θεὸς
2891 4227 3275 4293 συνέζευξεν,
3334 4227 3646 4296 ἅνθρωπος
3686 4227 3781 4296 μὴ

2169 4321 2454 4392 χωριζέτω
2473 4338 2484 4350 ·
2503 4321 2678 4375 καίτοι
2706 4337 2769 4388 γε
2785 4319 3021 4391 οὐδαμοῦ
3045 4319 3140 4373 τοῦ
3182 4319 3390 4393 Κυίρίου
3427 4318 3591 4373 τοῦτο
3619 4322 3780 4391 είρη·

2169 4415 2347 4478 κότος,
2395 4413 2633 4484 ὁπηνίκα
2675 4413 2767 4466 τὸν
2811 4412 2981 4482 Ἀδὰμ
3027 4413 3120 4466 καὶ
3162 4413 3264 4483 τὴν
3316 4411 3458 4464 Εὕαν
3512 4410 3778 4473 ἔπλασεν,

2169 4507 2203 4578 ἢ
2249 4509 2444 4578 μόνον’
2498 4504 2855 4575 Ποιήσωμεν
2900 4503 3062 4571 αὐτῷ
3109 4504 3239 4558 κατ’
3284 4502 3475 4558 αὐτὸν
3515 4504 3773 4571 βοηθόν.

474 4598 567 4667 qui
597 4612 626 4650 a
671 4607 868 4650 somno
943 4592 1384 4664 expergefactus,
1425 4592 1540 4646 Iloc
1593 4611 1732 4648 nunc
1755 4613 1835 4659 os,
1868 4596 1966 4662 ait,
2001 4611 2062 4650 ea:

2188 4599 2348 4652 Ἀλλὰ
2375 4599 2534 4652 τοῦτο
2579 4599 2684 4652 ὑπὸ
2717 4598 2811 4652 τοῦ
2853 4597 3027 4668 Ἀδὰμ
3063 4597 3308 4669 εἴρηταιο
3344 4597 3426 4649 ὅτι
3469 4595 3666 4665 ἀνέστη
3709 4595 3775 4648 ἐκ

473 4683 681 4739 ossibus
705 4683 855 4747 meis,
878 4690 926 4735 et
958 4698 1084 4734 caro
1139 4682 1204 4736 de
1253 4698 1413 4736 carne
1454 4699 1570 4738 mea
1590 4700 1608 4737 :
1639 4685 1752 4739 hac
1783 4687 2062 4740 vocabitur

2172 4690 2266 4746 τοῦ
2298 4691 2491 4755 ῦπνου,
2520 4691 2614 4745 καὶ
2672 4686 2824 4744 εἴπεο
2880 4691 3060 4745 Τοῦτο
3105 4689 3221 4744 νῦν
3266 4687 3495 4743 ὀστοῦν
3537 4687 3607 4741 ἐκ
3655 4687 3773 4741 τῶν

473 4778 677 4846 uirago,
704 4776 832 4845 quia
887 4788 952 4828 ex
995 4774 1112 4828 viro
1163 4783 1376 4843 sumpta
1428 4785 1528 4829 est.
1559 4775 1745 4846 Pergit
1809 4777 2008 4834 deinde
2045 4798 2059 4834 :

2174 4783 2375 4837 ὀστῶν
2401 4801 2544 4854 μου,
2574 4785 2668 4838 καί
2710 4783 2869 4852 σὰρξ
2911 4783 2980 4836 ἐκ
3004 4781 3116 4851 τῆς
3154 4781 3382 4849 σαρκός
3421 4796 3576 4849 ,κου’
3619 4779 3770 4845 αὕτη

473 4867 703 4936 Propter
735 4865 832 4919 hoc
861 4864 1119 4934 relinquet
1153 4865 1308 4920 homo
1365 4876 1571 4935 patrem
1621 4878 1670 4922 et
1721 4879 1967 4932 matrem.
2014 4880 2062 4924 et

2175 4877 2544 4944 κληθήσεται
2572 4875 2751 4946 γυνὴ,
2785 4875 2873 4929 ὅτι
2913 4876 2983 4928 ἐκ
3036 4873 3140 4928 τοῦ
3161 4872 3382 4941 ἀνδρὸς
3408 4869 3605 4940 αὐτῆς
3633 4872 3770 4940 ἐλή-

474 4958 764 5013 udlta'rebit
797 4958 955 5012 uxori
994 4974 1131 5022 sum,
1173 4967 1220 5012 et
1249 4969 1406 5012 erunt
1439 4958 1545 5013 duo
1573 4960 1625 5013 in
1651 4977 1863 5015 carnem
1879 4979 2062 5019 unam.

2175 4973 2295 5039 φθη
2335 4969 2510 5036 αὕτη.
2543 4964 2676 5022 Εἶτά
2722 4983 2921 5037 φησιν·
2963 4964 3124 5020 Ἀντί
3161 4964 3378 5017 τούτου
3421 4963 3770 5029 καταλείψει

473 5051 612 5107 Cum
639 5051 808 5123 igitur
861 5065 972 5105 non
1007 5051 1114 5105 hoc
1145 5049 1310 5117 Deus,
1350 5053 1444 5108 sed
1483 5051 1728 5108 Adamus
1761 5054 1982 5121 dixerit,
2014 5063 2062 5112 el

2171 5060 2483 5130 ἄνθρωπος
2519 5060 2628 5115 τὸν
2651 5059 2880 5128 πατέρα
2910 5058 3100 5113 αὐτοῦ
3131 5056 3227 5110 καὶ
3258 5055 3372 5124 τὴν
3396 5054 3630 5126 μητέρα
3664 5057 3768 5108 αὺ-

475 5160 540 5200 ea
571 5145 686 5216 ipsa
703 5153 887 5199 tamen
919 5141 1015 5198 Dei
1045 5158 1171 5198 esse
1200 5143 1366 5199 verba
1396 5143 1664 5201 Dominus
1695 5145 1749 5200 in
1771 5145 2062 5218 Evangelia

2170 5151 2300 5213 τοῦ,
2351 5151 2452 5205 καὶ
2499 5150 2950 5219 κολληθήσεται
2999 5147 3074 5216 τῇ
3120 5145 3357 5216 γυναικέ
3411 5145 3624 5210 αὑτοῦ,
3669 5144 3766 5197 καί

477 5245 727 5301 testemr,
783 5235 919 5292 salis
969 5249 1058 5291 res
1107 5235 1228 5306 ipsa
1279 5234 1547 5304 declarat,
1577 5246 1693 5292 tum
1731 5237 1846 5294 hac
1871 5239 2062 5296 Adami

2171 5243 2418 5297 ἔσονται
2444 5245 2500 5297 οἱ
2520 5243 2630 5298 δύο
2653 5245 2742 5308 είς
2771 5240 2972 5310 σάρκα
2992 5241 3162 5310 μίαν.
3211 5239 3286 5293 Οὐ
3307 5236 3403 5292 τοῦ
3432 5235 3569 5291 Θεοῦ
3593 5236 3767 5290 τοίνυν

556 5391 570 5421 ¹
601 5391 769 5449 Marc.
799 5409 896 5457 vn,
928 5392 1017 5449 ll.
1091 5393 1115 5425 '
1153 5390 1350 5450 Matth.
1384 5409 1500 5461 six,
1526 5393 1559 5449 8
1587 5409 1710 5466 sqq.
1787 5397 1808 5428 ³
1833 5393 1970 5453 Gen.
2011 5413 2072 5463 ll,
2104 5397 2138 5455 8
2182 5415 2306 5472 sqq.
2383 5403 2406 5433 ⁵
2439 5400 2600 5458 Deest
2630 5400 2711 5463 ὃς.

551 5505 628 5574 (6)
671 5507 806 5590 Eiet
831 5507 901 5560 δὲ
927 5502 1106 5590 οὗτοι
1139 5507 1739 5590 τέσσαρεςτλρυοιυοι·
1769 5513 1913 5582 apud
1963 5510 2062 5567 lle-

2173 5515 2633 5590 nem_acc_episs_e,
2664 5527 2896 5583 eamque
2925 5510 3594 5590 LXXHSenioribusnbos
3627 5509 3761 5580 {pro-

479 5577 668 5667 braus
704 5577 1127 5667 diu—reptiles.va
1163 5580 1280 5667 sive
1320 5581 1678 5667 traditioni-im
1710 5577 2075 5667 getnfmnper:
2177 5587 2358 5667 plietis
2384 5627 2398 5651 ,
2431 5577 2533 5642 hos
2560 5577 2861 5667 Synagoga
2901 5583 3216 5666 tradidisse.
3261 5581 3418 5667 lianc
3463 5582 3593 5652 legis
3635 5577 3760 5667 for-

480 5655 674 5730 σφεα
708 5647 770 5730 :_l
796 5647 928 5730 “est
965 5648 1112 5730 quod
1163 5649 1335 5730 _Moys_i
1385 5647 1748 5730 inscribitur}
1802 5653 1839 5705 9.
1898 5647 2074 5708 Rabbi
2177 5647 2448 5728 ruptelam
2505 5647 2739 5727 potius:
2757 5647 2925 5725 (fuam
2957 5653 3464 5724 interpretationem
3494 5647 3760 5721 appellant

482 5718 661 5817 ebiba
681 5735 696 5781 ;
714 5717 760 5817 .5
781 5716 1077 5817 “ll-znétld‘q,
1140 5716 1477 5817 sive’l‘ludla;
1504 5716 2062 5817 ‘IAssantonalorum.

2179 5716 2264 5808 id
2295 5733 2457 5813 5172M
2493 5716 2660 5810 .‘i'ﬁl‘l,
2702 5716 2864 5817 legem
2892 5762 3010 5816 qua:
3047 5716 3137 5799 ore
3167 5743 3368 5817 tradita
3399 5744 3492 5805 sit.
3522 5716 3759 5811 tantique

519 5792 548 5797 "
1121 5805 1131 5813 .
1379 5792 1390 5802 .
1441 5784 1483 5819 u‘
1569 5793 1578 5803 .
1860 5794 1869 5804 .
2021 5795 2032 5807 .
2179 5784 2256 5808 na
2304 5784 2451 5813 13.5w
2493 5784 2532 5807 οι
2567 5784 2660 5810 tu...
2702 5784 2864 5803 suun
2929 5784 3006 5800 ’διν
3047 5784 3136 5799 νυν
3167 5784 3368 5798 ..ω-...ω
3399 5784 3492 5805 ν...
3522 5784 3671 5796 ...η-.-
3699 5784 3755 5794 ..υ

404 5932 407 5934 _
989 5787 1232 5930 fias:
1259 5791 2076 5935 εεξρπξιῖιξξξξιςδίρξεξῑςῖεδίξὶ
2178 5821 2432 5885 ν
2487 5827 2542 5873 ιιι
2721 5784 2814 5874 ei
