3982 6422
247 425 350 484 573

968 431 1338 494 ADVERSUS
1378 435 1724 498 HERESES
1763 442 1891 498 LIB.
1934 445 1974 503 I.
2021 444 2188 504 TOM.
2230 448 2294 502 ll.
2339 479 2406 490 -—
2446 447 2723 508 IIASIIES.
2761 450 3002 510 XXXIII.

3447 455 3556 516 574

247 543 405 599 τοῦτο
435 543 710 609 εἰπόντος,
745 543 840 600 τοῦ
872 545 930 602 δὲ
974 547 1148 621 Ἀδάμ.
1186 551 1491 623 εἰρηκότος,
1513 554 1609 608 τοῦ
1640 556 1843 628 Κυρίου

1951 559 2178 632 quidem
2208 577 2326 628 ore,
2349 563 2445 621 sed
2463 564 2560 622 Dei
2585 581 2710 623 esse
2733 568 3014 625 voluntate
3030 569 3266 641 prolata.
3288 570 3554 630 Similiter

246 635 305 689 δὲ
354 637 860 711 ἐπιμαρτυροῦντος
917 640 976 693 ὲν
1021 639 1101 712 τῷ
1152 641 1473 715 Εύαγγελίῳ
1518 647 1656 700 Θεοῦ
1709 643 1852 703 εἶναι

247 727 308 780 τὸ
351 727 526 799 ῥῆμ’
575 729 640 783 τὸ
677 729 769 784 διὰ
809 731 904 786 τοῦ
951 730 1127 803 Ἀδὰμ
1173 734 1487 805 εἰρημένον,
1530 737 1630 790 ἀπ’
1678 739 1853 810 αὐτῆς

245 820 346 890 τῆς
385 819 700 886 ὑποθέσεως
739 821 965 891 ἔδειξεν,
1005 824 1089 878 δτι
1122 826 1241 879 ἐκεῖ
1291 827 1390 897 μὲν
1432 827 1604 900 ’Δδάμ
1638 830 1852 903 εἴρηκε,

245 908 384 964 Θεοῦ
413 911 470 966 δὲ
499 910 753 984 βούλησις
783 913 1101 985 ἐφθέγγετο.
1131 916 1242 969 Καὶ
1266 909 1369 972 ὧδε
1399 919 1429 973 6
1459 919 1702 991 Μωῡσῆς
1735 923 1851 974 ὲνο-

249 1002 540 1074 μοθέτησε,
581 1004 716 1059 Θεοῦ
779 1005 932 1076 αύτῷ
979 1008 1444 1076 καταγγείλαντος
1491 1012 1593 1082 τὴν
1626 1011 1852 1082 νομοθε-

247 1092 392 1149 σίαν.
420 1095 533 1148 Καὶ
555 1091 718 1150 αῦται
746 1097 847 1168 μὲν
871 1097 975 1168 ήδη
1023 1098 1084 1153 αἰ
1124 1099 1220 1152 δύο
1250 1116 1346 1154 σου
1372 1099 1548 1166 λέξεις
1575 1101 1848 1171 διέπεσον,

245 1187 341 1240 καὶ
364 1187 426 1240 ού
454 1187 757 1262 πόρρωθεν,
797 1188 936 1243 ἀλλὰ
975 1191 1071 1243 ἀπ’
1101 1190 1274 1261 αὐτῆς
1303 1191 1404 1263 τῆς
1437 1194 1708 1265 χρήσεως.
1738 1195 1852 1248 Καὶ

243 1278 330 1331 ὅτι
384 1279 483 1349 μὲν
515 1278 810 1351 νομοθεσία
860 1281 998 1336 Θεοῦ
1036 1283 1176 1348 ἐστι,
1220 1282 1382 1336 τοῦτο
1419 1284 1602 1358 δῆλον.
1635 1287 1850 1342 Παντα-

244 1370 345 1442 χοῦ
372 1370 431 1425 δὲ
458 1370 591 1437 Θεὸς
619 1372 904 1445 νομοθετεῖ
929 1373 998 1429 τὰ
1035 1376 1135 1446 μὲν
1171 1377 1253 1441 εἰς
1291 1378 1538 1450 χρόνους,
1569 1379 1639 1433 τά
1672 1379 1730 1433 δὲ
1767 1380 1850 1443 εἰς

242 1463 471 1529 τύπους,
515 1467 587 1521 τὰ
624 1467 684 1522 δὲ
728 1470 809 1533 εἰς
851 1469 1200 1542 ἀποκάλυψιν
1237 1472 1346 1528 τῶν
1389 1473 1695 1545 μελλόντων
1728 1475 1842 1529 ἔσε-

244 1559 371 1614 σθαι
403 1561 648 1630 ἀγαθῶν,
681 1555 758 1616 ὧν
787 1557 960 1618 ὲλθὼν
984 1564 1013 1617 6
1037 1563 1245 1637 Κύριος
1278 1565 1438 1637 ἡμῶν
1479 1565 1686 1639 Ἰησοῦς
1715 1569 1848 1640 Χρι-

242 1655 370 1719 στὸς
402 1655 570 1720 ἔδειξε
591 1655 692 1728 τὴν
719 1655 1001 1727 πλήρωσιν
1024 1657 1085 1712 έν
1110 1657 1190 1731 τῷ
1219 1659 1559 1732 Εύαγγελίῳ.

315 1749 372 1803 l'.
415 1748 497 1802 Τά
543 1749 602 1803 δὲ
638 1751 739 1822 τῆς
796 1753 952 1824 παρὰ
993 1752 1077 1806 σοὶ
1115 1753 1313 1825 ἐτέρας
1358 1755 1497 1809 θεῶν
1524 1755 1847 1830 διαιρέσεως

240 1841 406 1913 τριχῆ
477 1841 640 1896 πάλιν
703 1843 1072 1918 διαιρεθείσης
1131 1846 1509 1914 ὲπαναλαϐὼν,
1560 1851 1655 1902 καὶ
1703 1851 1843 1906 αύτά

1957 660 2012 710 et
2029 652 2246 726 Moyses
2273 657 2446 728 legem
2476 657 2673 724 edidit,
2702 676 2893 731 quam,
2913 660 3162 718 dictante
3192 664 3441 733 Domino,
3473 666 3555 724 di-

1951 745 2186 804 dicerat.
2221 747 2406 814 Quare
2433 750 2547 806 duo
2602 751 2695 807 illa
2747 760 2931 809 tamen
2967 757 3132 813 verba
3185 774 3294 813 non
3353 759 3548 829 procul

1955 837 2242 895 arcessitis
2299 840 2632 906 rationibus,
2687 841 2784 898 sed
2827 859 2928 899 usu
2963 846 3360 917 propemodum
3402 849 3546 920 ipso,

1955 941 2021 982 ac
2045 929 2352 999 prolatione
2389 933 2773 991 conciderunt.
2811 935 3022 993 Etenim
3052 939 3200 993 illam
3229 954 3260 994 a
3281 939 3393 996 Deo
3417 956 3553 1012 pro-

1955 1019 2157 1076 fectam
2215 1039 2342 1081 esse
2412 1025 2586 1096 legem
2657 1029 2862 1083 nemini
2923 1030 3219 1086 obscurum
3280 1033 3544 1089 arbitror.

1956 1112 2106 1171 Idem
2140 1115 2232 1172 ille
2263 1133 2394 1174 vero
2433 1119 2637 1190 ubique
2665 1119 2964 1178 decernere
2995 1123 3154 1188 solet,
3189 1125 3388 1193 partim
3422 1142 3551 1198 qua:

1953 1208 2300 1278 temporibus
2354 1218 2691 1281 congruunt,
2745 1214 2944 1282 partim
2996 1231 3119 1285 quae
3169 1218 3339 1275 certis
3381 1219 3549 1278 rebus

1954 1299 2353 1357 adumbrandis
2396 1303 2667 1369 serviunt,
2705 1305 2906 1374 partin.
2941 1308 3144 1376 quibus
3181 1308 3366 1366 futura
3399 1313 3544 1370 bona

1955 1391 2345 1458 declarantur;
2380 1411 2502 1464 qua:
2558 1396 2610 1450 in
2665 1397 2963 1470 Evangelio
3021 1401 3246 1458 demum
3306 1406 3543 1462 adventu

1953 1498 2056 1539 suo
2083 1484 2343 1541 Christus
2368 1484 2530 1544 .Iesus
2545 1485 2811 1546 Dominus
2837 1498 3027 1547 noster
3055 1493 3326 1564 implevit.

1980 1744 1981 1747 “
2018 1748 2089 1809 Χ.
2129 1749 2300 1808 Venio
2332 1753 2446 1824 jam
2493 1754 2559 1810 ad
2596 1755 2825 1812 alteram
2867 1755 3018 1812 illam
3071 1756 3380 1816 institutam
3424 1775 3453 1815 a
3497 1768 3552 1817 te

1948 1841 2172 1900 deorum
2198 1845 2467 1916 triplicem
2496 1845 2883 1914 tlillerentiam,
2917 1864 3082 1919 quam
3109 1851 3300 1907 eadem
3335 1853 3551 1909 ratione

239 1933 400 2000 δείξω
434 1935 586 2006 παρά
625 1935 709 1989 col.
760 1939 1312 2010 σεσυκοφαντημένα,
1351 1942 1446 1994 καὶ
1477 1941 1578 1996 ούκ
1619 1941 1746 1998 ἄλλο
1781 1961 1835 1998 τι

1950 1937 2283 1995 calumniose
2346 1939 2636 1994 conlictam
2688 1956 2846 2007 esse,
2908 1953 3069 2014 teque
3115 1944 3167 1998 id
3211 1945 3359 2014 quod
3399 1947 3549 2016 plani

239 2027 300 2081 δν
325 2026 461 2081 ἀλλά
488 2027 684 2100 γόητος
717 2027 780 2083 τὸ
804 2029 987 2101 ἔργον.
1015 2031 1174 2095 Ποίος
1191 2031 1300 2102 γὰρ
1332 2034 1464 2104 ἡμῖν
1495 2033 1676 2105 τρίτος
1705 2034 1836 2100 Θεὸς

241 2119 528 2191 πάρεστιν,
563 2121 628 2172 ὲκ
687 2119 782 2173 δύο
811 2121 1100 2187 συσταθεὶς
1138 2125 1516 2196 όμοιομάτων,
1577 2125 1670 2180 καὶ
1721 2125 1834 2180 οὔθ’

239 2210 428 2281 ἕτερος
457 2207 532 2264 ὢν
556 2209 664 2264 τῶν
690 2209 805 2277 δύο,
822 2208 947 2266 οὔτε
973 2211 1072 2284 τὴν
1088 2211 1288 2268 κακίαν
1313 2212 1454 2285 ἔχων
1480 2215 1573 2269 καὶ
1599 2214 1834 2281 ἀδικίαν,

239 2299 316 2364 ὼς
345 2299 504 2372 ἔφης,
532 2299 658 2355 οὔτε
717 2301 817 2375 τὴν
850 2303 1170 2377 ἀγαθότητα
1195 2306 1291 2360 καὶ
1330 2306 1595 2379 φωτεινὴν
1623 2307 1834 2373 οὐσίαν,

240 2395 570 2465 μεσαίτατος
595 2395 652 2450 δὲ
680 2394 756 2449 ὢν
784 2397 1029 2463 δίκαιος;
1054 2399 1166 2452 Καὶ
1183 2400 1292 2471 γὰρ
1319 2399 1536 2471 ἀληθῶς
1558 2400 1838 2473 ἀλλότριος

237 2485 315 2540 ὣν
350 2487 532 2559 πάσης
554 2486 924 2560 δικαιοσύνης,
956 2489 1184 2555 εἰκότως
1227 2492 1449 2560 ἀγνοεῖς
1471 2491 1524 2544 τί
1554 2492 1688 2546 ποτέ
1719 2494 1836 2546 ἐστι

236 2578 574 2653 δικαιοσύνη,
600 2579 792 2654 ἑτέραν
819 2582 991 2655 αὐτὴν
1025 2584 1179 2656 παρά
1207 2583 1307 2657 τὴν
1332 2585 1648 2657 ἀγαθότητα
1678 2587 1835 2658 νομί-

240 2671 370 2737 ζων.
414 2671 557 2727 Πολὺ
607 2673 666 2728 δὲ
693 2674 1020 2747 ὲλεγχθήσῃ,
1051 2669 1098 2730 ὦ
1138 2677 1429 2749 ρᾳδιουργὲ
1459 2679 1555 2732 καὶ
1592 2678 1838 2750 ἀλλότριε

238 2764 340 2834 τῆς
364 2763 644 2836 ἀληθείας.
671 2766 985 2839 Οὐδαμόθεν
1013 2767 1123 2842 γὰρ
1148 2769 1358 2839 γίνεται
1375 2772 1438 2825 τὸ
1463 2771 1693 2838 δίκαιον,
1721 2771 1837 2826 ἀλλ’

239 2858 300 2922 ἐξ
318 2859 660 2932 ἁγαθότητος
673 2878 688 2893 ·
725 2863 823 2916 καὶ
839 2864 960 2918 οὐδὲ
989 2865 1166 2927 ἄλλως
1186 2883 1270 2928 τις
1291 2866 1578 2938 γενήσεται
1611 2866 1836 2935 ἀγαθὸς,

238 2950 288 3001 εἰ
323 2946 455 3025 μὴῇ
489 2950 720 3016 δίκαιος.
757 2952 924 3008 Ὅθεν
965 2955 1062 3008 καὶ
1092 2954 1314 3027 Κύριος,
1353 2955 1593 3009 ἐπαινῶν
1627 2956 1727 3027 τὴν
1762 2974 1840 3010 νο-

241 3040 504 3112 μοθεσίαν
525 3043 620 3096 καὶ
646 3043 776 3108 τοὺς
813 3046 984 3118 αὐτῆς
1017 3047 1285 3114 δικαίους,
1327 3048 1483 3116 έλεγε
1504 3065 1518 3080 ·
1548 3050 1841 3120 Κοσμεῒτε

236 3133 384 3201 τοὺς
421 3133 649 3203 τάφους
685 3135 807 3191 τῶν
844 3139 1188 3209 προφητῶν,
1234 3141 1333 3195 καὶ
1379 3141 1742 3212 οἰκοδομεῖτε
1767 3143 1842 3198 τὰ

230 3225 498 3297 μνημεῖα
534 3223 654 3283 τῶν
690 3228 955 3297 δικαίων,
993 3232 1093 3286 καί
1128 3235 1185 3288 οἰ
1219 3233 1470 3304 πατέρες
1537 3234 1698 3305 ὑμῶν
1726 3238 1840 3292 ἀπ-

1945 2027 2186 2086 hominis
2235 2044 2300 2084 ac
2348 2029 2642 2086 nebulonis
2698 2039 2783 2087 est
2818 2032 2999 2103 egisse
3055 2035 3347 2104 perspicue
3395 2051 3548 2090 com-

1945 2121 2210 2193 probabo.
2260 2118 2465 2192 Ecquis
2511 2124 2656 2177 enim
2702 2123 2898 2180 tertius
2945 2123 3038 2181 ille
3087 2126 3250 2181 nobis
3283 2127 3420 2182 deus
3467 2141 3552 2183 est

1944 2213 2150 2284 duplici
2171 2229 2239 2268 ex
2269 2213 2631 2271 similitudine
2661 2214 2954 2281 conﬂatus,
2996 2217 3089 2288 qui
3119 2233 3221 2273 nec
3253 2220 3392 2273 alter
3422 2220 3493 2273 sit
3521 2235 3554 2275 e

1945 2305 2181 2371 duobus,
2209 2321 2312 2363 nec
2333 2305 2641 2364 infuscatus
2671 2308 2900 2375 malitia,
2925 2309 3010 2366 vel
3033 2309 3324 2380 iniustitia,
3357 2319 3416 2366 ut
3446 2313 3552 2380 ais,

1945 2398 2084 2464 ulla,
2115 2414 2297 2471 neque
2341 2399 2622 2466 bonitate,
2667 2400 2960 2473 lucidaque
3009 2412 3208 2458 natura
3253 2406 3550 2476 praeditus,

1947 2488 2043 2545 sed
2089 2490 2258 2545 medii
2286 2490 2578 2561 cujusdam
2626 2491 2700 2548 sit
2732 2492 2948 2550 ordinis
2983 2493 3209 2564 justus?
3238 2496 3316 2551 Ac
3353 2499 3554 2554 mei-ito

1947 2589 2007 2637 tu
2053 2583 2276 2653 quidem
2331 2585 2400 2638 ab
2431 2585 2583 2639 omni
2632 2593 2881 2642 remotus
2928 2586 3145 2657 justitia
3188 2589 3320 2660 quid
3371 2605 3451 2645 ea.
3479 2590 3552 2646 sit

1947 2671 2205 2748 ignoras,
2254 2690 2382 2730 cum
2423 2675 2568 2731 hanc
2601 2677 2778 2747 ipsam
2825 2692 2856 2733 a
2890 2677 3140 2734 bonitate
3185 2681 3454 2750 sejungis.
3495 2681 3553 2734 In

1946 2779 2077 2834 quo,
2105 2764 2388 2820 hominum
2436 2765 2793 2836 nequissime,
2831 2780 2895 2822 ac
2926 2768 3176 2823 veritatis
3221 2769 3552 2824 inimicissi-

1949 2856 2070 2912 me!
2114 2854 2392 2912 manifesti
2443 2857 2654 2913 erroris
2700 2858 2970 2928 argueris.
3001 2857 3120 2914 Non
3149 2859 3296 2913 enim
3331 2859 3555 2914 aliunde

1948 2961 2113 3018 quam
2153 2963 2221 3003 ex
2251 2947 2498 3003 bonitate
2539 2947 2689 3018 quod
2714 2949 2928 3018 justum
2961 2949 3305 3019 appellamus
3340 2950 3551 3017 oritur;

1949 3056 2127 3111 neque
2165 3041 2456 3112 quisquam
2481 3079 2496 3104 ,
2539 3041 2646 3095 nisi
2681 3041 2822 3096 idem
2877 3042 3057 3096 bonus
3083 3041 3190 3104 sit,
3239 3041 3405 3112 226
3431 3055 3555 3096 esse

1921 3131 2130 3206 justus
2167 3134 2388 3204 poterit.
2438 3133 2677 3204 Ideoque
2718 3131 2986 3189 Dominus
3018 3133 3186 3190 Mosis
3236 3133 3413 3204 legem
3449 3147 3556 3187 suo

1951 3225 2227 3297 przeconio
2276 3224 2672 3281 commendans
2734 3223 2916 3278 aiebat
2965 3243 2979 3278 :
3030 3222 3253 3279 Ornatis
3310 3223 3553 3290 sepulcra

235 3321 519 3375 ἐκτειναν
549 3323 796 3391 αὐτούς.
837 3323 1010 3378 Πόθεν
1039 3324 1098 3378 δὲ
1130 3326 1389 3395 γεγόνασι
1430 3327 1712 3400 προφῆται
1745 3328 1838 3381 καὶ

1950 3317 2312 3387 prophetarum
2355 3325 2406 3370 et
2453 3315 2736 3384 mdiﬁcatis
2780 3315 3105 3368 monimenta
3153 3313 3469 3382 justorum,
3500 3319 3553 3364 et

235 3412 441 3466 δίκαιοι
461 3412 577 3466 ἀλλ’
615 3413 649 3485 ἢ
677 3414 788 3469 ἀπὸ
823 3415 925 3486 τῆς
954 3416 1051 3470 τοῦ
1080 3417 1294 3490 Πατρὸς
1331 3417 1698 3490 ἀγαθότητος;
1729 3419 1840 3474 Kal.

236 3504 330 3557 ἶνα
366 3503 540 3578 δείξῃ,
569 3505 652 3559 δτι
684 3507 742 3559 ὲν
762 3506 840 3577 τῷ
873 3507 1032 3578 μέρει
1070 3509 1170 3580 τῆς
1203 3509 1541 3580 ἀγαθότητος
1576 3511 1605 3562 6
1636 3509 1840 3573 δίκαιος

236 3593 492 3666 ἕστηκεν,
517 3594 734 3665 ἔλεγεν⁸
778 3595 1002 3667 Ὅμοιοι
1036 3597 1287 3668 γένεσθε
1325 3598 1408 3667 τῷ
1449 3600 1636 3669 Πατρί
1673 3599 1844 3672 ὑμῶν

237 3689 323 3755 τῷ
342 3691 416 3744 ἐν
440 3690 567 3758 τοῖς
596 3692 895 3761 οὐρανοῖς,
929 3693 1020 3749 ὅτι
1038 3696 1358 3752 ἀνατέλλει
1385 3696 1494 3751 τὸν
1526 3697 1706 3765 ἣλιον
1733 3701 1843 3753 αὑ-

238 3783 352 3837 τοῦ
401 3782 502 3836 ἐπὶ
541 3783 803 3853 ἀγαθοὺς
849 3787 950 3840 καὶ
994 3787 1322 3857 πονηροὺς,
1371 3788 1471 3843 καί
1491 3788 1704 3859 βρέχει
1743 3790 1844 3843 ἐπὶ

235 3874 518 3941 δικαίους
557 3875 656 3928 καὶ
691 3875 942 3944 ἀδίκους
960 3894 973 3908 ·
1010 3877 1098 3931 ἵνα
1124 3877 1276 3952 δείξῃ
1303 3877 1366 3932 τὸ
1390 3878 1596 3934 δίκαιον
1621 3880 1843 3949 ἀγαθὸν,

237 3967 342 4022 καὶ
389 3967 449 4020 τὸ
505 3965 711 4038 ἀγαθὸν
741 3967 971 4035 δίκαιον,
1003 3971 1100 4026 καὶ
1131 3971 1194 4025 τὸ
1223 3972 1462 4044 πονηρὸν
1507 3972 1715 4041 ἄδικον,
1754 3974 1848 4027 καὶ

237 4060 306 4113 τὸ
335 4061 521 4116 ἄδικον
551 4060 810 4138 πονηρόν.

319 4151 428 4223 Τὴν
480 4153 539 4206 δὲ
594 4152 897 4226 ἐπιπλοκὴν
918 4155 985 4225 ἦν
1022 4155 1161 4226 ἔφης
1189 4155 1285 4209 τοῦ
1311 4155 1500 4228 νόμου,
1530 4157 1590 4211 ού
1619 4158 1848 4212 δύνασαι

242 4245 547 4311 ἀποδεῖξαι.
610 4246 815 4309 Ἐἀλως
852 4247 964 4321 γὰρ
995 4249 1348 4318 συκοφαντῶν
1374 4249 1466 4304 τὸν
1501 4250 1690 4321 νόμον,
1726 4253 1849 4304 ἐπι-

239 4338 454 4408 πλοκήν
486 4354 610 4390 τινα
658 4337 811 4409 αὐτῷ
849 4339 1203 4410 προσάπτων,
1238 4338 1330 4393 δὶά
1357 4338 1420 4393 τὸ
1452 4341 1729 4412 εἰρηκέναι
1757 4341 1851 4396 τὸν

1939 3420 2117 3479 patres
2145 3411 2300 3465 vestri
2333 3407 2633 3464 occiderunt
2656 3407 2778 3462 illos
2805 3408 2844 3460 ¹.
2875 3406 3028 3462 Unde
3061 3406 3228 3477 igitur
3251 3404 3550 3475 prophetae,

1938 3502 2186 3573 justique
2218 3502 2323 3556 nisi
2354 3517 2382 3555 ιι
2416 3501 2655 3555 Parente
2690 3499 2954 3553 bonitatis
2981 3497 3353 3553 exstiterunt?
3377 3497 3556 3566 Atque

1945 3603 2005 3649 ut
2037 3593 2376 3664 intelligeres
2421 3593 2637 3662 justum
2687 3593 2741 3646 in
2795 3591 3061 3648 bonitatis
3091 3600 3247 3662 parte
3287 3589 3500 3644 versari
3535 3608 3549 3644 :

1947 3685 2184 3749 Similes,
2211 3686 2307 3749 ait,
2339 3693 2505 3740 estote
2540 3683 2702 3737 Patri
2742 3694 2916 3738 vestro
2947 3683 3040 3754 qui
3069 3683 3124 3736 in
3153 3682 3297 3737 caelis
3321 3692 3429 3744 est,
3463 3683 3555 3752 qui

1946 3779 2079 3833 oriri
2106 3777 2239 3847 facit
2266 3777 2430 3832 solem
2455 3793 2610 3832 suum
2645 3793 2802 3846 super
2828 3776 2991 3830 bonos
3023 3786 3071 3830 et
3105 3775 3276 3828 malos
3299 3815 3313 3839 ,
3341 3783 3393 3828 et
3422 3773 3558 3842 pluit

1946 3888 2106 3942 super
2147 3871 2326 3940 justas
2354 3879 2404 3925 et
2445 3869 2677 3938 injustas
2706 3869 2726 3900 ⁸
2753 3887 2767 3925 :
2797 3879 2856 3924 ut
2907 3877 2962 3925 et
2998 3867 3212 3938 justum
3236 3909 3251 3934 ,
3302 3882 3427 3922 esse
3458 3867 3560 3921 bo-

1948 3978 2112 4028 num,
2151 3971 2207 4016 et
2228 3961 2435 4016 bonum
2462 3956 2677 4032 justum
2699 4000 2714 4026 ,
2740 3970 2796 4014 et
2828 3960 3140 4028 improbum
3175 3957 3469 4028 injustum,
3503 3966 3559 4011 et

1949 4054 2218 4124 iniustum
2250 4054 2560 4124 improbum
2588 4067 2712 4108 esse
2736 4058 3095 4106 monstraret.
3533 4069 3535 4071 ί

2019 4141 2160 4196 Nam
2203 4144 2350 4212 quod
2394 4143 2734 4212 implicatam
2773 4148 2827 4194 et
2853 4139 3169 4209 perplexam
3217 4138 3388 4209 legem
3434 4153 3561 4194 esse

1951 4234 2272 4298 contendis,
2306 4235 2362 4289 id
2401 4234 2629 4289 omnino
2678 4233 3065 4286 demonstrare
3103 4246 3214 4284 non
3263 4239 3418 4300 potes
3451 4248 3464 4284 :
3495 4246 3560 4284 ac

1952 4341 2051 4397 per
2107 4341 2376 4382 summam
2422 4333 2482 4380 ut
2541 4331 2827 4396 appareret
2871 4323 3206 4377 calumniam
3294 4323 3436 4376 hanc
3507 4322 3556 4378 ci

234 4427 445 4498 νόμονο
499 4427 835 4497 Ὀφθαλμὸν
888 4429 1024 4484 ἀν·τί
1076 4430 1426 4500 ὀφθαλμοῦ,
1485 4431 1580 4488 καὶ
1635 4430 1843 4486 ὀδόντα

1952 4419 2130 4474 labem
2191 4420 2441 4490 aspergis
2492 4435 2557 4474 ex
2625 4434 2691 4474 eo
2733 4418 2880 4488 quod
2949 4419 3024 4471 ita
3079 4418 3162 4472 lex
3224 4417 3556 4488 praecipiat:

235 4520 380 4574 ἀντὶ
406 4519 654 4587 ὀδόντος
673 4537 688 4552 ·
747 4522 845 4576 καὶ
871 4590 879 4594 _
908 4521 1099 4592 ἐπειδὴ
1139 4521 1356 4590 φονεύει
1383 4525 1413 4576 6
1442 4523 1607 4594 νόμος
1637 4523 1726 4577 τὸν
1753 4541 1843 4592 φο-

1956 4511 2186 4581 Οειιίιιῃι
2215 4527 2312 4581 pro
2335 4512 2511 4576 oculo,
2539 4511 2746 4565 dentem
2777 4527 2874 4580 pro
2910 4512 3063 4565 dente
3097 4511 3154 4576 ’ς
3191 4511 3358 4565 simul
3392 4510 3558 4564 etiam

235 4611 460 4682 νευτήν.
505 4611 666 4666 Ἀλλά
693 4611 752 4679 ἐξ
781 4590 954 4684 αὐτῆς
983 4590 1095 4684 τῆς.
1113 4613 1210 4667 τοῦ
1237 4615 1442 4686 Κυρίου
1473 4590 1631 4687 ἡμῶν
1673 4590 1843 4703 Ἰησοῦ

1955 4608 2102 4679 quod
2139 4608 2647 4678 parricidamjubet
2677 4607 2933 4661 interﬁci.
2987 4603 3190 4660 Verum
3231 4621 3354 4675 quae
3387 4619 3416 4655 a
3457 4602 3562 4657 Do-

235 4703 485 4776 Χριστοῦ
513 4705 896 4776 πραγματείας
925 4705 1296 4776 δειχθήσεται,
1321 4707 1404 4760 ὃτι
1435 4707 1536 4761 ούκ
1570 4695 1841 4779 ἐπιπλοκὴ

1955 4702 2106 4755 mino
2132 4699 2264 4758 Jesu
2293 4703 2422 4757 dum
2453 4703 2659 4757 viveret
2681 4711 2857 4773 gesta,
2884 4699 3382 4768 administralaque
3405 4706 3559 4760 sunt,

231 4814 326 4861 τις
355 4792 445 4868 ἧν,
476 4796 591 4850 ἀλλ’
624 4800 657 4868 ἡ
695 4797 834 4869 αὐτὴ
857 4793 928 4868 ἦν
965 4798 1280 4870 νομοθεσία,
1314 4799 1412 4853 καί⁵
1446 4801 1510 4853 τὸ
1533 4800 1667 4854 αὐτὸ
1692 4802 1843 4872 ένερ-

1951 4792 2404 4849 manil‘estissime
2437 4792 2838 4855 demonstrant,
2870 4790 3009 4844 nihil
3043 4791 3098 4844 in
3130 4791 3248 4860 lege
3277 4805 3404 4845 esse
3435 4805 3565 4858 per-

233 4891 331 4957 τεῖ
356 4891 426 4960 τῇ
468 4888 573 4940 ὑπὸ
607 4887 701 4941 τοῦ
728 4888 981 4960 Σωτῆρος
1009 4888 1278 4964 εἰρημένῃ
1315 4890 1528 4962 ἐντολῇ,
1577 4891 1662 4954 τὸ,
1707 4890 1843 4944 Ἐάν

1951 4886 2171 4956 plexum
2203 4893 2300 4938 aut
2327 4885 2656 4954 implicitum
2708 4884 2782 4937 inr.
2813 4897 2967 4947 sese,
3001 4882 3258 4950 idemque
3300 4891 3564 4951 praestare

232 4982 336 5048 τίς
362 4994 440 5033 σε
465 4979 745 5050 τυπτήσῃ
778 4980 866 5046 εἰς
896 4980 1011 5049 τὴν
1033 4981 1242 5045 δεξιὰν
1271 4983 1546 5052 σιαγόνα,
1571 4981 1843 5050 στρέψον

1952 4994 2181 5050 prorsus
2231 4978 2376 5048 quod
2426 4977 2519 5031 illa
2561 4977 2863 5032 Salvatoris
2922 4977 3008 5030 lex
3064 4974 3281 5030 ellicit':
3336 4972 3396 5026 Si
3444 4974 3563 5043 quis

232 5070 412 5138 αὐτῷ
476 5071 576 5125 καί
620 5069 739 5139 τὴν
797 5071 1021 5138 ἄλλην.
1064 5073 1175 5126 Καὶ
1206 5074 1236 5126 6
1263 5071 1429 5142 νόμος
1459 5071 1630 5126 πάλαι
1688 5073 1843 5124 τοῦτο

1951 5071 2269 5142 percusserit
2303 5078 2350 5133 te
2384 5070 2440 5124 in
2467 5068 2714 5124 dextram
2748 5065 3244 5136 maxillam,pr¢ebe
3261 5065 3344 5119 illi
3361 5075 3408 5118 et
3429 5065 3564 5120 alle-

234 5163 639 5230 κατεσκεύαζε,
700 5164 908 5233 λέγων’
951 5165 1287 5235 Ὀφθαλμὸν
1327 5165 1462 5220 ἀντὶ
1510 5164 1843 5234 ὀφθαλμοῦ,

1955 5182 2071 5218 ram
2107 5164 2145 5217 ⁸.
2177 5163 2335 5230 Quod
2362 5163 2541 5232 ipsum
2580 5162 2662 5217 lex
2697 5162 2828 5217 olim
2856 5161 3108 5216 obtinere
3132 5158 3407 5224 studebat,
3434 5173 3562 5212 cum

233 5254 497 5309 τουτέστι
519 5255 749 5326 στρέψον
805 5255 956 5328 αύτῷ
1008 5257 1108 5328 τὴν
1165 5257 1409 5326 σιαγόνα.
1443 5257 1569 5310 "Iva‘
1590 5257 1702 5328 γὰρ
1727 5257 1843 5310 δια-

1955 5255 2032 5312 ita
2076 5256 2398 5326 praeciperet
2441 5272 2461 5310 ι
2507 5252 2736 5309 Oculum
2774 5269 2870 5323 pro
2906 5251 3079 5316 oculo,
3118 5258 3249 5315 etc.,
3296 5250 3402 5306 hoc
3445 5257 3562 5315 est,

238 5347 417 5418 φύγοι
461 5347 499 5402 ἀ
557 5347 721 5402 πάθοι
761 5348 850 5412 ἂν,
882 5349 931 5401 εί
961 5348 1177 5421 πλήξει,
1220 5351 1449 5421 παρεῖχε
1484 5349 1583 5420 τὴν
1625 5349 1843 5418 σιαγόνα

1958 5350 2138 5422 praebe
2175 5347 2251 5402 illi
2292 5347 2592 5401 maxillam.
2621 5343 2756 5399 Nam
2788 5354 2847 5401 ut
2891 5359 2987 5400 eas
3022 5358 3218 5414 pinnas
3267 5343 3564 5414 effugeret,

234 5440 325 5512 τῷ
351 5439 630 5504 τύπτοντι,
665 5439 841 5507 εἰδὼς,
855 5441 960 5507 ὅτι,
990 5443 1040 5496 εἰ
1066 5440 1258 5512 ἀφέλοι
1282 5440 1584 5512 ὀφθαλμὸν,
1617 5441 1686 5495 τὰ
1712 5441 1843 5495 αὐτὰ

1963 5441 2034 5496 ob
2076 5455 2216 5510 quas
2260 5439 2309 5494 si
2349 5444 2664 5510 percuteret
2696 5437 2848 5492 luere
2887 5443 3200 5506 oporteret,
3247 5435 3565 5491 verberanti

238 5532 504 5586 πείσεται
536 5530 629 5586 διὰ
653 5531 747 5586 τόν
774 5532 959 5604 νόμον.
1047 5578 1050 5580 .

1965 5533 2242 5586 maxillam
2273 5528 2508 5602 praebuit
2539 5548 2550 5582 :
2584 5529 2729 5584 haud
2766 5529 2992 5600 ignarus
3031 5527 3076 5584 si
3128 5528 3350 5583 oculum
3382 5526 3567 5582 eruis-

1964 5633 2070 5686 set,
2105 5623 2244 5680 idem
2280 5625 2384 5679 sibi
2407 5640 2474 5680 ex
2509 5625 2627 5693 lege
2654 5637 2777 5678 esse
2808 5620 3220 5677 sustinendum.

319 5710 430 5768 IA'.
475 5713 563 5776 Ὧς
587 5712 696 5785 γὰρ
723 5714 754 5768 6
774 5714 966 5788 Πατὴρ
985 5715 1237 5787 βούλεται
1262 5717 1544 5771 παιδεύειν
1568 5735 1636 5772 τα
1662 5717 1843 5782 τέκνα,

2035 5718 2124 5773 XI.
2159 5719 2338 5789 Atque
2393 5729 2452 5773 ut
2503 5718 2662 5772 Pater
2715 5717 2917 5770 liberos
2957 5715 3039 5771 sic
3081 5714 3357 5781 instituit,
3396 5716 3455 5768 ut
3493 5708 3561 5766 ad

327 5871 351 5906 ³
379 5869 571 5930 Matth.
605 5889 760 5943 nm,
799 5873 888 5932 29.
966 5876 984 5907 ²
1013 5872 1202 5930 Matth.
1239 5890 1290 5941 v,
1319 5874 1409 5931 45.
1487 5876 1506 5908 ³
1537 5873 1711 5931 Exod.
1747 5890 1860 5943 xxi,
1903 5874 2014 5943 ει,
2041 5873 2216 5932 Levit.
2261 5890 2412 5944 xxiv,
2445 5873 2536 5930 20.
2615 5872 2636 5905 ⁸
2665 5871 2856 5928 Matth.
2891 5888 2942 5939 v,
2975 5871 3067 5927 '59.
