3982 6418
230 292 352 351 ὅτι

1290 286 1666 351 ADVERSUS
1705 284 2056 344 HIERESES
2096 284 2227 343 UB.
2274 286 2317 342 I.
2364 280 2533 346 τΟΜ.
2574 286 2669 343 III.

3453 301 3563 363 578

229 410 448 483 ἔφερες
474 412 631 483 ἡμῖν,
668 411 866 479 μᾶλλον
888 409 942 463 δὲ
972 408 1154 481 σαυτῷ
1184 410 1278 464 καὶ
1310 412 1423 477 τοῖς
1452 410 1559 464 ὑπὸ
1594 407 1687 464 σοῦ
1709 408 1856 479 ἠπα-

1977 410 2122 471 bato,
2156 407 2438 463 czeterisve
2480 406 2746 478 disputat.
2783 408 2966 482 Atque
3017 412 3230 471 utinam
3268 417 3562 477 veritatem

230 502 513 574 τημένοις
543 503 556 555 !

323 766 428 819 IB'.
458 765 687 838 Νομίζω
717 766 775 821 δὲ
796 768 891 822 καὶ
922 769 981 823 ὲν
1002 766 1082 840 τῷ
1112 766 1344 839 παρόντι
1377 765 1579 831 ἱκανῶς
1596 766 1737 839 πρὸς
1755 767 1856 833 τάς

236 875 349 914 σου
383 858 581 926 λέξεις,
627 852 672 913 ὦ
717 858 957 931 ἀγύρτα,
1013 859 1290 932 εἰρῆσθαι.
1338 851 1440 912 Ὧν
1484 860 1720 931 ποιήσας
1762 860 1856 914 τὸν

235 948 498 1019 ἔλεγχον,
538 949 633 1002 ἐπὶ
668 947 765 1014 τὰς
799 949 928 1020 ἑξῆς
954 950 1196 1022 αἱρέσεις
1231 946 1544 1020 βαδιοῦμαι,
1570 948 1662 1003 τὸν
1695 948 1858 1002 αὑτὶν

236 1039 389 1094 Θεὸν
438 1041 686 1112 συνήθως
732 1040 1165 1115 επικαλούμενος
1202 1041 1567 1112 ἐπικουρῆσαι
1590 1042 1660 1112 τῇ
1696 1038 1858 1112 ἡμῶν

240 1133 594 1206 μετριότητι,
624 1133 704 1198 εἰς
740 1133 801 1188 τὸ
840 1136 1096 1207 φωρᾶσαι
1119 1134 1361 1206 ἑκάστης
1387 1133 1656 1207 αἱρέσεως
1690 1149 1860 1204 παρα-

240 1223 637 1297 πεποιημένης
659 1225 750 1278 τὸν
790 1224 1036 1296 ἔλεγχον.
1084 1225 1209 1278 Ὀτι
1253 1225 1352 1297 μὲν
1383 1223 1492 1296 γὰρ
1525 1224 1883 1297 συρίγμασινν

241 1315 477 1381 ἑαυτοῦ,
503 1315 579 1381 ῶς
610 1316 718 1370 ἀπὸ
742 1316 1021 1390 θαλάσσης
1047 1317 1289 1387 ἀνελθὼν
1305 1317 1382 1390 (8)
1411 1318 1739 1390 καρχαρίας,
1764 1318 1860 1371 καὶ

244 1407 475 1480 ἔχιδναν
499 1408 978 1481 προσκαλούμενος
1028 1409 1126 1483 τὴν
1149 1408 1377 1483 Φλώραν
1419 1409 1509 1464 διὰ
1535 1410 1645 1463 τῶν
1672 1390 1861 1480 γραμ-

249 1503 467 1574 μάτων,
495 1502 667 1574 αὐτήν
694 1519 756 1555 τε
786 1503 883 1558 καὶ
914 1502 1109 1569 ἄλλους
1159 1504 1258 1557 σὺν
1294 1505 1436 1577 αὐτῇ
1474 1504 1750 1574 ὴπάτησε,
1775 1502 1861 1557 δέ·

245 1597 469 1651 δεικται
518 1597 574 1649 ὲν
622 1598 735 1661 τοῖς
784 1596 1135 1669 εἰρημένοιςο
1165 1598 1223 1651 ὲν
1259 1598 1317 1651 δὲ
1369 1601 1431 1671 τῇ
1473 1598 1576 1668 τῆς
1600 1594 1862 1667 ἀληθείας

249 1690 500 1762 σαγήνῃ.
526 1683 613 1761 ⁸ἧς
649 1689 710 1743 τὸ
752 1688 982 1763 αἴνιγμα
1010 1692 1039 1745 ὁ
1086 1690 1291 1763 Κύριος
1325 1692 1383 1744 ὲν
1431 1689 1510 1762 τῷ
1539 1687 1861 1760 Εὑαγγελίῳ

1956 497 2015 554 in
2040 499 2300 556 omnibus
2345 499 2649 566 retineres,
2684 515 2875 573 neque,
2906 504 3129 561 tertium
3162 508 3354 566 nescio
3393 526 3559 581 quem

1958 590 2123 648 deum
2149 605 2214 647 ac
2253 590 2495 648 medium
2515 634 2532 661 ,
2558 593 2652 664 qui
2685 594 2870 650 nullus
2899 604 2986 653 est
3015 597 3198 667 nobis,
3223 600 3308 657 vel
3339 601 3438 657 tibi
3461 616 3561 673 po-

1958 683 2068 739 tius
2102 697 2168 737 ac
2198 683 2311 739 tuis
2346 683 2701 742 obtruderes!

2030 774 2199 847 228
2226 772 2342 831 ΧΠ.
2377 774 2488 832 Sed
2520 776 2959 848 impurissimam
2990 778 3143 837 illam
3183 790 3335 837 tuam
3368 796 3559 837 vocem

1958 869 2095 924 satis
2129 868 2185 922 in
2225 868 2577 938 praesentiam
2629 885 3006 942 compressam
3041 873 3308 939 arbitror,
3347 875 3566 945 impru-

1959 960 2284 1016 dentissime
2317 961 2558 1017 nebulo!
2610 961 2786 1034 Cujus
2833 965 3090 1021 convicta
3130 965 3380 1023 falsitate
3410 975 3566 1023 ante-

1959 1069 2124 1123 quam
2152 1054 2398 1125 reliquas
2430 1055 2501 1110 ad
2553 1054 2796 1115 haereses
2843 1058 3287 1128 progrediamur,
3318 1059 3564 1114 divinam

1960 1163 2062 1219 pro
2090 1162 2158 1204 eo
2188 1163 2256 1203 ac
2276 1148 2544 1216 solemus,
2582 1163 2744 1220 opem
2774 1149 3219 1221 implorabimus,
3253 1157 3316 1205 ut
3346 1150 3416 1206 ad
3442 1151 3567 1205 illas

1955 1239 2291 1312 jugulandas
2323 1240 2581 1296 tenuitati
2616 1248 2824 1299 nostra
2864 1242 3009 1311 vires
3045 1242 3381 1313 suppeditet.
3419 1241 3569 1296 Satis

1960 1333 2108 1386 enim
2154 1347 2220 1388 ex
2253 1331 2323 1387 iis
2354 1347 2477 1402 qua
2514 1332 2759 1389 diximus
2794 1333 3135 1391 intellectum
3165 1335 3367 1404 opinor
3393 1377 3409 1403 ,
3438 1333 3570 1390 Pto-

1962 1424 2248 1489 lemaeum,
2286 1424 2485 1479 marini
2520 1424 2678 1480 canis
2733 1426 2932 1491 instar,
2985 1427 3082 1496 qui
3132 1441 3163 1482 e
3207 1426 3404 1497 pelago
3436 1442 3568 1497 pro-

1964 1517 2156 1573 siliens
2198 1517 2444 1588 viperam
2495 1517 2674 1573 sibilis
2721 1517 2842 1574 suis
2891 1532 3119 1582 evocat,
3145 1519 3226 1573 sic
3255 1517 3415 1573 illum
3444 1515 3571 1575 Flo-

1961 1624 2081 1665 ram
2112 1610 2313 1666 litteris
2345 1609 2624 1666 excivisse
2646 1650 2661 1677 ,
2696 1624 2761 1665 ac
2796 1618 2909 1665 tam
2949 1624 3105 1676 eam,
3141 1623 3308 1678 quam
3339 1615 3571 1663 caeteros

1964 1698 2021 1755 in
2050 1698 2301 1757 fraudem
2332 1699 2643 1770 impulisse.
2680 1698 2794 1756 Nos
2817 1706 3001 1756 autem
3030 1708 3390 1782 posteaquam
3426 1698 3572 1754 veri-

250 1781 543 1855 βασιλείαν
597 1782 844 1855 οὐρανῶν
904 1784 1260 1854 ἀπεφήνατο,
1312 1781 1713 1855 ὲνειλήσαντες,
1764 1786 1860 1840 καὶ

1977 1792 2093 1849 ;atis
2144 1793 2290 1848 hunc
2320 1807 2560 1863 sagena,
2608 1793 2772 1864 cujus
2831 1781 3197 1853 similitudine
3232 1781 3465 1849 calente
3512 1791 3573 1847 in

246 1872 366 1927 τῶν
395 1873 649 1947 πονηρῶν
682 1873 883 1945 ἰχθύων
930 1874 1026 1929 ἕνα
1053 1874 1186 1930 ὅντα
1213 1874 1379 1928 αὑτὸν
1413 1874 1755 1944 ὲλέγξαντες,
1783 1874 1862 1949 τῷ

248 1965 326 2021 τὰ
364 1965 620 2038 μοχθηρὰ
671 1968 896 2039 ῥήματα
925 1966 1091 2021 αὑτοῦ
1124 1966 1355 2039 φωρατὰ
1394 1968 1641 2038 ποιῆσαι,
1668 1970 1734 2038 τῇ
1765 1968 1864 2043 τῆς

250 2056 498 2130 ἀληθοῦς
526 2057 765 2122 πίστεως
817 2059 1140 2131 διδασκαλίᾳ
1190 2060 1494 2131 ῂτήσαμεν.
1539 2059 1628 2114 Ἐν
1651 2061 1719 2131 τῇ
1766 2059 1862 2113 τοῦ

252 2149 397 2205 Θεοῦ
460 2150 642 2205 τοίνυν
686 2150 918 2222 δυνάμει
975 2150 1372 2223 συντρίψαντες
1434 2150 1644 2217 τοῦτον,
1707 2150 1863 2207 αὐτοὶ

261 2242 371 2314 μὲν
395 2241 517 2313 Θεῷ
545 2243 1054 2316 εὑχαριστήσωμεν,
1109 2243 1202 2295 ἐπὶ
1245 2242 1300 2296 δὲ
1329 2242 1432 2307 τὰς
1474 2241 1603 2314 ὲξῆς
1635 2242 1858 2315 ὁμοίως,

249 2334 334 2400 ὡς
358 2338 647 2407 προεῖπον,
700 2333 1069 2409 προέρχεσοαι
1093 2334 1504 2405 ἐπιϐαλώμεθα.

1964 1885 2261 1958 Evangelio
2305 1902 2538 1957 regnum
2590 1886 2861 1945 Dominus
2914 1887 3225 1957 expressit,
3293 1886 3571 1943 irretitum

1967 1973 2288 2038 tenuimus,
2332 1984 2503 2047 atque
2545 1991 2578 2033 e
2607 1978 2881 2035 malorum
2915 1977 3150 2049 piscium
3184 1991 3309 2033 esse
3338 1989 3573 2035 numero

1966 2066 2506 2136 demonstravimus,
2556 2066 2690 2123 dum
2727 2065 3137 2124 sineerae'tidei
3187 2066 3441 2122 doctrina
3467 2063 3572 2117 im-

1969 2172 2140 2228 puras
2172 2156 2322 2214 illius
2365 2172 2533 2215 voces
2584 2157 2868 2226 elisimus;
2910 2157 3121 2213 obtrito
3151 2156 3250 2212 Dei
3300 2171 3407 2227 ope
3442 2170 3573 2226 pro-

1969 2247 2264 2321 ﬂigatoque
2304 2256 2588 2317 monstro,
2621 2250 2860 2321 primum
2888 2249 2968 2304 illi
2997 2254 3237 2319 quantas
3274 2259 3575 2318 possumus

1968 2342 2174 2411 gratias
2223 2342 2531 2409 trahemus;
2582 2342 2782 2399 deinde
2837 2342 2906 2397 ad
2953 2348 3183 2397 caeteras
3224 2338 3462 2407 eodem,
3512 2340 3575 2393 ut

1968 2434 2240 2499 diximus,
2279 2433 2418 2505 pede
2444 2433 2674 2506 gradum
2708 2432 2995 2491 faciemus.

1039 2859 1208 2932 229
1241 2860 1846 2916 ΤΑΔΕΕΝΕΣΤΙ
1896 2862 2018 2916 ΕΝ
2068 2863 2165 2933 Τῼ
2235 2860 2498 2932 ΤΡῙΤῼ
2564 2863 2789 2933 ΤΟΜῼ

1543 2940 1683 3031 Ter
1711 2978 1991 3032 urerer
2020 2978 2322 3045 ΒΙΒΛΙΟΥ,

1404 3093 1510 3150 Ἐν
1551 3086 1600 3162 ᾧ
1628 3106 1796 3148 εισιν
1826 3092 2096 3162 αἱρέσεις
2129 3092 2459 3162 δεκατρεῖς.

1883 3230 1954 3246 —

623 3315 1022 3377 INDICULUS
1072 3318 1504 3381 HERESEON
1551 3319 1724 3393 QU/E
1781 3319 1866 3382 IN
1912 3321 1998 3382 III
2048 3319 2258 3380 ΤΟΜο
2314 3316 2526 3377 LIBRI
2573 3317 2603 3377 Ι
2658 3314 3222 3395 CONTINENTUR,

1590 3467 1835 3515 SUNTQUE
1881 3467 2099 3508 NUIERO
2136 3466 2261 3506 ιιιι.

340 3709 708 3779 Μαρκώσιοι.
736 3709 966 3783 Μάρκος
1020 3729 1102 3778 τις
1150 3714 1444 3787 γεγένηται
1511 3718 1865 3790 Κολορεάσου

2004 3770 2019 3797 κ
2042 3720 2324 3776 Marcosii.
2350 3716 2569 3773 Marcus
2586 3715 2807 3788 quidam
2833 3712 3343 3771 exstititColorbasi
3359 3714 3585 3774 condis-

264 3803 672 3876 συμφοιτητὴς,
706 3802 799 3857 δύο
815 3804 992 3877 ἀρχὰς
1018 3808 1113 3861 καὶ
1129 3808 1291 3873 αὐτὸς
1317 3810 1688 3880 παρεισάγων.
1722 3813 1872 3867 Ἀθε-

261 3902 357 3953 τεῖ
398 3898 456 3952 δὲ
518 3900 732 3971 νεκρῶν
766 3900 1083 3956 ἀνάστασιν.
1139 3904 1446 3970 Φαντασίας
1498 3907 1557 3961 δέ
1600 3926 1755 3973 τινας
1801 3910 1870 3964 δι’

268 3990 623 4061 ἐκπωμάτων
668 3990 727 4056 ἐξ
750 3992 1007 4065 ὲπαοιδῆς
1030 3996 1110 4058 εἰς
1136 3996 1363 4051 κυάνεον
1394 3997 1590 4071 χρῶμα
1612 4001 1707 4054 καὶ
1740 4019 1874 4073 πορ-

270 4082 479 4155 φύρεον
540 4082 900 4154 μεταϐαλὼν,
947 4086 1332 4157 ἐμυσταγώγει
1363 4089 1461 4153 τὰς
1506 4092 1875 4164 ἁπατωμένας

276 4177 564 4242 γυναῖκας.
606 4176 716 4228 Καὶ
759 4175 923 4239 αὐτὸς
999 4174 1057 4228 δὲ
1095 4176 1203 4229 τῶν
1235 4179 1694 4254 εἰκοσιτεσσάρων
1730 4201 1875 4238 στοι-

276 4269 442 4339 χείων
462 4266 712 4338 βούλεται
729 4266 797 4321 τὰ
808 4266 990 4321 πάντα
1005 4268 1258 4340 ἡγεῖσθαι
1290 4269 1490 4340 ὁμοίως
1514 4272 1872 4348 Οὐαλεντίνῳ.
1918 4302 1927 4311 -

350 4448 768 4517 Κολορόάσιοι.
791 4449 900 4502 Καὶ
916 4441 1072 4513 οὗτος
1099 4451 1128 4502 ὁ
1150 4448 1497 4521 Κολόρϐασος
1522 4450 1786 4519 ὡσαύτως
1810 4455 1879 4511 τὰ

274 4540 423 4596 αὐτὰ
454 4539 835 4613 διηγούμενος,
864 4541 1005 4595 κατά
1030 4558 1084 4594 τι
1107 4541 1163 4596 δὲ
1186 4541 1578 4616 διαφερόμενος
1608 4546 1747 4616 πρὸς
1781 4546 1880 4612 τὰς

277 4632 450 4696 ἄλλας
476 4633 749 4703 αἱρέσεις,
787 4633 932 4703 φημὶ
970 4632 1026 4688 δὲ
1055 4634 1191 4706 πρὸς
1225 4634 1325 4700 τὰς
1361 4635 1492 4707 περὶ
1524 4636 1752 4708 Μάρκον
1786 4640 1880 4693 καὶ

280 4726 661 4795 Οὐαλεντῖνον,
694 4725 796 4791 τὰς
821 4727 1095 4799 προϐολὰς
1159 4729 1255 4782 καὶ
1298 4731 1587 4800 Ὀγδοαδας
1617 4732 1839 4805 ἑτέρους
1862 4732 1877 4763 ί

280 4815 513 4883 ἐδίδαξε.

367 4910 840 4979 Ἠρακλεωνῖτθῐῑι.
873 4913 985 4966 Καὶ
1014 4912 1171 4967 αὐτοὶ
1207 4916 1272 4986 τῇ
1306 4913 1412 4967 τῶν
1456 4916 1757 4986 Ὀγδοάδων
1787 4918 1882 4988 φέ-

286 5017 474 5073 ρονται
500 5000 799 5073 μυθολογίᾳ
819 5018 831 5031 ·
860 5002 1062 5074 ἑτέρως
1099 5001 1154 5054 δὲ
1192 5001 1346 5073 παρὰ
1377 5003 1470 5058 τὸν
1503 5004 1753 5075 Μάρκον,
1789 5003 1883 5057 καὶ

284 5093 624 5163 Πτολεμαῖον
650 5133 665 5158 ,
722 5088 818 5147 καὶ
869 5093 1221 5147 Οὐαλεντῖνον
1259 5132 1275 5160 ,
1337 5095 1431 5148 καὶ
1486 5096 1613 5160 τοὶς
1666 5095 1880 5159 ἄλλους.

299 5183 463 5239 Ἀλλὰ
492 5187 588 5240 καὶ
633 5186 772 5257 πρὸς
803 5187 870 5257 τῇ
910 5185 1133 5257 τελευτῇ
1159 5187 1286 5250 τοὺς
1320 5187 1450 5259 παρ’
1484 5188 1664 5252 αὐτοῖς
1693 5187 1881 5241 τελευ-

364 5409 380 5440 ²
413 5407 548 5483 Leg.
582 5408 812 5483 ἑτέρως.
894 5386 899 5391 ’

360 5570 439 5639 (8)
469 5569 564 5635 Ὧς
596 5565 726 5639 ἀπὸ
742 5565 1064 5639 θαλάσσης
1107 5564 1397 5639 ἀνεβθὼν.
1431 5567 1758 5639 Καρχαρεας
1786 5566 1896 5627 IIe-

1974 3813 2274 3886 cipulus.ls
2303 3814 2413 3868 duo
2440 3811 2697 3867 similiter
2726 3808 2992 3880 principia
3013 3808 3318 3865 constituit.
3333 3808 3577 3865 Mortuo.

1975 3920 2095 3963 rum
2115 3905 2576 3961 resurrectionem
2592 3902 2845 3973 negabat;
2863 3901 3119 3956 utebatur
3135 3901 3584 3973 pmstigiisejus-

1975 4000 2145 4067 modi,
2180 4007 2240 4054 ut
2274 3999 2442 4055 certis
2476 3996 2816 4073 carminibus
2852 3996 3176 4066 poeulorum
3215 3998 3483 4068 liquorem
3524 3999 3581 4051 in

1977 4092 2270 4147 caeruleum
2298 4101 2740 4161 purpureumque
2811 4088 3051 4143 colorem
3083 4096 3352 4143 verteret:
3385 4089 3583 4158 quibus

1979 4184 2155 4239 sacris
2199 4181 2450 4237 infelices
2497 4179 2857 4234 mulierculas
2899 4179 3119 4233 initiare
3168 4180 3398 4234 solebat.
3435 4178 3582 4235 Idem

1979 4276 2045 4331 ad
2097 4290 2226 4329 xxrv
2287 4273 2557 4329 elementa
2595 4271 2821 4342 perinde
2857 4285 2922 4326 ac
2963 4269 3287 4326 Valentinus
3324 4272 3582 4327 universa

1979 4382 2242 4424 revocare
2266 4365 2483 4421 nititur.

2052 4458 2371 4514 Colorbasii.
2398 4456 2730 4515 Colorbasus
2744 4455 2965 4512 easdem
3003 4454 3116 4511 fere
3134 4454 3421 4524 Opiniones
3444 4458 3579 4508 'am—

1974 4553 2162 4623 plexus
2176 4551 2394 4607 est.Sed
2416 4550 2877 4605 nonnullatamen
2900 4556 3050 4609 sunt,
3079 4549 3132 4602 in
3153 4547 3351 4618 quibus
3372 4546 3439 4600 ab
3455 4546 3579 4603 aliis

1982 4645 2288 4701 haeresibus
2312 4643 2613 4716 discrepat,
2640 4640 2809 4698 Marci
2829 4657 2893 4698 ac
2916 4640 3188 4697 Valentini
3210 4640 3577 4712 potissimum.

1983 4733 2273 4807 Siquidem
2318 4737 2747 4809 propagationes
2783 4735 3023 4791 Eanum
3057 4741 3111 4789 et
3147 4731 3435 4803 Ogdoadas
3470 4731 3581 4787 alio

1984 4830 2149 4884 modo
2182 4829 2423 4888 tradidit.

2060 4921 2474 4978 Heracleom'lw.
2508 4922 2686 4977 Etiam
2722 4923 2812 4978 isti
2854 4920 3260 4979 commentitias
3292 4917 3581 4990 Ogdoadas

1914 5037 1958 5093 ι)
1988 5015 2355 5070 retinuerunt.
2394 5015 2448 5069 In
2486 5016 2687 5087 quibus
2719 5016 3058 5086 explicandis
3087 5030 3115 5069 a
3150 5012 3336 5076 Marci,
3369 5021 3421 5066 et
3448 5009 3581 5064 Pto-

1991 5106 2191 5172 lemaei,
2224 5122 2289 5161 ac
2326 5104 2601 5162 Valentini
2627 5116 3065 5177 creterornmque
3090 5104 3348 5174 Opinione
3371 5102 3582 5158 disces-

1992 5204 2206 5252 serunt.
2242 5195 2386 5253 Suos
2413 5212 2580 5268 porro
2611 5197 2713 5254 sub
2744 5198 2921 5266 ipsum
2961 5194 3078 5250 vita:
3113 5192 3319 5249 exitum
3356 5193 3583 5263 perinde

2005 5568 2212 5623 coitum
2245 5568 2465 5623 evocari
2509 5567 2688 5624 sibilis
2731 5564 2922 5620 scribit
2954 5561 3096 5617 Plin.
3134 5578 3306 5625 xxx",
3346 5576 3469 5629 cap.
3498 5561 3535 5614 2
3568 5573 3585 5611 :

288 5631 449 5724 sych'.
508 5631 593 5695 est
644 5631 1593 5724 θαλάττιοςνκύων.,Οοιιειηηνθιῖὸ
1617 5631 1892 5695 marinum
2006 5639 2086 5694 Ob
2139 5640 2391 5722 id_sibilo
2427 5656 2460 5720 α
2502 5636 2855 5724 piscatoribus
2878 5644 3197 5724 ,"ta‘nquam
3219 5631 3589 5724 Δσειιρεξίὶριιὲ

287 5704 513 5780 viperas
557 5724 789 5781 evocare
814 5708 1047 5781 _sibilis,
1096 5715 1193 5763 aut
1238 5724 1387 5763 cum-
1414 5709 1483 5764 iis
1524 5725 1892 5766 consuescere
1999 5712 2226 5774 evocari,
2262 5721 2310 5764 et
2338 5710 2475 5776 capi.
2502 5704 2835 5781 ’Καρχαρίαν
2860 5704 3009 5761 aliud
3038 5704 3160 5764 esse
3198 5719 3361 5777 quam
3392 5715 3589 5757 canem

291 5778 576 5853 nunquam
628 5779 752 5851 legi.
808 5778 953 5835 Sane
1003 5795 1275 5836 murrenas
1338 5794 1368 5833 a
1422 5781 1774 5861 serpentibus
1821 5781 1888 5838 ad

1999 5782 2106 5837 hoc
2144 5781 2366 5854 quidem
2402 5783 2523 5838 loco
2556 5792 2781 5837 necesse
2806 5785 2910 5836 cst.
