3982 6422
421 312 526 368 579

1843 305 1904 360 δ.
1946 298 2242 358 EPIPHAN
2251 299 2294 356 ιι

3635 303 3731 359 580

422 448 490 489 ac
515 433 738 489 Marcus
767 428 1032 498 instituit,
1089 428 1234 493 oleo.
1268 422 1648 498 Opobalsamo,
1683 431 1740 478 et
1771 435 1914 494 aqua
1945 421 2020 477 lu-

2136 419 2344 485 τῶντας
2394 419 2600 493 ὁμοίως
2646 419 2726 494 τῷ
2779 420 2996 494 Μάρκῳ
3043 419 3367 493 λυτροῦνται
3419 421 3484 476 δι’
3535 420 3735 488 ὲλαίον,

423 533 634 582 stratos
665 541 720 579 in
751 525 986 581 salutem
1005 527 1298 586 asserunt;
1327 533 1547 590 unaque
1584 531 1749 572 voces
1763 515 2034 586 quasdam

424 617 726 675 Hebraicas
758 617 816 672 in
847 615 970 688 ejus
989 615 1086 686 qui
1115 613 1369 684 expiatur
1395 614 1564 682 caput
1587 606 1961 664 insusurrant.

395 793 400 801 ’
499 799 732 868 Ophitw.
761 795 828 852 Hi
867 800 1182 867 serpentem
1219 797 1558 848 venerantur
1592 803 1657 845 ac
1688 785 2032 860 pradicant;

421 906 662 964 eumque
695 905 830 949 esse
867 889 1153 945 Christum
1193 892 1474 944 asserunt.
1513 881 1598 940 Ob
1635 883 1692 940 id
1731 895 1924 939 verum
1975 880 2033 936 in

423 985 564 1040 cista
597 989 910 1054 serpentem
941 985 1254 1036 asservant.
1732 1018 1739 1023 .

494 1074 710 1132 Caiani.
757 1073 1012 1131 Veterem
1057 1073 1268 1144 legem,
1305 1077 1360 1126 et
1397 1082 1523 1125 eum
1561 1066 1658 1139 qui
1701 1065 1851 1122 illius
1895 1063 2032 1136 legis

423 1174 671 1238 tempore
728 1167 948 1223 locutus
1001 1172 1122 1228 est,
1183 1160 1498 1233 repudiant.
1549 1157 2029 1216 Resurrectionem

421 1259 612 1314 carnis
681 1258 1003 1329 abnegant,
1066 1256 1302 1312 Cainum
1373 1252 1793 1318 commendant;
1865 1266 2028 1322 quem

422 1351 824 1419 praestantioris
874 1349 1170 1420 cujusdam
1213 1345 1439 1402 virtutis
1489 1343 1662 1400 fuisse
1701 1343 2025 1416 pradicant.

424 1441 533 1498 Sed
558 1451 621 1515 ,εἰ
645 1441 864 1512 ,Judam
895 1442 1100 1498 divinis
1127 1439 1432 1496 honoribus
1478 1435 1758 1504 alliciunt;
1810 1452 2028 1494 necnon

420 1542 476 1589 et
501 1532 669 1601 Core,
698 1532 938 1600 Dathan,
970 1539 1026 1588 et
1051 1530 1283 1597 Abiron,
1321 1544 1387 1586 ac
1415 1526 1754 1585 Sodomitas.

492 1717 660 1790 230
715 1715 988 1774 Scthiani.
1046 1713 1114 1772 lli
1171 1713 1400 1772 Setbum
1455 1712 1713 1769 laudibus
1770 1711 2022 1769 elIerunt.

2136 513 2548 586 ὀποϐαλσάμου,
2583 513 2680 568 καὶ
2709 513 2901 577 ὕδατος
2927 555 2942 580 ,
2975 512 3296 584 ἐπικλήσεις
3322 509 3480 577 τινάς
3526 509 3741 582 Ἐϐραῖ-

2138 608 2262 670 καῖς
2300 605 2509 671 λέξεσιν
2543 605 2895 676 ἐπιλέγοντες
2927 605 3025 658 ἐπὶ
3060 606 3129 676 τῇ
3164 605 3376 678 κεφαλῇ
3430 603 3532 660 τοῦ
3585 602 3746 676 δῆθεν

2136 697 2524 771 λυτρουμένου.

2207 787 2459 858 ’οφῒται.
2503 786 2720 858 ὐφῖταί
2743 787 2882 842 εἰσιν
2911 789 2960 842 oi
2987 787 3080 842 τὸν
3104 787 3228 858 ὅφιν
3249 787 3571 856 δοξάζοντες
3588 827 3606 854 ,
3655 788 3753 842 καὶ

2133 878 2324 935 τοῦτον
2360 879 2453 934 τὸν
2484 879 2722 952 Χριστὸν
2751 876 3048 954 ἡγούμενοι
3073 895 3088 910 ⁶
3130 881 3348 953 ἔχοντες
3389 882 3448 937 δὲ
3481 881 3652 953 φύσει
3689 881 3752 935 τὸ

2134 969 2369 1044 ἑρπετὸν
2399 971 2458 1026 ὲν
2485 970 2649 1046 κίστῃ
2670 975 2796 1027 τινί.

2203 1061 2471 1118 Κατανοί.
2505 1063 2617 1123 Καὶ
2643 1063 2872 1118 Καῖανοὶ
2892 1063 3158 1129 ὡσαύτως
3178 1065 3297 1136 ἅμα
3324 1065 3435 1119 τῶν
3463 1066 3746 1140 πρότερον

2130 1153 2222 1208 τὸν
2247 1153 2412 1224 νόμον
2435 1193 2452 1220 ,
2486 1155 2582 1209 καὶ
2612 1153 2704 1209 τὸν
2746 1155 3059 1226 λαλήσαντα
3098 1157 3158 1211 ἐν
3205 1158 3355 1229 νόμῳ
3384 1157 3742 1222 ἀθετοῦντες,

2133 1247 2336 1319 σαρκός
2366 1263 2429 1300 τε
2457 1247 2755 1303 ἀνάστασιν
2784 1248 3148 1320 ἀρνούμενοι,
3179 1250 3271 1303 τὸν
3305 1250 3447 1304 Κάῖν
3479 1249 3747 1316 δοξάζου-

2133 1356 2222 1401 σι,
2252 1339 2505 1408 λέγοντες
2530 1340 2696 1394 αὐτὸν
2725 1339 2822 1411 τῆς
2861 1341 3216 1414 ἰσχυροτέρας
3246 1336 3384 1396 εἶναι
3423 1343 3741 1414 δυνάμεως.

2133 1430 2284 1502 Ἅμα
2313 1431 2370 1484 δὲ
2399 1433 2495 1486 καὶ
2523 1430 2616 1484 τὸν
2666 1431 2870 1486 Ἰούδαν
2908 1433 3283 1500 ἐκθειάζουσιν
3308 1474 3327 1503 ,
3357 1434 3497 1506 ὁμοῦ
3529 1453 3586 1488 τε
3641 1437 3748 1489 καὶ

2129 1522 2256 1585 τοὺς
2286 1521 2412 1592 περί
2441 1520 2582 1594 Κορὲ
2623 1523 2719 1576 καὶ
2762 1523 2942 1578 Δαθὰν
2977 1525 3072 1578 καὶ
3116 1522 3392 1598 ’Δὸειρὼμ
3414 1563 3431 1588 ,
3466 1523 3607 1580 ἀλλὰ
3641 1527 3746 1581 καὶ

2127 1614 2256 1678 τοὺς
2287 1615 2608 1686 Σοδομίτας.

2197 1709 2502 1774 ,Σηθιανοά
2523 1703 2682 1763 Οὗτοι
2703 1709 2865 1764 πάλιν
2894 1709 2986 1764 τδν
3002 1709 3112 1782 Σὴθ
3140 1707 3446 1778 δοξάζουσι,
3481 1710 3745 1782 φάσκον-

421 1807 598 1874 Quem
627 1825 658 1865 a
686 1822 943 1879 suprema
969 1805 1203 1863 Parente
1235 1811 1588 1877 procreatum
1629 1809 1858 1875 putant;
1893 1817 2020 1858 cum

2136 1813 2218 1861 τες
2244 1798 2408 1852 αὐτὸν
2452 1794 2594 1854 εἶναι
2626 1803 2691 1856 ἐκ
2717 1802 2818 1873 τῆς
2842 1801 2954 1856 ἄνω
2975 1802 3201 1876 Μητρὸς
3229 1803 3746 1877 μεταμεληθείσης,

421 1914 544 1955 eam
572 1898 885 1970 paeniteret,
914 1897 1062 1969 quod
1091 1896 1325 1952 Cainum
1351 1895 1637 1952 edidisset.
1673 1894 1794 1962 Quo
1824 1895 2023 1965 ejecto,

419 1989 705 2061 Abeloque
752 1987 1048 2045 interfecto
1087 2001 1216 2043 cum
1260 2000 1478 2043 summo
1522 1983 1686 2041 Patre
1725 1999 2026 2056 congressa

421 2082 699 2139 sinceram
727 2081 978 2151 stirpem,
1001 2078 1258 2135 videlicet
1284 2075 1538 2142 Sethum,
1569 2077 1834 2148 protulit:
1861 2091 1891 2132 a
1915 2090 2026 2148 quo

421 2175 743 2230 universum
803 2189 979 2244 genus
1043 2172 1332 2228 hominum
1395 2170 1663 2225 manavit.
1731 2168 2026 2225 Postremo

419 2265 726 2336 principia,
773 2273 830 2322 et
861 2271 1198 2337 potestates,
1239 2267 1552 2334 ceteraque
1597 2270 1660 2318 ut
1708 2261 1802 2316 alii
1839 2262 2026 2318 omnia

420 2363 692 2414 statuunt.

491 2540 826 2597 Archontici.
865 2539 1063 2600 Plures
1093 2541 1186 2600 isti
1222 2541 1290 2598 ad
1327 2541 1606 2614 principes
1641 2543 1896 2602 universa
1926 2559 2024 2601 re-

421 2633 685 2698 ferentes.
717 2649 1064 2706 quaecunque
1109 2635 1252 2690 facta
1295 2641 1425 2691 sunt
1459 2634 1528 2690 ab
1564 2634 1674 2690 illis
1724 2644 1844 2690 orta
1893 2638 2028 2696 dell-

421 2728 602 2784 niunl.
651 2726 869 2783 Habent
904 2735 960 2784 et
1003 2727 1326 2786 fmdissima:
1358 2725 1634 2800 quoddam
1669 2728 1914 2789 libidinis
1942 2750 2030 2807 ge-

422 2834 550 2876 nus.
585 2819 788 2876 Carnis
814 2821 1280 2876 resurrectionem
1315 2827 1605 2891 respuunt.
1641 2818 1812 2879 Vetus
1842 2822 2041 2898 Testa--

422 2923 670 2968 mentum
694 2913 1041 2970 calumniose
1067 2913 1345 2986 rejicinnt.
1380 2911 1708 2985 Quanquam
1733 2915 1938 2984 ethoc,
1973 2928 2028 2975 et

417 3000 574 3058 Novo
595 3003 826 3075 insuper
852 3019 1249 3077 nonnunquam
1285 3013 1513 3061 utantur
1541 3023 1554 3060 :
1590 3020 1656 3061 ex
1683 3007 1888 3077 quibus
1913 3011 2028 3069 sin-

2128 1889 2214 1960 ézp‘
2241 1885 2310 1964 ἧς
2331 1893 2348 1923 ⁸
2391 1893 2520 1957 τοὺς
2566 1895 2696 1966 περὶ
2741 1895 2833 1949 τὸν
2859 1895 2996 1951 Κάῖν
3025 1897 3358 1968 προεϐάλετο
3377 1913 3395 1929 ⁶
3437 1892 3554 1952 εἶτα
3582 1898 3749 1969 μετὰ

2127 1982 2221 2038 τὸν
2251 1983 2270 2015 ³
2305 1982 2441 2039 Κάϊν
2479 1985 2856 2061 ἀποϐληθῆναι
2877 2028 2893 2054 ,
2925 1989 3021 2042 καὶ
3055 1989 3149 2044 τδν
3193 1989 3359 2042 Ἅϐελ
3387 1989 3750 2061 ἀποκτανθῆ-

2129 2093 2253 2141 ναι,
2291 2077 2654 2151 συνελθούσης
2676 2080 2754 2150 τῷ
2781 2081 2895 2135 άνω
2922 2081 3100 2152 Πατρὶ
3126 2120 3142 2147 ,
3165 2082 3261 2136 καὶ
3287 2081 3523 2154 καθαρὸν
3552 2083 3749 2153 σπέρ-

2132 2183 2208 2237 μα
2243 2166 2335 2222 τὸν
2359 2167 2466 2240 Σὴθ
2503 2171 2811 2244 ποιησάσης
2830 2189 2844 2204 ο
2876 2173 2936 2240 ἐξ
2965 2167 3138 2244 οὗπερ
3165 2171 3353 2227 λοιπὸν
3387 2173 3647 2246 κατήχθη
3676 2174 3748 2228 τὸ

2128 2258 2351 2314 πάντων
2381 2261 2686 2335 ἀνθρώπιον
2739 2263 2916 2333 γένος.
2957 2265 3070 2318 Καὶ
3100 2265 3255 2320 αὐτοὶ
3295 2265 3355 2320 δὲ
3390 2265 3587 2338 ἀρχὰς,
3634 2269 3748 2320 καὶ

2129 2351 2413 2419 ἐξουσίας,
2447 2360 2540 2409 καὶ
2580 2357 2682 2410 ὅσα
2731 2358 2780 2411 οί
2820 2357 2971 2413 ἄλλοι
3003 2357 3457 2430 δογματίζουσιν,
3486 2359 3743 2430 ὲδογμὰ·

2127 2462 2306 2501 τισαν.

2213 2541 2596 2612 Ἁρχοντικοί.
2633 2535 2794 2598 Οὗτοι
2814 2542 2979 2598 πάλιν
3002 2544 3084 2607 είς
3120 2544 3350 2608 πολλοὺς
3366 2545 3637 2617 ἄρχοντας
3674 2546 3749 2600 τὸ

2128 2634 2239 2687 πᾶν
2266 2634 2636 2707 ἀναφέρουσι,
2663 2636 2760 2690 καὶ
2791 2636 2862 2691 τά
2901 2637 3168 2708 γενόμενα
3213 2637 3279 2691 ὲκ
3324 2637 3527 2691 τούτων
3559 2654 3746 2707 γεγε-

2128 2724 2324 2797 νῆσθαι
2354 2725 2625 2795 λέγουσιν.
2668 2727 3008 2783 ’Λλίσκονται
3040 2728 3098 2781 δὲ
3148 2729 3244 2782 καὶ
3279 2728 3373 2782 επὶ
3402 2727 3745 2799 αἰσχρότητὶ

2128 2835 2252 2873 τινι.
2310 2819 2522 2892 Σαρκὸς
2567 2819 2626 2874 δὲ
2675 2820 2980 2876 ἀνάστασιν
3010 2820 3266 2876 άθετοῦσι
3290 2861 3305 2883 ,
3347 2821 3442 2875 καὶ
3472 2820 3744 2875 Παλαιὰν

2128 2911 2410 2984 Διαθήκην
2462 2911 2833 2967 διασάλλουσι.
2892 2913 3208 2985 Κέχρηνται
3237 2912 3316 2966 se
3366 2913 3459 2966 καὶ
3505 2911 3744 2985 Παλαιᾷ

2128 3004 2223 3058 καὶ
2239 3005 2356 3077 Νέᾳ
2385 3006 2630 3080 Διαθηκῃ
2647 3043 2662 3070 ,
2692 3007 2931 3080 ἑκάστην
2962 3006 3108 3074 λέξιν
3133 3007 3214 3071 είς
3241 3005 3334 3060 τὸν
3359 3003 3565 3060 ἑαυτῶν
3591 3005 3742 3060 νοῦν

418 3095 580 3166 gulas
619 3097 851 3154 voculas
890 3097 1090 3156 callide
1127 3100 1196 3155 ad
1235 3107 1474 3156 mentem
1511 3113 1668 3157 suam
1709 3114 2020 3162 accommo-

2136 3095 2533 3167 μεθοδεύοντες.

417 3185 580 3246 dant.

487 3277 836 3340 Cerdoniani.
886 3282 936 3339 Α
977 3283 1230 3342 Cerdone
1275 3286 1379 3343 orti
1419 3297 1570 3358 sunt,
1611 3292 1706 3364 qui
1751 3307 1913 3364 quem
1953 3291 2024 3348 ab

419 3374 674 3432 lleracllo
714 3392 962 3434 errorem
1003 3379 1270 3435 hauserat
1308 3381 1467 3438 novis
1498 3383 1740 3442 inventis
1774 3385 2020 3442 adauxit.

415 3467 497 3521 Ac
544 3481 672 3522 cum
720 3465 954 3524 Romam
1004 3484 1037 3526 e
1081 3467 1241 3543 Syria
1288 3471 1573 3542 prolectus
1619 3483 1788 3541 esset,
1824 3475 2022 3548 Hygini

417 3571 572 3628 papae
610 3557 954 3627 temporibus
1002 3574 1102 3615 sua
1145 3559 1405 3633 dogmata
1450 3563 1853 3622 disseminavit.
1907 3566 2024 3624 Duo

417 3663 586 3720 porro
624 3649 896 3722 principia
935 3653 1216 3710 contraria
1264 3654 1500 3711 invicem
1551 3656 1804 3714 aﬂirmat.
1849 3659 2024 3733 Negat

415 3742 697 3799 Christum
744 3758 871 3800 esse
908 3745 1177 3815 genitum.
1236 3745 1582 3808 Mortuorum
1627 3749 2020 3812 excitationem

415 3849 544 3892 cum
574 3833 772 3892 Vetere
791 3833 1150 3895 Testamento
1174 3839 1378 3911 rejicit.

488 4016 876 4076 Marcianum.
919 4017 1128 4077 Marcio
1161 4019 1435 4080 oriundus
1458 4037 1523 4079 ex
1546 4021 1726 4081 Ponto
1757 4025 2022 4099 episcopo

417 4121 574 4184 patre
602 4119 765 4170 natus
790 4121 877 4169 est
909 4133 922 4168 :
957 4127 987 4166 a
1023 4128 1134 4184 quo
1166 4114 1240 4170 ob
1267 4116 1494 4188 virginis
1526 4127 1776 4190 stuprum
1811 4120 2022 4190 ejectus

415 4218 482 4260 ex
531 4202 776 4262 Ecclesia
819 4203 1049 4260 Romam
1090 4205 1323 4278 aufugit.
1367 4207 1471 4265 Ubi
1511 4225 1637 4265 cum
1685 4211 1755 4267 ab
1796 4213 1887 4277 iis,
1922 4213 2018 4283 qui

417 4303 533 4350 tum
562 4295 824 4354 Ecclesia:
852 4307 1144 4370 praeerant,
1175 4302 1558 4372 paenitentiam
1589 4303 1794 4360 frustra
1823 4315 2017 4377 postu-

417 4388 945 4456 lasset,catbolicam
965 4391 1125 4448 ﬁdem
1161 4409 1482 4464 oppugnare
1514 4395 1776 4452 instituit.
1812 4397 2014 4466 Quam-

2135 3319 2142 3326 -
2197 3281 2617 3351 Kspdwwarol.
2671 3282 2735 3335 υἱ
2774 3281 2884 3337 άπὸ
2925 3281 3215 3354 Κέρδωνος
3242 3279 3353 3334 ἀπὸ
3396 3279 3739 3353 Ἡρακλείου

2125 3372 2411 3444 δεξάμενοι
2447 3371 2468 3404 ³
2515 3373 2618 3446 τὴν
2673 3373 2909 3444 μετοχὴν
2961 3372 3060 3444 τῆς
3105 3372 3353 3442 πλάνης,
3393 3371 3741 3443 προσθέντος

2124 3464 2184 3518 δὲ
2210 3467 2277 3538 τῇ
2310 3465 2519 3538 ἀπάτῃ.
2554 3465 2673 3528 Ὃς,
2709 3464 2821 3519 ἀπὸ
2853 3464 2952 3536 τῆς
2988 3465 3193 3535 Συρίας
3223 3466 3304 3530 είς
3339 3464 3555 3536 Ῥώμην
3587 3481 3740 3536 μετ-

2125 3557 2393 3624 αναστὰς,
2445 3557 2508 3611 τὸ
2562 3557 2828 3629 κήρυγμα
2881 3556 3048 3611 αὑτοῦ
3099 3555 3316 3622 ἐξέθετο
3395 3557 3454 3610 ὲν
3506 3557 3738 3628 χρόνοις

2139 3650 2357 3720 ’Υγίνου
2400 3650 2723 3706 ἐπισκόπου.
2760 3649 2866 3706 Δύο
2919 3649 2978 3704 δὲ
3028 3649 3208 3721 ἀρχὰς
3252 3648 3510 3720 κηρύττει
3561 3643 3739 3717 οὗτος

2125 3745 2376 3808 ἐναντίας
2414 3743 2694 3816 ἀλλήλαις.
2729 3741 2822 3815 Μὴ
2870 3741 3009 3797 εἶναι
3055 3742 3113 3796 δὲ
3143 3741 3233 3796 τὸν
3259 3741 3493 3814 Χριστὸν
3522 3759 3741 3817 γεννη-

2123 3836 2234 3890 τόν.
2285 3835 2518 3907 Ὁμοίως
2566 3852 2626 3889 τε
2663 3835 2874 3909 νεκρῶν
2923 3835 3224 3890 ἀνάστασιν
3270 3833 3484 3901 ἀθετεῖ,
3524 3837 3619 3889 καὶ
3649 3839 3737 3896 τὰ

2125 3931 2267 3985 κατὰ
2294 3929 2393 4002 τὴν
2419 3929 2664 3984 Παλαιὰν
2686 3929 2983 4003 Διαθήκην.

2194 4021 2664 4089 Μαρκιωνισταί.
2683 4021 2948 4094 Μαρκίων
2974 4021 3002 4073 ὁ
3034 4019 3144 4074 ἀπὺ
3163 4018 3365 4076 Πόντου
3393 4017 3734 4092 ὁρμώμενος

2124 4113 2429 4168 ἐπισκόπου
2467 4113 2568 4185 μὲν
2631 4108 2698 4186 ἦν
2733 4113 2877 4178 υἱός·
2918 4113 3148 4186 φθείρας
3180 4113 3239 4169 δὲ
3277 4114 3539 4188 παρθένον
3606 4116 3732 4172 ἀπ-

2122 4207 2252 4278 έδρα
2273 4247 2286 4271 ,
2327 4207 2416 4262 διὰ
2445 4209 2506 4262 τὸ
2535 4207 2798 4276 ἐξεώσθαι
2831 4209 2936 4263 ὑπὸ
2967 4209 3061 4264 τοῦ
3093 4211 3225 4265 ἰδίου
3246 4210 3451 4283 πατρὸς
3484 4211 3593 4265 ἀπὸ
3618 4213 3730 4283 τῆς

2136 4298 2484 4371 Ἐκκλησίας.
2541 4298 2806 4354 Ἀνελθών
2837 4317 2896 4353 τε
2940 4301 3020 4365 εἰς
3061 4301 3317 4374 Ῥώμην,
3357 4303 3450 4356 καὶ
3481 4305 3727 4374 αἰτήσεις

2125 4393 2414 4464 μετάνοιαν
2446 4394 2572 4458 τοὺς
2605 4395 2726 4449 κατ’
2769 4396 2946 4448 ἐκεῖνο
2985 4395 3215 4467 καιροῦ,
3257 4394 3350 4451 καὶ
3393 4393 3472 4469 μὴ
3509 4397 3719 4466 τυχὼν,

417 4483 604 4538 obrem
647 4486 754 4539 tria
783 4500 908 4542 esse
957 4488 1232 4558 principia
1271 4490 1429 4556 dixit,
1467 4489 1692 4556 bonum,
1722 4492 1932 4562 justum
1962 4502 2019 4550 ct

2136 4486 2386 4559 ἐπαρθεὶς
2417 4486 2559 4542 κατὰ
2596 4486 2698 4558 τῆς
2742 4487 2977 4552 πίστεως
2997 4526 3012 4552 ,
3043 4487 3368 4557 ἐδογμάτισε
3389 4526 3406 4552 ,
3435 4488 3585 4558 τρεῖς
3612 4488 3719 4559 ἀρ-

417 4572 646 4628 malum.
669 4572 884 4628 Novum
915 4575 1331 4634 Testamentum
1365 4594 1397 4634 a
1429 4578 1626 4637 Vetere
1651 4582 2012 4654 ejusdemque

416 4673 645 4721 auctore
669 4666 908 4721 alienum
939 4684 1062 4726 esse
1085 4669 1292 4728 docuit.
1319 4674 1517 4730 Carnis
1553 4677 2012 4732 resurrectionem

413 4757 666 4822 sustulit.
701 4756 823 4812 Non
860 4775 1029 4815 unum
1071 4763 1343 4833 baptisma
1382 4765 1672 4832 duntaxat,
1715 4767 1808 4823 sed
1846 4768 2011 4822 etiam

418 4850 525 4906 tria
568 4857 693 4920 post
743 4850 1004 4907 delictum
1055 4853 1321 4927 indulget.
1366 4855 1474 4915 Pro
1520 4860 1752 4916 mortuis
1795 4861 2012 4916 illorum

417 4942 832 4999 catechumenis
886 4943 1220 5015 baptismum
1282 4949 1370 5006 alii
1431 4951 1760 5024 suscipiunt.
1822 4953 2014 5010 Mulie-

416 5034 572 5090 ribns
594 5034 1206 5108 conferrebaptismum
1259 5041 1379 5098 sine
1407 5043 1516 5100 ullo
1538 5044 1860 5102 discrimine
1889 5062 2014 5118 per-

419 5124 607 5178 mittit.

491 5213 832 5274 Lucianime.
895 5216 1172 5278 Lucianus
1227 5221 1314 5280 bis
1361 5226 1658 5298 antiquior,
1712 5244 1822 5284 non
1869 5228 2010 5286 alter

420 5303 514 5362 ille
543 5309 635 5378 qui
662 5309 1028 5367 Constantino
1063 5313 1368 5386 imperante
1407 5316 1614 5384 ﬂoruit,
1653 5321 1706 5376 in
1748 5322 2009 5380 omnibus

421 5394 718 5456 Marcionis
755 5404 1004 5476 vestigiis
1045 5406 1280 5464 inhaesit.
1325 5409 1440 5467 Etsi
1508 5413 1839 5484 quibusdam
1908 5416 2009 5474 ad-

417 5486 582 5557 jectis
611 5494 945 5554 cumulatius
971 5498 1175 5570 aliquid
1200 5502 1400 5562 docere
1426 5505 1658 5562 studuit.

504 5755 604 5815 'F.
639 5757 710 5827 ἐφ
755 5752 855 5824 οἷς.
933 5765 954 5796 ⁸
985 5762 1046 5818 F.
1081 5764 1273 5822 τὺτάν.

1349 5772 1368 5804 ³
1397 5771 1458 5828 ι’.
1507 5770 1823 5841 δεξαμένου.

2119 4578 2220 4648 χάς
2247 4578 2718 4650 εἰσηγησάμενος,
2745 4577 2949 4646 ἀγαθόν
2978 4595 3038 4631 τε
3071 4580 3168 4632 καὶ
3195 4577 3402 4634 δίκαιον
3436 4586 3532 4633 καὶ
3581 4579 3723 4648 φαῦ-

2119 4670 2209 4725 λον
2235 4688 2248 4702 ο
2285 4668 2426 4725 εἷναί
2456 4689 2516 4725 τε
2570 4670 2774 4744 Καινὴν
2812 4671 3091 4744 Διαθήκην
3131 4670 3422 4744 ἀλλοτρίαν
3457 4672 3555 4743 τῆς
3602 4675 3719 4726 Πα-

2120 4764 2278 4828 λαιᾶς
2303 4767 2398 4818 καὶ
2416 4764 2510 4819 τοῦ
2534 4765 2592 4820 ὲν
2618 4765 2757 4837 αὐτῇ
2785 4765 3142 4837 λαλήσαντος.
3167 4764 3491 4819 Ἀνάστασιν
3513 4768 3717 4835 σαρκὸς

2120 4857 2324 4912 ἀθετεῖ.
2378 4857 2674 4928 Βάπτισμα
2709 4856 2927 4911 δίδωσιν
2980 4857 3043 4911 οὺ
3083 4856 3242 4927 μόνον
3287 4855 3381 4920 ἕν’,
3437 4856 3574 4910 ἀλλὰ
3623 4859 3716 4912 καὶ

2119 4948 2249 5020 τρία
2278 4947 2418 5020 μετὰ
2463 4947 2524 5002 τὸ
2555 4950 2918 5020 παραπεσεῖν.
2965 4947 3139 5019 ’Υπὲρ
3166 4948 3222 5002 δὲ
3265 4948 3376 5001 τῶν
3402 4948 3712 5002 τεθνεώτων

2120 5041 2546 5112 κατηχουμένων
2571 5040 2720 5096 άλλοι
2748 5041 2880 5114 παρ’
2903 5040 3084 5106 αὐτοῖς
3109 5041 3484 5112 βαπτίζονται.
3520 5041 3713 5104 Ἀδεῶς

2119 5133 2177 5188 δὲ
2206 5135 2299 5188 καὶ
2335 5133 2580 5204 γυναιξὶν
2610 5133 2896 5208 ἐπιτρέπει
2922 5134 3084 5205 δῆθεν
3122 5133 3348 5206 λουτρὸν
3384 5133 3605 5188 διδόναι.

2192 5229 2644 5284 Λουκιανισταί.
2679 5229 2980 5292 Λουκιανός
3014 5245 3099 5292 τις
3129 5229 3390 5300 ἀρχαῖος,
3422 5227 3521 5298 οὐχ
3554 5229 3581 5282 ό
3617 5225 3709 5282 νῦν

2121 5322 2179 5374 ὲν
2236 5321 2452 5392 χρόνοις
2497 5320 2909 5376 Κωνσταντίνου
2962 5320 3254 5391 γενόμενος
3277 5360 3292 5383 ,
3342 5319 3522 5373 πάντα
3572 5317 3708 5374 κατὰ

2121 5413 2426 5485 Μαρκίωνα
2463 5413 2810 5484 ἐδογμάτισε.
2870 5411 3015 5485 Πρὸς
3047 5413 3104 5466 δὲ
3149 5411 3374 5476 τούτους
3409 5411 3505 5466 καὶ
3550 5410 3702 5484 ἓτερὸ

2117 5524 2238 5562 τινα
2265 5506 2418 5580 παρὰ
2450 5507 2544 5562 τὸν
2582 5505 2920 5578 Μαρκίωνα,
2965 5523 3062 5560 και
3099 5504 3261 5569 αὐτὸς
3308 5504 3472 5576 δῆθεν
3516 5519 3708 5576 περισο

2121 5599 2357 5672 σοτέρως
2388 5598 2724 5674 δογματίζει.
