3982 6418
193 306 295 367 581

879 305 1255 372 ADVERSUS
1292 307 1639 366 HIERESES
1674 307 1803 366 LIB.
1843 310 1884 368 l.
1927 309 2092 369 TOM.
2137 309 2224 367 ill.
2266 344 2334 356 -—
2373 312 2650 370 HERES.
2683 312 2926 374 XXXIV.

3388 308 3499 375 582

278 427 693 496 Ἀπελληανοί.
736 427 848 484 Καὶ
896 421 1051 494 οὗτος
1103 431 1133 483 ό
1184 427 1452 500 Ἀπελλῆς
1503 429 1574 484 τά
1626 429 1782 502 ὅμοια

1955 431 2410 502 231Αρείιίαιιὶ.
2426 434 2644 505 Apelles
2657 432 2914 490 similiter
2925 440 3090 504 atque
3105 431 3376 492 Marcioet
3387 434 3496 493 Lu-

195 520 488 592 Μαρκίωνι
522 519 618 574 καὶ
643 518 930 590 Λουκιανῷ
957 517 1176 584 κακίζει
1206 520 1306 591 τὴν
1343 521 1527 574 πᾶσαν
1551 519 1794 592 ποίησιν,

197 615 291 666 καὶ
337 613 431 666 τὸν
475 614 836 684 πεποιηκότα.
874 615 988 684 Οὐχ
1030 613 1232 684 ὁμοίως
1277 613 1335 666 δέ
1387 613 1597 676 τούτοις
1649 615 1798 685 τρεῖς

194 703 372 775 ἀρχὰς
401 703 738 773 εἰσηγήσατο
761 742 777 768 ,
824 703 963 757 ἀλλά
1013 704 1144 775 μίαν
1175 703 1276 774 μὲν
1315 704 1493 775 ἀρχὴν
1520 743 1537 770 ,
1574 704 1669 758 καὶ
1700 704 1798 758 ἕνα

192 793 328 847 Θεὸν
372 793 504 850 ὄντα
545 793 822 848 ἀνώτατον
863 795 960 849 καὶ
991 795 1438 866 ἀκατονόμαστον
1468 813 1484 830 ο
1535 796 1700 852 αὐτὸν
1739 796 1797 851 δὲ

193 885 284 939 τὸν
334 885 433 939 ἕνα
484 887 846 958 πεποιηκέναι
881 887 1062 942 ἀλλον.
1121 885 1227 941 Καὶ
1261 882 1418 953 οὗτος
1473 891 1502 943 ὁ
1531 888 1793 959 γεγονὼς,

194 978 434 1050 πονηρὸς
483 979 763 1051 εὑρεθεὶς,
803 980 1062 1051 ἐποίησεν
1092 979 1151 1034 ἐν
1194 982 1260 1051 τῇ
1299 977 1467 1033 αὐτοῦ
1497 979 1796 1050 φαυλότητι

193 1070 286 1123 τὸν
319 1070 546 1142 κόσμον.

261 1163 638 1233 Σευηριανοι.
674 1163 914 1235 Σευῆρος
941 1163 1106 1220 πάλιν
1157 1179 1241 1228 τις
1272 1162 1352 1236 τῷ
1386 1163 1620 1237 Ἀπελλῇ
1665 1181 1793 1218 συν-

192 1254 484 1326 επόμενος,
513 1256 607 1310 τὸν
643 1257 742 1328 μὲν
782 1250 929 1311 οἶνον
966 1257 1333 1313 ἀποϐάλλεται
1361 1259 1454 1312 καὶ
1485 1259 1585 1332 τὴν
1613 1259 1795 1330 ἀμπε-

191 1346 282 1400 λον
307 1387 323 1412 ,
364 1347 430 1401 ἐκ
476 1365 538 1402 τε
583 1346 679 1402 τοῦ
709 1349 1154 1421 δρακοντοειδοῦς
1175 1353 1391 1407 Σατανᾶ
1423 1352 1521 1406 καὶ
1549 1351 1660 1422 Γῆς
1693 1370 1794 1424 μυ-

192 1438 433 1509 θολογῶν
478 1442 780 1512 πεφυκέναι
801 1486 816 1512 ,
874 1443 1240 1499 συνελθόντων
1275 1444 1550 1516 ἀλλήλοις.
1593 1445 1704 1516 Τήν
1731 1461 1792 1498 τε

190 1534 428 1600 γυναῖκα
457 1537 848 1606 παραιτεῖται,
891 1536 1118 1605 φάσκων
1169 1537 1470 1608 ἀριστερᾶς
1506 1535 1793 1606 δυνάμεως

191 1623 358 1696 αὐτὴν
385 1625 675 1696 ὑπάρχειν.
723 1628 1054 1698 Ὀνομασίας
1087 1631 1146 1682 τέ
1178 1646 1328 1693 τινας
1367 1628 1670 1700 ἀρχόντων,
1698 1628 1792 1682 καὶ

190 1717 407 1789 βίϐλους
437 1719 590 1783 τινὰς
621 1719 975 1791 ἀποκρύφους
1017 1723 1366 1792 παρεισάγει.
1398 1721 1484 1775 Τά
1528 1723 1686 1793 ὅμοια
1737 1721 1791 1774 δὲ

1897 522 2093 579 cianus
2140 525 2408 594 quidquid
2446 526 2729 580 conditum
2759 535 2843 582 est
2880 540 3008 581 cum
3048 526 3170 596 ipso
3199 524 3496 586 Conditore

1895 615 2189 688 vituperat.
2247 614 2368 672 Non
2418 625 2602 672 tamen
2652 617 2756 672 tria
2809 628 2869 673 ut
2915 618 2991 673 illi
3046 618 3340 690 principia,
3398 623 3495 677 sed

1895 723 2066 764 unum
2114 716 2330 765 tantum
2374 710 2584 766 invexit
2618 727 2630 763 :
2669 711 2972 783 itidemque
3014 711 3183 768 Deum
3225 727 3396 770 unum
3429 725 3495 766 ac

1896 815 2246 872 supremum,
2287 810 2342 859 et
2380 804 2620 860 nominis
2659 813 2970 874 expertem,
3019 808 3110 876 qui
3155 804 3493 875 singularem

1895 893 2128 950 alterum
2188 898 2580 966 procreaverit.
2634 897 2738 965 Qui
2789 913 2914 953 cum
2971 899 3150 954 malus
3198 897 3492 965 evasisset,

1895 986 2161 1042 mundum
2191 1002 2293 1043 sua
2322 988 2416 1043 illa
2450 990 2802 1060 improbitate
2829 990 3099 1046 condidit.

1967 1161 2260 1219 Seueriani.
2299 1164 2536 1222 Severus
2567 1166 2656 1222 hic
2684 1166 2928 1238 Appellis
2955 1167 3168 1223 assecla
3206 1166 3393 1222 vinum
3427 1181 3492 1221 ac

1892 1255 2060 1312 vitem
2095 1259 2316 1327 penitus
2343 1260 2586 1314 damnat.
2619 1259 2753 1327 Quae
2785 1277 2852 1315 ex
2892 1259 3110 1315 Satanae
3142 1260 3414 1330 serpentis
3436 1263 3494 1316 et

1893 1349 2080 1405 Terrae
2119 1352 2432 1422 congressu
2453 1361 2754 1423 propagata
2787 1353 2962 1424 ﬁngit.
3000 1352 3319 1406 Muliebrem
3355 1366 3493 1420 quo-

1892 1456 2000 1511 que
2033 1457 2224 1497 sexum
2269 1442 2557 1513 repudiat,
2603 1442 2749 1514 quod
2787 1444 2853 1498 ad
2904 1443 3185 1499 sinistram
3220 1440 3490 1495 Virtutem

1893 1534 2185 1605 pertineat.
2215 1534 2532 1604 Principum
2561 1533 2828 1589 vocabula
2855 1533 3127 1604 quaedam,
3173 1539 3336 1602 atque
3361 1545 3493 1599 apo-

1891 1626 2132 1698 cryphos
2207 1626 2380 1682 libros
2445 1626 2678 1682 inducit.
2755 1626 2815 1681 In
2891 1634 3232 1681 mortuorum
3304 1637 3493 1678 resur-

1891 1721 2159 1786 rectione,
2231 1719 2526 1790 Veterique
2583 1719 2940 1776 Testamento
3003 1715 3303 1774 refellendo
3364 1729 3492 1772 cum

186 1811 305 1873 ταῖς
342 1808 536 1873 ἄλλαις
571 1809 669 1882 τὴν
706 1812 912 1883 σαρκὸς
953 1812 1252 1868 ἀνάστασιν
1300 1812 1524 1882 ἀθετεῖ,
1556 1813 1652 1866 καὶ
1678 1813 1782 1866 Πα-

1897 1813 2018 1870 aliis
2050 1813 2354 1870 haeresibus
2387 1813 2683 1870 consentit.

185 1899 346 1956 λαιὰν
377 1900 685 1974 Διαθήκην.

257 1996 560 2050 Tartari-oi.
599 1989 768 2062 Οὗτος
822 1996 1178 2069 συνήκμασεν
1218 1995 1492 2068 ’ἰουστίνῳ
1526 1995 1607 2068 τῷ
1641 1996 1786 2068 μάρ-

175 2104 326 2159 τυρι,
339 2086 426 2158 τῷ
438 2087 578 2159 ἀγίῳ
595 2089 690 2143 καὶ
706 2089 1003 2160 φιλοσόφῳ.
1027 2089 1184 2143 Μετά
1203 2088 1260 2142 δὲ
1273 2089 1372 2161 τὴν
1387 2088 1484 2142 τοῦ
1507 2089 1786 2162 μάρτυρος

189 2178 487 2233 ἰουστίνου
511 2180 795 2253 τελευτὴν,
829 2181 926 2236 τοῦ
954 2181 1051 2235 καὶ
1085 2181 1399 2251 φιλοσόφου,
1423 2179 1781 2252 προσεφθάρη

169 2273 288 2334 τοῖς
321 2269 429 2324 τοῦ
457 2272 788 2345 Μαρκίωνος
816 2273 1075 2343 δόγμασι,
1109 2271 1476 2343 μαθητευθεὶς
1504 2271 1583 2342 τῷ
1611 2271 1780 2343 αύτῷ,

170 2361 241 2414 τά
268 2378 333 2414 τε
371 2363 466 2414 to:
490 2363 642 2434 αὐτῷ
674 2364 1026 2432 ἐδογμάτισε,
1054 2364 1148 2417 καὶ
1173 2363 1338 2433 ἕτερα
1358 2363 1619 2434 προσθεὶς
1653 2364 1787 2434 παρ’

169 2455 415 2508 ἐκεῖνον.
473 2455 722 2524 Ἐλέγετο
749 2455 807 2510 δὲ
842 2457 952 2510 ἀπὸ
983 2455 1415 2527 Μεσοποταμίας
1449 2455 1748 2526 ὁρμᾶσθαι.

199 2613 312 2631 ~

1969 1997 2208 2052 Tatiani.
2258 1995 2523 2055 Tatianus
2566 1995 2804 2068 primum
2860 2007 2988 2048 cum
3030 1998 3224 2049 sancto
3268 1989 3492 2046 Iustino

1891 2096 2136 2160 martyre
2175 2101 2239 2143 ac
2278 2085 2606 2158 philosopho
2651 2085 2853 2141 ﬂoruit.
2901 2083 3034 2140 Post
3074 2083 3235 2154 cujus
3278 2081 3491 2138 obitum

1891 2180 2219 2251 contagione
2252 2178 2548 2235 Marcionis
2606 2177 2924 2250 dogmatum
2965 2175 3217 2242 aillatus,
3255 2173 3376 2243 ejus
3405 2169 3490 2224 die

1891 2272 2140 2342 scipulus
2173 2270 2304 2338 fuit;
2355 2269 2424 2324 ad
2472 2283 2786 2339 eaquequaa
2837 2282 2964 2322 cum
3003 2280 3072 2321 eo
3121 2262 3489 2319 communiter

1887 2363 2066 2418 tenuit
2098 2377 2239 2416 nova
2272 2362 2498 2430 insuper
2531 2359 2762 2414 addidit.
2801 2356 3008 2414 Ferunt
3037 2371 3069 2412 e
3097 2352 3489 2426 Mesopotamia

1888 2455 1968 2510 ori
1993 2451 2176 2506 indutu
2199 2454 2348 2509 hunc
2374 2452 2565 2510 fuisse.

731 2727 1118 2815 ΤΟΜοΣ
1169 2724 1563 2814 ΤΡΙΤΟΣ
1619 2727 1848 2814 ΤΟΥ
1916 2723 2378 2813 ΠΡΩΤΟΥ
2487 2723 2963 2811 ΒΙΒΛΙΟΥ.

1260 2933 1587 3022 LIBRI
1672 2929 1703 3015 l
1784 2924 2195 3019 TOMUS
2270 2925 2462 3012 Ill.

661 3161 853 3230 ΚΑΤΑ
886 3162 1316 3231 ΜΔΡΚΩΣΙΩΝ,

167 3273 825 3345 τεσσαρεσκαιδεκάτη
844 3315 860 3342 ,
901 3278 941 3347 ἡ
977 3277 1075 3331 καὶ
1121 3280 1450 3349 τριακοστὴ
1493 3279 1766 3350 τετάρτη.
1798 3287 1842 3348 C

238 3387 327 3439 A'.
341 3383 575 3456 Μάρκος
594 3384 650 3438 δέ
667 3401 772 3448 τις,
795 3385 890 3454 ἀφ’
911 3379 1084 3458 οὗπερ
1099 3387 1148 3439 oi
1163 3386 1488 3460 Μαρκώσιοι
1506 3387 1672 3442 καλού
1681 3405 1780 3460 με-

165 3493 253 3530 νοι
279 3515 297 3540 ,
338 3474 452 3528 ἀπὸ
480 3473 687 3528 τούτων
725 3474 1084 3546 ὁρμώμενος,
1122 3477 1219 3530 καὶ
1249 3476 1416 3549 ἕτερα
1469 3477 1623 3551 παρὰ
1661 3478 1778 3532 τού⁸

162 3587 303 3633 τους
333 3569 647 3642 τολμήσας,
689 3571 840 3624 κακά
880 3571 958 3643 τῷ
1001 3572 1194 3644 κόσμῳ
1235 3572 1494 3646 ἐξήμεσε.
1542 3576 1781 3642 Τούτους

163 3663 283 3734 γὰρ
309 3662 621 3733 διαδέχεται
654 3662 783 3728 τοὺς
824 3664 955 3736 περὶ
981 3664 1305 3732 Σεκοῦνδον,
1338 3667 1436 3722 καὶ
1479 3668 1775 3741 Ἐπιφάνη,

159 3756 269 3809 καὶ
306 3754 680 3825 Πτολεμαῖον,
712 3755 806 3808 καὶ
843 3757 1233 3811 Ούαλεντίνονο
1256 3759 1338 3823 είς
1379 3760 1778 3833 περισσοτέραν

158 3847 226 3902 δὲ
271 3846 567 3918 ἀγυρτώδη
620 3847 970 3920 συνάθροισιν
1004 3848 1242 3920 ἐπήρθη.
1280 3849 1484 3906 Γύναια
1532 3852 1642 3925 γὰρ
1685 3853 1780 3907 καὶ

152 3937 379 4009 ἄνδρας
409 3936 502 3990 ὑπ’
534 3936 700 3992 αὑτοῦ
733 3938 1133 4010 πεπλανημένα
1166 3957 1228 3993 τε
1281 3942 1376 3995 καὶ
1423 3942 1781 4014 πεπλανημέ-

160 4047 302 4093 νους
325 4030 663 4100 ἐπηγάγετο,
695 4029 1030 4100 ὑποληφθεὶς
1055 4034 1085 4085 ό
1113 4031 1347 4097 ἐλεεινὸς
1374 4034 1672 4108 διορθωτὴς
1699 4031 1780 4088 εἷ·-

165 4139 268 4175 ναι
301 4121 410 4175 τῶν
443 4123 866 4196 προειρημένων
896 4124 1234 4178 ἀπατεώνων
1254 4164 1269 4188 ,
1318 4127 1562 4196 μαγικῆς
1603 4126 1782 4198 ὑπάρ-

165 4231 292 4286 χων
311 4214 540 4279 κυϐείας
569 4215 984 4287 ἐμπειρότατος.
1027 4216 1344 4288 Ἀπατήσας
1371 4217 1428 4270 δὲ
1449 4217 1578 4282 τοὺς
1603 4235 1781 4286 προει-

159 4325 236 4380 ρη
249 4307 452 4377 μένους
482 4306 694 4372 πάντας
729 4307 823 4362 καὶ
859 4307 959 4372 τὰς
1013 4307 1421 4380 προειρημένας
1447 4350 1462 4375 ,
1494 4309 1781 4380 προσέχειν

153 4399 324 4469 αύτῷ
357 4399 374 4430 ¹
407 4390 486 4463 ὥς
515 4401 973 4472 γνωστικωτάτῳ,
1007 4401 1102 4455 καὶ
1129 4400 1360 4472 δύναμιν
1381 4400 1482 4471 τὴν
1515 4400 1781 4471 μεγίστην

155 4490 282 4544 ἀπὸ
303 4489 419 4544 τῶν
448 4491 702 4563 ἀοράτων
735 4492 830 4545 καὶ
859 4492 1325 4564 ἀκατονομάστων
1356 4493 1541 4546 τόπων
1579 4491 1776 4562 ἔχοντι,

154 4583 243 4648 ὡς
281 4583 596 4654 πρόδρομος
633 4583 708 4637 ὣν
760 4584 976 4655 ἀληθῶς
1017 4585 1112 4639 τοῦ
1173 4585 1546 4657 Ἀντιχρίστου
1584 4584 1781 4639 ἀποδέ-

2207 3156 2370 3228 232
2409 3153 2690 3211 CONTRA
2729 3153 3150 3227 MARCOSIOS,

2232 3267 2468 3322 llwresis
2496 3263 2581 3320 ΧΙ
2596 3265 2661 3333 V,
2692 3266 2797 3321 sive
2828 3264 3100 3320 XXXIV.

1953 3378 1994 3434 1.
2031 3377 2254 3435 Marcus
2289 3393 2420 3434 vero
2443 3378 2692 3450 quidam,
2714 3393 2743 3432 a
2769 3393 2880 3450 quo
2907 3375 3305 3432 Mareosiorum
3335 3385 3488 3432 secta

1882 3474 2190 3545 pullulavit,
2241 3488 2270 3527 a
2312 3471 2593 3543 prioribus
2638 3471 2748 3529 illis
2796 3471 3100 3543 profectus,
3153 3483 3217 3526 ac
3267 3467 3488 3524 diversa

1880 3568 2130 3642 quaedam
2158 3567 2226 3623 ab
2250 3567 2360 3624 illis
2389 3567 2654 3630 sentiens,
2680 3566 3000 3638 pestiferum
3031 3567 3087 3620 in
3112 3564 3304 3620 orbem
3334 3563 3488 3619 virus

1879 3643 2141 3717 evomuit.
2195 3659 2298 3715 Hic
2346 3660 2491 3715 enim
2555 3657 2831 3725 Secundo,
2876 3667 3043 3730 atque
3087 3655 3390 3727 Epiphanio
3435 3665 3490 3710 et

1879 3751 2208 3820 Ptolemaeo,
2255 3750 2656 3822 Valentinoque
2699 3751 3022 3815 succedens,
3064 3749 3376 3804 insaniores
3417 3746 3485 3802 ad

1881 3862 2082 3918 nugas,
2132 3861 2198 3901 ac
2242 3845 2389 3901 velut
2437 3845 2832 3901 circulatorum
2888 3844 3105 3900 fabulas
3157 3842 3488 3900 asserendas

1881 3919 2211 4012 progressus
2255 3945 2362 3994 est.
2432 3936 2500 3992 Et
2541 3938 2764 4009 quidem
2815 3937 3172 3993 mulierculas
3223 3936 3489 4006 virosque

1883 4029 2171 4087 fraudibus
2213 4030 2332 4086 suis
2387 4031 2798 4085 circumventos
2842 4029 3082 4094 induxit,
3136 4028 3487 4100 superiorum

1883 4123 2100 4177 illorum
2130 4121 2492 4191 impostorum
2518 4133 2801 4177 corrector
2821 4120 3066 4185 habitus,
3094 4135 3218 4174 cum
3245 4121 3488 4190 magica-

1880 4231 2006 4271 rum
2058 4221 2208 4271 esset
2257 4215 2460 4268 artium
2509 4215 2758 4285 apprime
2802 4214 3036 4286 peritus.
3093 4211 3486 4283 Compluribus

1883 4309 2050 4381 igitur
2089 4306 2379 4377 utriusque
2418 4322 2584 4363 sexus
2629 4323 2689 4363 se
2736 4317 2794 4363 ut
2837 4306 3186 4380 potissimum
3231 4306 3486 4362 audirent

1881 4402 2180 4472 persuasit,
2209 4409 2402 4474 ulpote
2433 4401 2889 4465 scientissimum,
2919 4402 3271 4472 maximaque
3298 4415 3364 4456 ex
3392 4415 3488 4454 no-

1881 4495 2030 4550 mine
2064 4495 2386 4552 carentibus
2457 4495 2748 4566 visumque
2788 4494 3123 4566 fugientibus
3157 4494 3294 4548 locis
3329 4501 3485 4564 pote-

1885 4594 2029 4644 state
2058 4586 2387 4658 przedituin;
2424 4603 2492 4646 ex
2531 4602 2643 4658 quo
2684 4601 2871 4644 revera
2889 4602 2949 4643 se
2981 4585 3306 4641 Antichristi
3343 4601 3489 4656 prae-

152 4653 407 4729 δεικται.
433 4653 525 4729 ίΤά
565 4675 676 4749 γὰρ
721 4653 1038 4743 Ἀναξιλάου
1073 4677 1151 4748 (9)
1184 4653 1415 4747 παίγνια
1457 4681 1525 4750 τῇ
1556 4677 1667 4733 τῶν
1693 4678 1782 4731 λε-

1892 4653 2171 4736 cursorem
2201 4653 2470 4738 ostendit.
2499 4653 2752 4736 Aiiaxilai
2787 4678 2998 4734 ludicra
3031 4678 3235 4750 quippe
3268 4653 3486 4735 somnia

149 4767 425 4839 γομένων
482 4768 688 4840 μάγωνο
738 4769 1045 4840 πανουργίᾳ
1094 4769 1375 4841 συμμίξας
1407 4810 1423 4837 ,
1475 4770 1544 4824 δι’
1596 4769 1778 4824 αὐτῶν

150 4859 471 4929 φαντάζων
495 4877 554 4914 τε
586 4861 681 4914 καὶ
718 4860 998 4931 μαγεύων,
1034 4861 1117 4924 εἰς
1149 4860 1414 4933 ἔκπληξιν
1446 4863 1574 4926 τοὺς
1602 4862 1777 4934 ὁρῶν-

145 4953 264 5016 τὰς
296 4969 360 5004 τε
387 4952 484 5006 καὶ
515 4952 876 5022 πειθομένους
917 4952 1067 5025 αὐτῷ
1095 4952 1448 5024 περιέϐαλεν·
1485 4953 1562 5019 ὡς
1593 4955 1686 5008 καὶ
1724 4954 1776 5008 oi

148 5043 257 5097 ὑπ’
287 5041 459 5096 αὑτοῦ
490 5042 570 5096 ἔτι
613 5045 707 5097 καὶ
744 5044 826 5108 είς
871 5043 1034 5115 δεῦρο
1072 5043 1232 5097 τοῦτο
1277 5042 1638 5100 ἐπιτελοῦσιν.
1705 5047 1770 5100 Oi

146 5131 218 5186 δὲ
279 5133 353 5185 τά
402 5132 512 5186 ἀπὸ
562 5133 886 5204 περιεργίας
928 5133 1201 5206 ὁρῶντες,
1242 5133 1460 5189 δοκοῦσι
1507 5135 1769 5207 δυνάμεις

235 5247 258 5278 ³
293 5245 462 5303 Deest
488 5245 739 5318 ἐποίησε,
767 5255 861 5302 aut
889 5247 1066 5302 ἔπτει.

234 5365 320 5493 ἱθ)
369 5365 461 5449 Τὰ.
489 5366 599 5436 γὰρ
649 5365 1002 5450 Ἄναξμιὰοι)
1044 5365 1309 5448 παίγνια.
1356 5365 1616 5448 Quaenam
1667 5367 1774 5423 ista

234 5459 237 5493 ;
269 5451 386 5492 icra
418 5447 560 5493 sint.
594 5451 834 5493 suarsun
871 5438 1079 5493 indicat
1105 5436 1348 5493 Plinius.
1381 5447 1442 5492 ut
1478 5439 1574 5492 hli.
1609 5453 1774 5493 xxxv.

145 5436 386 5494 ludicra
418 5438 560 5508 sint,
594 5439 834 5508 sparsim
870 5438 1079 5502 indicat
1105 5436 1348 5501 Plinius,
1381 5447 1442 5492 ut
1478 5439 1574 5492 lib.
1609 5453 1776 5504 xxxv,

148 5526 292 5580 cap.
336 5509 408 5564 15
435 5525 450 5583 :_
482 5507 641 5583 Lusii
668 5517 718 5562 et
745 5509 1051 5583 ᾼιιαπὴῦιω
1075 5523 1134 5562 eo
1167 5507 1254 5578 («le
1290 5509 1559 5583 sulphure
1593 5509 1777 5583 loqui-

149 5579 280 5648 tur)
309 5579 546 5634 candens
590 5581 645 5632 in
673 5579 853 5649 calice
888 5593 1044 5642 novo,
1090 5595 1366 5649 prunaque
1396 5579 1636 5649 subjecta
1666 5579 1783 5636 'cir-

145 5652 469 5719 cumferens
511 5648 910 5704 exardescemis
939 5664 1249 5718 repercussu
1283 5648 1545 5718 pallorem
1576 5651 1778 5713 dirum,

145 5724 305 5798 velut
360 5723 774 5792 defunctorum,
831 5721 1140 5789 o/fuudeute
1195 5721 1471 5775 conviviis.
1543 5722 1782 5794 Scripsit

1884 4786 2011 4827 cum
2050 4787 2268 4838 eorum,
2307 4789 2449 4845 quos
2492 4788 2682 4845 magos
2722 4771 3033 4838 nominant,
3073 4771 3313 4828 versutia
3353 4785 3489 4826 con-

1878 4862 2120 4935 jungens
2140 4903 2154 4929 ,
2186 4870 2353 4934 atque
2379 4863 2513 4920 iisce
2546 4863 2839 4935 praestigiis
2872 4872 2927 4920 et
2960 4863 3172 4919 artibus
3203 4861 3440 4918 illudens
3463 4898 3484 4927 ,

1883 4966 2226 5030 spectatores
2271 4975 2464 5015 omnes
2509 4972 2572 5012 ac
2627 4957 2871 5012 fautores
2922 4970 3054 5011 suos
3097 4954 3152 5017 in
3200 4962 3484 5024 stuporem

1879 5049 2413 5120 admirationemque
2445 5049 2720 5105 convertit
2759 5065 2774 5101 :
2810 5048 2974 5120 233
3006 5046 3152 5119 quod
3196 5046 3374 5118 ipsum
3415 5043 3488 5099 ad

1877 5137 2204 5194 hodiernam
2259 5155 2437 5211 usque
2489 5139 2635 5195 diem
2691 5145 2997 5194 sectatores
3047 5137 3198 5193 illius
3248 5134 3483 5190 faciunt.

2833 5365 3129 5422 uibusdam
3162 5372 3377 5420 natura)
3417 5377 3484 5420 ac

2857 5436 2992 5491 linio
3028 5437 3152 5490 licet
3198 5436 3484 5506 colligere,

1879 5369 2004 5434 iste,
2038 5369 2147 5423 nisi
2191 5368 2375 5434 fallor,
2425 5368 2495 5423 de
2537 5366 2759 5422 arcanis

1879 5441 2036 5495 miris
2071 5441 2358 5510 operibus.
2393 5447 2453 5492 ut
2489 5454 2554 5494 ex
2583 5439 2777 5492 eodem

1879 5510 1977 5566 lib.
2009 5507 2137 5574 χιχ,
2165 5525 2286 5580 cap.
2323 5511 2375 5572 1,
2421 5510 2516 5565 lib.
2552 5524 2765 5580 xxvm,
2825 5507 3023 5580 cap”
3061 5517 3116 5562 et
3154 5507 3251 5562 lib.
3282 5522 3484 5573 xxxiii,

1879 5595 2002 5652 cap.
2038 5581 2124 5636 10.
2171 5578 2317 5648 Quin
2350 5588 2404 5635 et
2454 5585 2658 5652 saepius
2693 5579 2839 5636 libro
2873 5578 3056 5653 primo
3095 5581 3152 5635 in
3191 5585 3483 5635 auctorum

1883 5653 2127 5706 indiculo
2159 5655 2380 5706 citatur.
