3982 6420
181 343 306 398 585

892 343 925 393 Α
939 342 1260 402 DVERSUS
1303 337 1647 404 H/ERESES
1687 348 1778 402 LII

1888 392 1898 404 .
1946 350 2107 406 ΤΟΜ.
2155 350 2241 406 ΠΙ,
2284 384 2350 391 -—
2391 354 2668 411 H.£liES.
2706 356 2949 411 XXXIV.

3355 357 3459 416 598

184 458 558 529 παραπλήσια
615 459 783 513 ποιῶν
829 461 1141 533 ἐξηπάτησε
1189 465 1450 530 πολλοὺς,
1501 468 1595 520 καὶ
1667 469 1775 520 ἀπ-

1888 469 2195 538 quentdam,
2236 469 2398 539 cujus
2436 485 2603 541 opera
2657 481 2711 528 et
2769 471 3060 527 vaticinari
3102 471 3370 538 videatur.
3404 484 3461 529 et

180 551 432 621 ηγήοχεν
475 550 854 608 όπίσωαὺτοῦ.
885 552 1048 618 Εἰκὸς
1095 554 1153 608 δὲ
1195 556 1358 610 αὐτὸν
1399 556 1628 628 δαίμονά
1658 575 1777 611 τινα

182 643 466 713 πάρεδρον
502 644 666 714 ἔχειν,
701 644 770 696 δι’
795 637 857 698 οὗ
896 646 1061 710 αὐτός
1099 664 1158 701 τε
1196 649 1559 719 προφητεύειν
1607 648 1774 717 δοκεῖ,

181 736 288 789 καὶ
322 737 454 799 ὅσας
484 734 640 801 ἀξίας
668 739 885 806 ἡγεῖται
911 739 1171 809 μετόχους
1200 740 1299 809 τῆς
1332 742 1550 812 χάριτος
1588 741 1773 806 αὑτοῦ,

180 829 566 901 προφητεύειν
630 834 791 885 ποιεῖ.
849 832 1101 887 Μάλιστα
1161 834 1270 906 γὰρ
1334 836 1462 905 περὶ
1513 838 1776 903 γυναῖκας

182 922 528 995 ἀσχολεῖται,
562 924 657 976 καὶ
696 922 902 978 τούτων
930 926 1028 989 τὰς
1074 926 1447 998 εὐπαρίφους,
1493 928 1585 982 καὶ
1622 945 1777 999 περι-

183 1012 547 1084 πορφύρους,
627 1016 717 1067 καὶ
775 1015 1206 1080 πλουσιωτάτας,
1258 1016 1325 1080 ἃς
1364 1018 1625 1081 πολλάκις
1674 1022 1773 1072 ὑπ-

182 1104 425 1172 άγεσθαι
448 1103 790 1176 πειρώμενος
820 1106 1130 1160 κολακεύων
1152 1108 1315 1178 φησὶν
1336 1110 1524 1172 αὑταῖς
1544 1126 1555 1138 ·
1587 1114 1774 1165 Μετα-

182 1195 412 1248 δοῦναί
455 1212 556 1250 σοι
612 1196 765 1251 θέλω
806 1196 915 1265 τῆς
972 1196 1119 1266 ἐμῆς
1165 1197 1426 1268 χάριτος.
1478 1200 1686 1268 ἐπειδὴ
1744 1205 1776 1254 ό

182 1285 402 1354 Πατὴρ
445 1285 564 1340 τῶν
613 1286 772 1342 ὅλων
816 1288 923 1341 τὸν
963 1287 1225 1357 ἄγγελόν
1272 1304 1389 1343 σου
1447 1289 1776 1357 διαπαντὸς

175 1375 410 1438 βλέπει
444 1376 559 1446 πρὸ
593 1378 919 1446 προσώπου
964 1380 1172 1435 αὐτοῦ.
1217 1381 1278 1434 '0
1323 1381 1392 1435 et
1442 1383 1623 1448 τόπος
1668 1383 1776 1437 τοῦ

174 1466 481 1535 μεγέθους
510 1469 580 1521 ἐν
615 1468 760 1537 ἡμῖν
787 1472 799 1499 ¹
831 1470 964 1523 ἐστι
1004 1470 1076 1525 δι’
1116 1469 1274 1540 ἡμᾶς
1301 1473 1772 1542 ἐγκαταστῆσαι.

181 1558 472 1627 ,λάμϐανε
530 1559 764 1628 πρῶτον
816 1562 918 1615 ἀπ’
971 1561 1117 1632 ἐμοῦ
1175 1564 1274 1616 καὶ
1336 1564 1410 1618 δι’
1461 1566 1606 1635 ἐμοῦ
1663 1565 1776 1633 τὴν

180 1650 389 1720 χάριν.
425 1652 803 1720 Εὐτρέπισον
847 1656 1137 1723 σεαυτὴν,
1171 1657 1251 1722 ὡς
1292 1660 1496 1726 νύμφη
1534 1657 1775 1727 ἐκδεχο-

176 1744 341 1815 μένη
387 1746 495 1799 τὸν
528 1747 792 1816 νυμφίον
834 1748 1076 1814 ἑαυτῆς,
1119 1750 1220 1803 ἵνα
1257 1749 1372 1818 ἔσῃ
1422 1750 1453 1803 ὃ
1497 1749 1631 1819 ἐγὼ,
1676 1751 1773 1803 καὶ

1881 577 2019 630 quas
2047 578 2172 617 esse
2203 563 2396 633 dignas
2431 565 2733 629 censuerit,
2758 564 3006 620 eamdem
3035 564 3147 621 illis
3176 564 3457 620 divinandi

1879 653 1990 705 vim
2059 654 2287 708 tribuat.
2346 653 2482 709 Nam
2541 671 2667 710 cum
2729 656 3058 712 mulieribus
3107 656 3458 727 potissimum

1880 754 2149 810 versatur,
2198 746 2515 816 eisdemque
2558 746 2796 816 eleganti
2839 753 3062 809 ornatu,
3118 760 3183 801 ac
3218 758 3458 816 purpura

1882 838 2245 905 praetextatis,
2280 846 2334 890 et
2374 838 2759 907 locupletibus,
2796 852 2935 908 quas
2971 845 3031 891 ut
3059 836 3125 891 ad
3157 852 3278 892 sese
3307 836 3461 907 pelli-

1879 926 2008 985 ciat,
2039 924 2117 978 sic
2149 939 2243 979 eas
2274 925 2563 981 blandiens
2592 928 2888 997 alloquitur
2923 926 3110 982 :Libet
3138 928 3331 997 gratia:
3364 926 3458 980 tibi

1881 1034 2007 1072 mea:
2041 1020 2243 1088 aliquid
2278 1036 2568 1091 aspergere,
2602 1025 2851 1093 quoniam
2874 1040 3050 1077 rerum
3076 1025 3309 1077 omnium
3347 1022 3458 1077 Pas

1880 1127 1999 1165 rens
2036 1114 2279 1182 angelum
2313 1122 2459 1167 tuum
2498 1115 2717 1169 assiduo
2755 1132 2932 1169 coram
2964 1133 3074 1170 sese
3098 1117 3254 1170 ridet.
3284 1115 3457 1169 Locus

1879 1219 2036 1271 porro
2070 1205 2453 1274 magnitudinis
2507 1217 2611 1260 tua:
2652 1208 2705 1260 in
2752 1207 2899 1261 nobis
2925 1218 3022 1261 est.
3060 1206 3125 1260 In
3153 1223 3317 1260 unum
3334 1224 3459 1259 coao

1881 1299 2072 1349 (escere
2112 1315 2206 1351 nos
2237 1308 2439 1367 oportet
2474 1316 2490 1352 :
2531 1301 2761 1369 primum
2792 1302 2956 1371 igitur
2995 1317 3027 1353 ιι
3062 1317 3141 1353 me
3174 1317 3236 1353 ac
3266 1316 3356 1367 per
3380 1316 3460 1353 me

1880 1392 2108 1458 gratiam
2173 1393 2367 1461 accipe.
2454 1382 2707 1460 Pra'para
2788 1401 2854 1456 te,
2927 1402 3179 1461 tanquam
3265 1407 3459 1458 sponsa

1878 1501 2129 1551 sponsum
2165 1501 2315 1538 suum
2357 1498 2685 1553 exspectans,
2718 1494 2848 1538 utet
2882 1496 2938 1537 tu
2961 1479 3191 1552 idipsum
3215 1487 3289 1539 sis
3319 1485 3458 1554 quod

1878 1592 1968 1645 ego
1999 1593 2138 1639 sum,
2182 1585 2231 1629 et
2269 1594 2362 1644 ego
2386 1577 2489 1630 sint
2520 1576 2659 1647 quod
2698 1586 2751 1629 tu
2784 1593 2858 1631 es.
2894 1577 3023 1646 Age,
3082 1578 3216 1631 lucts
3258 1579 3461 1630 semina

1880 1668 1932 1719 in
1969 1668 2205 1721 thalamo
2247 1679 2336 1721 tuo
2366 1667 2592 1721 colloca.
2626 1668 2816 1735 Accipe
2855 1685 2889 1722 a
2921 1685 3000 1723 me
3022 1684 3466 1737 sponsum,eum~

1878 1773 1972 1826 que
2003 1767 2219 1827 cape,el
2253 1758 2318 1811 ab
2357 1774 2416 1811 eo
2453 1774 2656 1828 capere.
2694 1757 2827 1813 Ecce
2855 1758 3128 1814 descendit
3154 1761 3208 1813 in
3254 1770 3303 1813 te
3335 1777 3455 1831 gra~

178 1833 307 1903 ἐγὼ
341 1831 373 1886 ὃ
421 1834 524 1889 σύ.
562 1834 942 1903 Καθίδρυοόν
991 1837 1062 1890 ἑν
1103 1837 1184 1903 τῷ
1214 1836 1493 1908 νυμφῶνί
1548 1856 1664 1891 σου
1712 1839 1778 1891 τὸ

1888 1858 1900 1898 t
1928 1866 1989 1913 a;
2025 1851 2171 1916 aperi
2193 1866 2251 1902 os
2285 1858 2454 1908 tuum.
2485 1859 2535 1902 et
2567 1849 2880 1904 vaticinare.
2931 1850 3013 1905 Ad
3072 1850 3187 1905 haec
3239 1867 3465 1923 respon-

179 1925 431 1995 σπέρμα
458 1925 566 1981 τοῦ
595 1928 809 1996 φωτός.
833 1928 988 1982 Λάϐε
1011 1929 1146 1999 παρ’
1178 1930 1325 1998 ἐμοῦ
1356 1929 1461 1983 τὸν
1487 1931 1768 2000 νυμφίον,

182 2019 285 2073 καὶ
318 2016 600 2086 χώρησον
627 2020 834 2083 αὑτὸν,
861 2020 960 2075 καὶ
986 2022 1283 2091 χωρήθητι
1322 2022 1392 2075 ἐν
1416 2023 1595 2088 αὐτῷ.
1621 2022 1769 2076 Ἰδοὺ

181 2107 220 2172 ἠ
249 2108 427 2177 χάρις
453 2108 753 2177 κατῆλθεν
773 2112 875 2164 ἐπὶ
914 2112 989 2167 σέ
1008 2131 1021 2143 ·
1049 2113 1296 2178 ἄνοιξον
1322 2114 1386 2168 τό
1414 2116 1608 2183 στόμα
1629 2133 1767 2181 σου,

182 2200 284 2252 καὶ
318 2200 765 2269 προρήτευσον.
792 2204 907 2274 Τῆς
933 2205 988 2259 δὲ
1011 2206 1270 2273 γυναικὸς
1305 2207 1764 2278 άποκρινομένης,

187 2294 273 2347 Οὐ
305 2296 729 2365 προεφήτευσα
772 2297 1029 2361 πώποτε,
1070 2297 1170 2350 καὶ
1219 2299 1330 2351 οὐκ
1370 2295 1504 2351 οῖδα
1539 2314 1767 2367 προφη-

1879 1942 2044 1995 dentc
2082 1941 2283 1995 femina
2315 1960 2327 1995 :
2362 1940 2649 2014 Nunquam
2685 1942 2977 1995 vaticinata
3011 1960 3151 2007 sum,
3181 1961 3342 2014 neque
3369 1961 3464 1998 van

1881 2030 2096 2083 ticinari
2125 2031 2235 2083 scio
2277 2044 2295 2080 :
2344 2030 2433 2085 ille
2486 2041 2666 2085 certas
2726 2031 3103 2087 invocationes
3152 2033 3461 2102 proferens,

1879 2136 2100 2175 rursum
2166 2130 2226 2175 ut
2279 2122 2491 2177 stolida:
2526 2123 2603 2176 illi
2663 2132 2944 2194 slupurem
2992 2122 3239 2193 injiciat:
3278 2125 3459 2193 Aperi,

1878 2211 2081 2279 inquit,
2121 2229 2177 2263 os
2212 2220 2380 2276 tuum,
2407 2223 2455 2266 et
2477 2213 2733 2283 quidquid
2774 2213 3004 2268 volneris
3038 2214 3270 2284 loquere,
3310 2226 3463 2270 etua-

1878 2302 2203 2355 ticinaberis.

182 2392 407 2454 τεύειν,
460 2390 775 2459 ἐπικλήσεις
843 2389 996 2452 τινὰς
1049 2388 1404 2459 ποιούμενος,
1452 2392 1519 2444 ἐκ
1578 2393 1830 2465 δευτέρου
1898 2397 1978 2458 εἰς
2051 2393 2388 2464 κατάπληξιν
2440 2394 2537 2464 τῆς
2606 2395 3013 2467 ἀπατωμένης,
3080 2399 3242 2467 φησὶν
3298 2401 3460 2471 αὑτῇο

187 2486 466 2551 Ἀνοιξον
500 2486 567 2540 τὸ
605 2487 799 2554 στόμα
825 2498 964 2547 σου,
998 2483 1278 2553 λάλησον
1310 2485 1343 2539 ὅ
1389 2504 1442 2540 τι
1487 2487 1731 2554 δήποτε,
1763 2489 1857 2543 καὶ
1898 2492 2308 2559 προφητεύεις.

267 2581 335 2633 Ἠ
368 2580 447 2641 δὲ,
480 2578 840 2650 χαυνωθεῖσα,
865 2581 959 2632 καὶ
992 2578 1344 2647 κεπφωθεῖσα
1366 2581 1471 2634 ὑπὸ
1502 2583 1609 2635 τῶν
1642 2600 1768 2654 προ-

185 2688 311 2742 ειρη
321 2670 519 2741 μένων,
549 2669 1004 2741 διαθερμανθείσα
1029 2669 1127 2741 τὴν
1148 2670 1326 2740 ψυχὴν
1352 2672 1456 2726 ὑπὸ
1478 2673 1577 2745 τῆς
1608 2691 1778 2746 προσ-

184 2762 374 2828 δοκίας
404 2761 498 2816 τοῦ
534 2762 747 2833 μέλλειν
777 2762 948 2834 αὐτὴν
984 2762 1377 2834 προφητεύειν,
1411 2764 1512 2835 τῆς
1548 2766 1776 2837 καρδίας

187 2852 353 2907 πλέον
388 2852 483 2906 τοῦ
514 2852 727 2917 δέοντος
775 2852 1085 2924 παλλούσης
1103 2893 1119 2918 ,
1151 2852 1434 2925 ἀποτολμᾷ
1474 2855 1653 2910 λαλεῖν
1681 2857 1777 2928 λη-

191 2945 361 3019 ρώδη,
391 2948 485 3001 καὶ
520 2945 591 3000 τὰ
630 2945 863 3017 τυχόντα
891 2945 1074 3000 πάντα
1104 2945 1280 3011 κενῶς
1322 2947 1417 3000 καὶ
1462 2948 1772 3021 τολμηρῶς,

191 3038 291 3092 ire
336 3038 444 3093 ὑπὸ
494 3038 655 3093 κενοῦ
693 3037 1112 3111 τεθερμασμένη
1144 3039 1493 3110 πνεύματος·
1534 3042 1714 3107 καθὼς
1746 3044 1775 3096 ό

190 3131 464 3202 κρείσσων
500 3130 656 3202 ἡμῶν
705 3128 809 3201 ἔφη
848 3130 981 3202 περὶ
1029 3129 1138 3183 τῶν
1170 3131 1459 3185 τοιούτωνο
1495 3134 1617 3186 Ὅτι
1658 3134 1773 3187 τολ-

1956 2583 2052 2639 Illa
2090 2586 2401 2641 istiusmodi
2439 2587 2621 2640 inﬂata
2677 2587 2879 2650 verbis,
2910 2589 3186 2658 elataque,
3236 2604 3300 2642 ac
3336 2604 3465 2658 pro-

1884 2678 2085 2749 phetici
2146 2678 2297 2732 illius
2357 2679 2570 2733 aﬂlatus
2636 2680 3049 2748 exspectatione
3104 2679 3462 2740 inﬂammata.

1883 2771 2184 2841 palpitante
2217 2770 2341 2839 plus
2385 2771 2549 2827 solito
2585 2781 2826 2842 pectore,
2866 2786 3040 2841 nugas
3087 2773 3353 2840 quasdam
3386 2772 3467 2827 ef-

1884 2860 2070 2923 futire,
2103 2876 2167 2915 ac
2203 2862 2469 2931 quidquid
2522 2864 2576 2916 in
2636 2865 2865 2917 buccam
2918 2864 3130 2918 venerit
3185 2862 3468 2918 cﬂ‘undere

1884 2967 1994 3006 non
2020 2951 2255 3012 dubitat,
2298 2969 2406 3006 non
2440 2953 2622 3007 minus
2657 2969 2797 3007 vane
2825 2969 2989 3023 quam
3029 2963 3250 3016 temere,
3278 2965 3469 3025 utpote

1886 3043 2037 3097 inani
2101 3044 2299 3113 spiritu
2346 3045 2634 3099 calefacta.
2696 3043 2853 3108 Nam,
2915 3053 2973 3099 ut
3029 3047 3250 3115 quidam
3310 3046 3468 3101 nobis

1885 3137 2057 3190 multo
2111 3137 2464 3204 praestantior
2522 3137 2590 3190 de
2638 3136 2957 3192 hominibus
2990 3138 3263 3206 ejusmodi
3304 3139 3465 3204 dixit,

197 3222 371 3293 μηρὸν
405 3224 500 3276 καὶ
531 3223 746 3283 ἀναιδὲς
788 3223 933 3297 ψυχὴ
987 3224 1134 3297 κενῴ
1166 3225 1286 3298 ἀέρι
1331 3225 1734 3300 θερμαινομένη
1757 3244 1772 3259 ⁸

1888 3225 2062 3280 audax
2105 3234 2159 3280 et
2210 3225 2500 3296 impudens
2547 3234 2631 3281 est
2682 3229 2901 3282 annuus
2933 3228 3078 3282 inani
3110 3242 3235 3283 aere
3259 3228 3466 3283 calefa-

194 3315 290 3368 καὶ
320 3315 429 3369 ἀπὸ
465 3315 656 3371 τούτου
682 3317 868 3371 λοιπὸν
907 3319 1220 3391 προφήτιδα
1263 3319 1462 3392 ἑαυτὴν
1493 3322 1775 3393 μεταλαμ-

193 3404 349 3458 εέινει
377 3406 419 3467 ³,
469 3406 562 3458 καὶ
608 3406 922 3477 εὐχαριστεῖ
968 3409 1183 3480 Μάρκῳ
1215 3410 1292 3481 τῷ
1336 3411 1626 3465 ἐπιδιδόντι
1676 3410 1775 3481 τῆς

194 3500 331 3563 ἰδίας
356 3500 580 3571 χάριτος
611 3502 771 3573 αὐτῇ.
801 3502 911 3555 Καὶ
951 3502 1276 3573 ἀμείϐεσθαι
1316 3503 1480 3559 αὐτὸν
1518 3486 1775 3574 πειρᾶται

191 3594 253 3647 οὺ
286 3593 450 3664 μόνον
487 3592 628 3646 κατὰ
664 3594 763 3665 τὴν
792 3593 902 3648 τῶν
938 3594 1298 3666 ὑπαρχόντων
1327 3595 1495 3659 δόσιν,
1527 3594 1650 3648 ὅθεν
1681 3595 1777 3650 καὶ

191 3685 498 3758 χρημάτων
528 3684 731 3755 πλῆθος
761 3684 896 3739 πολὺ
936 3688 1311 3758 συνενήνοχεν,
1343 3685 1481 3739 ἀλλὰ
1499 3686 1594 3739 καὶ
1633 3686 1777 3741 κατὰ

190 3779 294 3850 τὴν
337 3777 435 3831 τοῦ
479 3778 727 3850 σώματος
770 3778 1074 3841 κοινωνίαν,
1116 3777 1260 3831 κατὰ
1301 3777 1481 3831 πάντα
1525 3775 1778 3832 ἐνοῢσθαι

190 3870 345 3941 αὑτῷ
384 3869 833 3941 προθυμουμένη,
869 3868 957 3923 ἵνα
1007 3869 1104 3923 σὺν
1145 3869 1295 3939 αὐτῷ
1326 3870 1559 3941 κατέλθῃ
1608 3873 1687 3934 εἰς
1719 3868 1781 3922 τὸ

189 3965 274 4017 εν.
309 3962 448 4035 Ἤδη
507 3962 565 4016 δὲ
612 3962 724 4016 τῶν
775 3962 1058 4034 προτέρων
1089 3962 1108 3993 ³
1159 3962 1305 4027 τινὲς
1352 3962 1628 4032 γυναικῶν
1673 3961 1781 4016 τῶν

194 4054 440 4125 ἐχουσῶν
471 4054 566 4108 τὸν
590 4054 753 4124 φόϐον
773 4053 868 4107 τοῦ
892 4052 1048 4119 Θεοῦ,
1081 4053 1177 4108 καλ⁵
1213 4054 1288 4125 μὴ
1310 4053 1779 4126 ἐξαπατηθεισῶν,

200 4146 269 4211 ἃς
320 4147 518 4218 ὁμοίως
568 4150 689 4211 ταῖς
750 4147 969 4211 λοιπαῖς
1015 4147 1343 4219 ἐπετήδευσε
1396 4143 1778 4217 παραπείθειν,

199 4239 437 4294 κελεύων
479 4241 672 4303 αὐταῖς
722 4237 1126 4312 προφητεύειν,
1172 4238 1271 4290 καὶ
1324 4236 1783 4308 καταφυσήσασαι

195 4335 294 4388 καὶ
330 4331 841 4403 καταθεματίσασαι
867 4331 1052 4394 αὐτὸν,
1078 4329 1458 4401 ἐχωρίσθησαν
1480 4327 1573 4382 τοῦ
1603 4327 1782 4381 τοιού-

194 4443 293 4478 του
332 4425 559 4479 θιάσουο
596 4423 841 4495 ἀκριϐῶς
871 4423 1107 4486 εἰδυῖαι,
1151 4423 1234 4476 ὅτι
1278 4420 1648 4495 προφητεύειν
1685 4421 1784 4491 οὐχ

196 4518 305 4572 ὑπὸ
344 4518 575 4589 Μάρκου
616 4516 709 4571 τοῦ
758 4518 935 4590 μάγου
977 4516 1253 4584 ἐγγίνεται
1299 4517 1409 4578 τοῖς
1452 4512 1781 4586 ἀνθρώποις,

1884 3324 2030 3371 ctus.
2065 3316 2139 3371 Ex
2196 3316 2292 3370 illo
2343 3318 2602 3387 deinceps
2652 3327 2895 3387 tempore
2937 3327 3112 3373 vatem
3159 3334 3220 3375 se
3270 3320 3469 3375 mulier

1882 3409 2183 3472 existimat,
2215 3422 2270 3464 et
2312 3408 2518 3473 Marco,
2554 3411 2648 3479 qui
2691 3410 2757 3464 de
2790 3425 2889 3465 sua
2940 3411 2994 3464 in
3042 3411 3217 3480 ipsam
3266 3411 3472 3465 virtute

1886 3500 2208 3570 transfudit,
2258 3503 2465 3572 gratias
2505 3503 2638 3572 agit,
2684 3501 2872 3573 itaque
2913 3502 3120 3558 referre
3169 3504 3375 3573 studet,
3410 3518 3472 3558 ut

1884 3610 1996 3650 non
2026 3594 2279 3650 fortunas
2309 3594 2473 3649 modo
2508 3608 2639 3650 suas
2684 3594 2736 3649 ei
2795 3595 3096 3666 largiatur;
3134 3595 3277 3650 unde
3305 3611 3473 3667 pecu-

1887 3686 2106 3738 niarum
2148 3684 2424 3756 ingentem
2472 3685 2564 3740 ille
2609 3685 2719 3738 vim
2768 3685 3024 3755 collegit;
3057 3701 3249 3740 verum
3304 3687 3467 3742 etiam

1888 3777 2142 3847 corporis
2171 3777 2258 3832 sui
2294 3784 2618 3845 potestatem
2652 3776 2839 3841 iaciat,
2886 3793 3009 3832 cum
3048 3793 3223 3849 eoque
3252 3780 3471 3849 penitus

1888 3869 2137 3938 copulari
2166 3869 2371 3939 cupiat,
2405 3876 2464 3923 ut
2494 3869 2551 3923 in
2582 3883 2751 3923 unum
2805 3884 2930 3923 cum
2991 3872 3112 3940 ipso
3160 3874 3473 3927 coalescere

1890 3962 2085 4032 possit.
2117 3959 2224 4016 Sed
2251 3961 2455 4015 accidit
2484 3961 2780 4023 interdum,
2807 3962 3086 4016 nonnullae
3120 3970 3179 4017 ut
3201 3963 3473 4019 ﬁdeliores

1889 4048 2051 4118 235
2087 4048 2305 4104 femina
2328 4065 2392 4103 ac
2415 4049 2615 4105 timore
2640 4048 2734 4105 Dei
2764 4051 3025 4119 praedita,
3053 4067 3155 4106 nec
3179 4054 3247 4106 ab
3265 4054 3358 4108 illo
3380 4056 3475 4111 de-

1890 4148 2082 4209 ceptte,
2112 4139 2331 4194 tametsi
2365 4138 2595 4209 perinde
2637 4155 2733 4194 eas
2769 4148 2828 4193 ut
2858 4141 3102 4211 reliquas
3134 4142 3190 4195 in
3220 4142 3470 4197 fraudem

1893 4238 2132 4286 tentaret
2164 4230 2468 4300 impellere,
2494 4246 2557 4286 ac
2583 4231 2873 4286 vaticinari
2899 4233 3182 4302 jussisset,
3210 4232 3357 4286 hunc
3390 4233 3476 4303 ip-

1893 4336 2015 4377 sum
2044 4320 2407 4376 nihilominus
2438 4332 2787 4392 respuerent,
2818 4337 2883 4377 ac
2908 4322 3339 4386 detestarentur,
3387 4338 3475 4378 se-

1893 4431 2001 4486 que
2030 4415 2100 4470 ab
2131 4416 2227 4470 illo
2260 4422 2406 4469 ctetu
2440 4424 2794 4487 segregarem
2841 4435 2855 4471 :
2905 4416 3051 4471 haud
3104 4417 3308 4488 ignarae
3340 4417 3472 4487 quin

1896 4506 2255 4578 prophetandi
2292 4507 2377 4561 vis
2436 4523 2547 4562 non
2580 4522 2608 4561 a
2641 4506 2834 4563 Marco
2860 4509 3135 4563 derivaret
3184 4509 3241 4562 in
3298 4509 3476 4563 bonzi-

198 4608 314 4661 ἀλλ’
341 4603 422 4672 οἷς
443 4576 509 4662 διν
531 4611 560 4663 ό
588 4607 722 4672 Θεὸς
748 4576 955 4662 ἀνωθεν
983 4576 1272 4678 ἐπιπέμψῃ
1295 4576 1402 4676 τὴν
1415 4576 1573 4677 χάριν
1597 4576 1778 4669 αὐτοῦ,

1898 4576 2016 4663 nes,
2053 4599 2150 4654 sed
2186 4601 2253 4655 iis
2293 4601 2496 4670 potius,
2543 4601 2750 4672 quibus
2777 4601 3043 4657 divinitus
3089 4617 3291 4658 munus
3342 4602 3475 4656 illud

199 4697 345 4756 οὗτοι
393 4698 669 4753 θεόσδοτον
719 4698 900 4771 έχουσι
950 4698 1049 4770 τὴν
1095 4696 1465 4770 προφητείαν,
1519 4697 1613 4749 καὶ⁵
1666 4695 1789 4749 τότε

199 4792 458 4849 λαλοῦσιν
480 4792 608 4846 ἔνθα
638 4792 732 4846 καὶ
762 4791 929 4846 ὁπότε
959 4789 1093 4853 Θεὸς
1123 4788 1393 4858 βούλεται,
1427 4787 1543 4841 ἀλλ’
1577 4788 1678 4858 οὐχ
1698 4788 1789 4840 ὅτε

202 4886 432 4957 Μάρκος
476 4883 707 4937 κελεύει.
745 4884 820 4937 To
854 4882 963 4952 γὰρ
1013 4880 1238 4934 κελεῦον
1279 4878 1373 4932 τοῦ
1429 4877 1788 4949 κελευομένου

206 4977 395 5049 μεῖζόν
421 4992 483 5029 τε
519 4976 612 5030 καὶ
639 4974 995 5048 κυριώτερον.
1036 4975 1192 5028 Ἐπεὶ
1222 4972 1283 5026 τὸ
1315 4970 1414 5043 μὲν
1439 4972 1787 5041 προηγεῖται,

202 5070 263 5123 τὸ
304 5070 363 5123 δὲ
403 5068 790 5122 ὑποτέτακται.
828 5068 894 5120 Εἰ
942 5062 1034 5120 οὖν
1078 5065 1304 5134 Μάρκος
1356 5063 1453 5134 μὲν
1488 5059 1721 5126 κελεύει,
1755 5059 1790 5131 ἢ

202 5162 364 5227 ἄλλος
390 5176 496 5226 τις,
530 5159 606 5230 «ἧς
634 5158 889 5213 εἰώθασιν
920 5159 1013 5212 ἐπὶ
1049 5160 1161 5220 τοῖς
1186 5156 1424 5218 δείπνοις
1463 5152 1558 5207 τοῦ
1588 5152 1791 5224 κλήρου

203 5251 350 5313 οὗτοι
376 5255 608 5310 πάντοτε
637 5252 873 5318 παίζειν,
899 5252 994 5307 καὶ
1028 5250 1278 5320 ἀλλήλοις
1308 5244 1695 5317 ἐγκελεύεσθαι
1728 5245 1792 5298 τὸ

204 5346 593 5421 προφητεύειν,
635 5344 729 5398 καὶ
758 5344 895 5416 πρὸς
930 5341 1031 5406 τὰς
1066 5340 1200 5405 ἰδίας
1245 5337 1543 5410 ἐπιθυμίας
1576 5337 1792 5397 ἑαυτοῖς

203 5439 606 5515 μαντεύεσθαι·
657 5437 807 5491 ἔσται
846 5438 876 5490 ό
925 5434 1163 5489 κελεύων
1211 5431 1412 5504 μείζων
1451 5447 1512 5484 τε
1558 5428 1650 5484 καὶ
1692 5444 1792 5479 κυ-

200 5534 470 5615 ριώτερος
500 5532 597 5585 τοῦ
628 5528 968 5603 προφητικοῦ
1004 5526 1317 5596 πνεύματος
1336 5565 1357 5588 ,
1389 5519 1790 5593 ἀνθρωπικῶν,

1896 4699 2047 4746 esset
2075 4691 2338 4755 oblatum,
2371 4693 2638 4763 singulari
2668 4693 2906 4764 quodam
2945 4692 3213 4749 beneficio
3256 4695 3478 4748 contin-

1897 4792 2082 4852 geret;
2107 4782 2201 4852 qni
2232 4797 2341 4837 non
2372 4784 2539 4839 simul
2562 4792 2727 4855 atque
2757 4783 2977 4839 Marcus
3007 4786 3351 4852 imperasset,
3382 4785 3477 4839 sed

1898 4874 2216 4943 ubicunque
2236 4888 2303 4931 ae
2326 4873 2771 4943 quandocunque
2798 4873 2944 4929 Deus
2972 4874 3156 4934 vellet,
3183 4873 3479 4942 loqueren-

1896 4972 2008 5019 tur.
2032 4963 2168 5018 Nam
2203 4965 2348 5034 quod
2383 4965 2541 5020 alteri
2567 4952 2722 5034 jubet
2760 4963 2988 5033 aliquid,
3026 4963 3082 5018 id
3114 4979 3181 5018 eo
3205 4963 3293 5017 cui
3313 4962 3478 5030 jube-

1899 5062 1990 5108 tur
2011 5054 2191 5123 majus
2218 5061 2305 5109 est
2329 5068 2394 5108 ac
2424 5055 2811 5123 praestantius;
2832 5052 3092 5125 quoniam
3118 5053 3248 5107 illud
3275 5052 3481 5121 prima-

1901 5146 2069 5211 rium,
2098 5146 2202 5200 hoc
2235 5144 2468 5201 inferius
2500 5154 2588 5200 est
2611 5152 2667 5198 et
2696 5144 3032 5212 subjectum.
3062 5142 3236 5214 Igitur
3262 5142 3308 5196 si
3331 5140 3479 5195 Mar-

1901 5234 2282 5310 cus'imperat,
2311 5239 2522 5293 aliusve
2554 5239 2701 5308 quis,
2739 5238 2818 5291 uti
2851 5252 2972 5293 mos
2993 5245 3079 5292 est
3112 5237 3169 5290 in
3212 5234 3483 5290 conviviis

1900 5332 2097 5387 sortito
2143 5345 2210 5385 ac
2250 5346 2349 5401 per
2381 5331 2574 5385 ludum
2604 5329 2807 5394 facere,
2836 5344 3004 5400 seque
3034 5328 3267 5383 invicem
3299 5326 3368 5381 ad
3397 5326 3483 5381 di-

1900 5421 2224 5489 vinandum,
2279 5438 2344 5477 ac
2372 5422 2478 5476 sibi
2508 5422 2612 5492 ipsi
2642 5414 3079 5483 vaticinandum,
3116 5428 3176 5474 ut
3209 5431 3485 5488 quemque

1904 5515 2073 5570 libido
2099 5513 2222 5580 fert,
2253 5513 2550 5585 impellere.
2582 5513 2687 5568 erit
2736 5513 2785 5569 is
2834 5512 2929 5584 qui
2974 5512 3133 5584 jubet
3163 5511 3330 5566 homo
3358 5522 3487 5584 pro-

276 5790 297 5820 '
327 5783 472 5839 ircn.
509 5797 602 5833 σου
629 5779 689 5831 ἐν
726 5780 823 5848 ἡμ.
860 5784 915 5834 ει
968 5792 1089 5832 mox
1132 5776 1211 5830 δεῖ
1255 5773 1399 5845 ἡμᾶς
1440 5770 1496 5825 ἓν
1528 5785 1720 5824 κατασ.

1888 5766 1980 5820 'ur.
2018 5766 2410 5838 ὑπολαμϐάνει.
2489 5767 2508 5797 ³
2540 5766 2680 5821 lren.
2716 5766 3073 5838 πιστοτέρων.

580 5874 853 5934 Iunior.
886 5875 1001 5932 Gn.
1056 5871 1216 5935 XLI.

3055 5855 3131 5917 19
