3982 6430
559 390 658 451 E91

1947 405 2025 467 'S.
2067 404 2410 467 EPlPllANll
3711 423 3796 482 533

563 524 761 564 sontum
818 512 964 568 velut
1014 512 1192 571 totum
1247 517 1463 584 efferre,
1497 534 1599 575 nec
1629 521 1782 591 prius
1829 523 1898 578 ab
1937 525 2135 582 edendc

2254 528 2589 582 κατάστασιν
2626 528 2733 583 τῶν
2765 529 2900 583 ὃλων
2927 529 3031 600 ἔφη
3058 524 3490 599 γενέσθαι,“ὃταν
3524 528 3587 588 τὰ
3628 538 3796 605 πάντα,

559 601 851 669 desistere,
884 620 1047 675 quam
1064 607 1133 662 ad
1162 617 1467 665 extremam
1499 614 1735 667 extremi
1764 614 2025 671 elementi
2049 618 2141 673 lit-

565 701 737 748 teram
761 697 1117 768 singulariter
1139 704 1547 771 pronuntiando
1592 706 1778 776 lingua
1809 711 2141 779 pervenerit.

2251 623 2582 677 κατελθόντα
2610 624 2690 689 εἰς
2734 624 2795 677 τὸ
2823 623 2881 677 ἓν
2904 624 3155 696 ’γράμμα
3177 665 3193 689 ,
3232 626 3359 696 μίαν
3397 628 3491 681 καὶ
3534 629 3627 699 τὴν
3654 631 3796 701 αὐτὴν

2256 715 2473 787 ἐκφώνη
2482 730 2565 769 σιν
2594 718 2701 788 ἡχή
2710 735 2795 788 σῃ.

562 788 642 842 Ac
673 796 785 843 tum
819 791 1039 846 demum
1069 796 1387 850 restitutum
1440 799 1505 852 iri
1538 800 1723 854 omnia
1770 801 1980 870 definit,
2018 820 2143 859 cum
2179 822 2372 865 omnes
2401 810 2453 863 in
2485 818 2648 864 'unam
2685 810 2915 866 redacta:
2948 810 3143 867 littera:
3194 828 3297 867 una
3366 815 3651 885 cadentque
3694 824 3794 887 pro-

563 885 911 939 nuntiatione
932 889 1289 945 resonabant.

635 978 808 1049 Hujus
826 997 954 1036 vero
988 985 1452 1053 pronuntiationis
1482 989 1659 1047 simile
1684 990 1939 1061 quiddam
1969 993 2147 1049 aiebat

561 1074 848 1141 exsistere,
881 1089 1004 1130 cum
1042 1091 1234 1135 omnes
1255 1080 1462 1149 pariter
1494 1097 1653 1137 amen
1682 1085 1937 1139 dicimus.
1969 1083 2146 1140 Senos

559 1178 683 1219 esse
718 1179 882 1232 vero,
932 1165 1134 1236 quibus
1184 1180 1394 1225 natura:
1444 1185 1508 1226 ae
1538 1175 1908 1242 generationis
1950 1189 2146 1245 expers

559 1253 703 1310 Eon
735 1256 826 1312 ille
848 1257 1194 1326 informetur,
1225 1259 1558 1332 eosdemque
1600 1263 1803 1319 formas
1828 1280 1954 1320 esse
1976 1309 1991 1333 ,
2019 1267 2143 1336 qni-

559 1348 663 1403 bus
689 1350 1001 1419 angelorum
1030 1368 1229 1408 nomen
1270 1368 1299 1407 a
1326 1353 1556 1409 Domino
1582 1357 1846 1412 tributum
1878 1366 1962 1413 est
1981 1397 1995 1423 ,
2023 1374 2145 1428 quae

560 1438 739 1496 Patris
788 1440 982 1497 faciem
1026 1445 1247 1501 assidue
1296 1456 1628 1503 contuentur
1652 1450 1690 1501 ³.
1722 1446 1840 1502 Jan:
1872 1465 2001 1505 vero
2028 1450 2141 1504 ele-

559 1543 868 1590 mentorum
919 1536 1173 1603 nomina,
1210 1554 1329 1609 quae
1378 1540 1597 1610 quidem
1646 1541 1877 1611 exprimi
1913 1539 1994 1596 fas
2027 1550 2147 1607 est,-

560 1635 797 1698 snntque
824 1630 1135 1685 communia
1156 1674 1171 1699 ,
1206 1631 1443 1696 Eone-5,
1478 1640 1534 1688 et
1565 1648 1871 1698 sermones,
1902 1649 1964 1688 ae
1996 1636 2144 1690 radi-

559 1736 674 1788 ces,
700 1722 930 1788 semina,
954 1723 1277 1793 pleromata,
1321 1741 1383 1781 ac
1409 1726 1623 1783 fruetus
1655 1730 1981 1799 appellabat.
2012 1729 2144 1798 Qua:

562 1822 741 1868 autem
773 1814 1089 1885 singillatim
1125 1817 1395 1889 cujusque
1428 1829 1555 1874 sunt
1589 1821 1831 1892 propria,
1859 1838 1923 1877 ea
1957 1821 2145 1877 Eccle-

2325 986 2429 1056 Ἦς
2469 995 2831 1066 ἐκφωνήσεως
2867 994 3050 1051 εἰκόνα
3096 997 3155 1052 τὸ
3205 1000 3352 1071 ἀμὴν
3381 1001 3515 1070 ὁμοῦ
3562 1003 3794 1074 λεγόντων

2251 1083 2411 1155 ἡμῶν
2435 1084 2665 1138 ὑπέθετο
2686 1081 2843 1141 εἷναι.
2873 1087 3011 1151 Τοὺς
3029 1087 3083 1140 δὲ
3106 1088 3374 1159 φθόγγους
3400 1092 3672 1166 ὑπάρχειν,
3694 1101 3795 1161 τοὺς

2256 1176 2599 1255 μορφοῦντας
2638 1177 2730 1229 τὸν
2764 1177 3014 1249 άνούσιον
3045 1179 3139 1232 καὶ
3176 1179 3466 1255 ἀγέννητον
3506 1185 3695 1254 Αἱῶνα,
3718 1177 3794 1245 καὶ

2250 1265 2388 1323 εἶναι
2417 1269 2642 1335 τούτους
2675 1270 2910 1341 μορφὰς,
2939 1266 3005 1336 ἃς
3027 1275 3054 1325 ὁ
3089 1272 3290 1344 Κύριος
3329 1275 3586 1344 ἀγγέλους
3613 1282 3790 1353 εἴρηκε.

2250 1362 2361 1426 Τὰς
2389 1362 2446 1415 δὲ
2474 1363 2739 1432 διηνεκῶς
2761 1362 3063 1433 βλεπούσας
3087 1365 3143 1417 τὸ
3173 1366 3460 1437 πρόςωπον
3483 1370 3573 1423 τοῦ
3590 1362 3789 1443 Πατρός.

2248 1446 2329 1507 Τὰ
2348 1444 2405 1507 δὲ
2426 1448 2662 1526 ὀνόματα
2676 1455 2781 1509 τῶν
2803 1457 3080 1528 στοιχείων
3097 1458 3164 1510 τὰ
3184 1457 3325 1531 ῥητὰ
3346 1461 3439 1514 καὶ
3458 1462 3792 1529 κοινάΑἰῶνας

2250 1549 2343 1602 καὶ
2357 1547 2567 1616 λόγους,
2583 1549 2679 1601 καὶ
2699 1548 2874 1620 ῥίζας,
2901 1549 2994 1603 καὶ
3018 1549 3330 1621 σπέρματα,
3352 1554 3444 1604 καὶ
3466 1552 3789 1625 πληρώματα,

2249 1639 2345 1693 καὶ
2390 1641 2636 1711 καρποὺς
2673 1640 2944 1712 ὠνόμασε.
2999 1640 3082 1695 Τὰ
3131 1640 3189 1694 δὲ
3231 1641 3354 1695 καθ’
3386 1642 3480 1697 ἕνα
3516 1644 3683 1697 αὐτῶν
3714 1635 3791 1698 κάι

2249 1734 2483 1787 ἑκάστου
2517 1732 2625 1786 ἴδια
2654 1734 2712 1787 ὲν
2747 1732 2825 1804 τῷ
2851 1731 3077 1806 ὀνόματι
3105 1735 3206 1805 τῆς
3242 1734 3788 1809 Ἐκκλησίαςΐμπερι-

2250 1826 2507 1898 εχόμενα,
2560 1825 2796 1880 νοεῖσθαι
2843 1826 2969 1897 ἔφη,
3030 1825 3102 1888 ὡς
3151 1826 3416 1897 στοιχείου
3454 1826 3475 1859 ¹
3503 1821 3561 1882 τὸ
3599 1821 3789 1900 ὕστερον

558 1914 655 1968 siae
716 1915 982 1970 vocabulo
1027 1920 1425 1989 comprehensa
1487 1921 1716 1991 intelligi
1780 1923 2135 1994 significabat.

2245 1918 2481 1989 γράμμα
2496 1918 2680 1988 φωνὴν
2704 1919 2984 1990 προήκατο
3004 1916 3104 1989 τὴν
3133 1916 3300 1971 αὑτοῦ
3317 1934 3329 1947 °
3364 1913 3423 1973 οὗ
3443 1913 3570 1989 ἦχος
3593 1909 3787 1983 ἐξελθὼν

558 2006 801 2072 Quorum
836 2008 1233 2066 elementorum
1267 2021 1512 2069 extrema
1564 2015 1741 2070 ultimi
1794 2016 1973 2070 littera
2046 2030 2142 2071 ro-

557 2116 675 2154 cem
715 2114 870 2155 suam
906 2102 1112 2169 emisit,
1140 2102 1300 2172 cujus
1326 2102 1493 2176 238
1521 2120 1690 2161 sonus
1732 2106 1922 2163 exiens
1946 2105 2012 2161 ad
2034 2107 2146 2161 ele-

558 2200 864 2246 mentorum
914 2192 1333 2251 similitudinem
1366 2198 1586 2268 propria
1625 2198 1895 2253 elementa
1938 2199 2142 2268 produ-

556 2283 664 2348 xit;
694 2298 723 2337 a
756 2280 956 2355 quibus
980 2286 1240 2341 inferiora
1270 2288 1387 2343 hmo
1413 2288 1989 2362 ordinata,snperiora
2013 2307 2143 2345 vero

555 2377 736 2443 genita
763 2391 887 2432 esse
932 2380 1165 2433 cens‘uit.
1211 2379 1377 2434 Addit
1421 2395 1549 2436 vero
1577 2381 1836 2445 litteram,
1864 2383 2022 2451 cuius
2052 2396 2143 2436 so-

555 2482 658 2519 nus
691 2482 888 2522 sonum
923 2466 1064 2522 infra
1102 2468 1563 2537 consequebatur,
1589 2484 1619 2523 a
1653 2471 1859 2541 syllaba
1890 2487 1985 2525 sua
2020 2488 2141 2526 sur—

552 2571 673 2609 sum
733 2562 977 2612 evectam
1032 2556 1098 2610 ad
1149 2557 1471 2613 universum
1514 2559 1881 2629 explendum;
1942 2575 2139 2614 sonum

552 2648 735 2702 antem
784 2648 964 2718 ipsum
1017 2648 1165 2721 \jelut
1200 2647 1350 2703 foras
1376 2648 1658 2718 ‘abjectum
1693 2651 1746 2704 in
1783 2650 2141 2706 inferioribus

552 2732 1174 2795 litesisseQElementum
1220 2754 1408 2810 porro,
1455 2740 1614 2810 cujus
1665 2741 1755 2795 ilia
1806 2742 1985 2796 littera
2025 2754 2137 2808 est,

551 2845 676 2883 cum
711 2830 1156 2899 pronuntiatione
1185 2845 1283 2885 sua
1313 2830 1570 2887 deorsum
1612 2832 1898 2887 descendit
1931 2852 1943 2887 :
1976 2833 2140 2903 idque

551 2920 750 2975 litteris
797 2930 1054 2977 constare
1104 2921 1330 2978 tricenis
1378 2922 1607 2989 asserit,
1638 2939 1870 2994 quarum
1911 2925 2139 2997 singulae

550 3012 686 3066 alias
739 3013 793 3066 in
844 3028 904 3068 se
950 3012 1160 3068 litteras
1206 3013 1503 3083 complexa).
1536 3014 1675 3079 sint,
1714 3015 1914 3085 quibus
1943 3015 2140 3072 littera:

541 3113 749 3161 ‘nomen
780 3106 1103 3177 appelletur.
1153 3103 1498 3176 Easdemque
1529 3122 1749 3163 rursum
1776 3109 1985 3164 litteras
2015 3109 2138 3167 aliis

548 3200 820 3255 nominari
858 3199 1088 3264 litteris,
1125 3213 1245 3281 quae
1292 3198 1489 3253 iterum
1519 3198 1641 3253 aliis
1674 3211 1725 3254 et
1759 3199 1890 3269 ipsa:
1923 3215 2137 3255 nuncn-

548 3299 775 3360 pentiar,
817 3298 874 3345 ut
909 3289 962 3344 in
992 3288 1292 3345 =inlinitum
1342 3288 1432 3343 illa
1485 3288 1793 3343 litterarum
1845 3290 2136 3345 multitudo

546 3382 825 3452 procedat.
884 3380 1016 3446 Quae
1063 3381 1242 3435 omnia
1305 3379 1521 3435 facilius
1582 3380 1684 3435 hoc
1741 3380 1901 3434 modo
1954 3382 2134 3451 perci-

547 3471 683 3542 pies.

543 3624 547 3628 ,
625 3562 689 3618 ν.
718 3561 1057 3619 Elementum
1108 3561 1260 3618 Delta
1304 3564 1545 3635 quinque
1590 3564 1799 3617 litteras
1855 3566 2133 3632 continet,

546 3655 807 3710 nimirum
839 3670 893 3720 ιι,
914 3669 967 3719 ε,
996 3669 1051 3721 ι,
1088 3671 1143 3720 τ,
1178 3672 1231 3709 Α.
1262 3652 1394 3721 Qua:
1418 3657 1610 3710 litterae
1631 3656 1760 3711 aliis
1796 3657 2019 3727 insuper
2045 3658 2135 3712 lit-

546 3747 680 3802 teris
730 3747 1047 3801 scribuntur
1073 3766 1087 3800 :
1125 3754 1178 3800 et
1209 3747 1291 3801 hae
1320 3747 1564 3803 vicissim
1596 3746 1740 3802 aliis.
1776 3745 1944 3819 Igitur
1972 3750 2017 3802 si
2044 3749 2130 3813 id,

546 3839 601 3893 in
648 3851 759 3907 quo
803 3837 975 3908 ipsius
1021 3837 1165 3893 delta
1216 3844 1414 3893 natura
1450 3839 1727 3905 consistit,
1763 3839 1816 3893 in
1858 3840 2127 3895 tuliuitum

546 3932 828 3998 excurrit,
860 3938 915 3985 et
947 3931 1015 3985 ab
1045 3930 1170 3987 aliis
1200 3931 1306 3986 alia
1336 3942 1708 4003 propagantur
1728 3973 1743 3998 ,
1787 3932 2131 4004 invicemque

547 4023 886 4089 suecedunt;
917 4032 1124 4094 quanto
1150 4024 1324 4097 magis
1355 4024 1641 4096 ipsiusmet
1672 4025 1924 4080 elementi
1951 4026 2131 4097 majus

543 4117 648 4172 erit
683 4114 988 4172 litterarum
1021 4116 1171 4172 velut
1202 4116 1472 4188 pelagus?
1494 4114 1559 4171 Et
1582 4118 1628 4172 si
1656 4115 1791 4172 adeo
1816 4116 2028 4172 infinita
2059 4120 2132 4174 sit

544 4225 650 4263 una
685 4208 950 4264 duntaxat
985 4208 1188 4275 littera,
1223 4208 1348 4264 vide
1373 4208 1544 4265 tutius
1576 4209 1813 4266 nominis
1835 4224 1997 4280 quam
2027 4211 2131 4265 imo

542 4318 733 4357 mensa
784 4303 856 4356 sit
902 4299 1285 4373 pro’fundaqne
1313 4301 1638 4372 congeries;
1680 4317 1746 4357 ex
1775 4301 1977 4372 quibus
2017 4301 2128 4372 pri-

543 4410 690 4448 mum
732 4388 895 4447 illum
952 4402 1213 4449 constare
1235 4391 1525 4449 Parentem
1559 4392 1724 4448 Marci
1778 4391 1903 4464 Sige
1927 4395 2126 4464 perdo-

540 4473 1012 4553 enitfPropterea
1050 4499 1178 4539 cum
1206 4478 1432 4539 Parens
1480 4485 1601 4555 ipse
1645 4485 2033 4553 comprehendi
2068 4500 2128 4541 se

2247 2010 2366 2064 κατ’
2398 2010 2584 2064 εἰκόνα
2614 2009 2724 2064 τῶν
2742 2010 3020 2080 στοιχείων
3055 2006 3297 2081 στοιχεῖα
3317 2008 3426 2064 ἴδια
3455 2009 3720 2080 ἐγέννησεν
3739 2006 3786 2075 ἐξ

2243 2096 2318 2154 ὧν
2349 2102 2417 2158 τά
2445 2119 2505 2156 τε
2545 2101 2780 2156 ἐνταῦθα
2821 2101 3343 2173 κατακεκοσμῆσθαί
3390 2119 3541 2173 φησι,
3581 2103 3665 2156 καὶ
3701 2096 3786 2155 τῶν

2246 2193 2353 2262 πρὸ
2374 2191 2395 2223 ³
2439 2192 2644 2247 τούτων
2674 2192 3053 2263 γεγεννῆσθαι.
3105 2191 3179 2245 Τὸ
3219 2192 3406 2263 μέντοι
3436 2190 3653 2264 γράμμα
3680 2191 3788 2247 αὐτὸ

2243 2284 2304 2337 τὸ
2325 2279 2457 2355 ἦχος
2478 2283 2556 2356 τῷ
2585 2284 2727 2355 ἤχει,
2773 2276 2832 2337 οὗ
2863 2286 2891 2337 ὁ
2922 2280 3055 2354 ἦχος
3090 2279 3158 2355 ἦν
3194 2276 3693 2339 σύνεπακολουθῶνδ
3724 2277 3786 2346 τῷ

2244 2377 2387 2445 ἤχει,
2415 2377 2509 2429 καὶ
2540 2377 2599 2429 τὸ
2622 2376 2727 2430 ὑπὸ
2748 2376 2845 2448 τῆς
2874 2375 3137 2446 συλλαϐῆς
3165 2377 3265 2447 τῆς
3297 2377 3488 2431 ἑαυτοῦ
3511 2376 3785 2447 ἀνειλῆφθαι

2241 2465 2355 2520 ’ἄνω
2401 2468 2580 2536 λέγειν
2617 2472 2695 2533 εἰς
2728 2469 3116 2542 ἀναπλήρωσιν
3155 2470 3252 2522 τοῦ
3287 2470 3431 2534 ὅλου,
3464 2468 3782 2542 μεμενηκέναι

2242 2558 2298 2610 δὲ
2324 2562 2401 2623 εἰς
2433 2559 2500 2612 τά
2540 2561 2690 2615 mitto
2714 2561 2804 2613 τὸν
2825 2557 2980 2633 ἦχον,
3011 2559 3200 2634 ὥσπερ
3229 2561 3337 2629 ἔξω
3368 2562 3605 2635 ῥιφέντα.
3649 2560 3711 2613 Τδ
3738 2560 3783 2613 δὲ

2246 2653 2507 2722 στοιχεῖον
2538 2653 2666 2705 αὐτὸ
2709 2654 2800 2722 ἀφ’
2838 2650 2898 2707 οὗ
2932 2653 2993 2706 τὸ
3018 2654 3253 2726 γράμμα
3295 2655 3392 2708 σὺν
3427 2656 3490 2725 τῇ
3522 2652 3781 2723 ὲκφωνήσει

2242 2739 2341 2808 τῆς
2384 2739 2579 2793 ἑαυτοῦ
2633 2741 2971 2813 συγκατῆλθε
3012 2743 3182 2806 κάτω,
3222 2743 3252 2796 ὃ
3297 2742 3627 2815 γραμμάτων
3669 2736 3781 2792 εἶναί

2244 2847 2377 2901 φησι
2402 2830 2715 2903 τριάκοντα,
2745 2834 2839 2887 καὶ
2869 2832 2925 2885 ἓν
2950 2833 3179 2887 ἕκαστον
3202 2834 3314 2887 τῶν
3335 2835 3616 2907 τριάκοντα
3634 2847 3780 2902 γραμ-

2245 2922 2452 2992 μάτων,
2480 2925 2537 2978 ἐν
2570 2924 2746 2996 ἑαυτῴ
2779 2925 2921 2996 ἔχειν
2952 2926 3115 2997 ἕτερα
3146 2927 3473 2997 γράμματα,
3516 2925 3579 2978 δι’
3610 2918 3663 2977 οὗ
3689 2923 3705 2953 ³
3731 2920 3779 2973 τὸ

2241 3013 2408 3085 ὄνομα
2437 3014 2530 3068 τοῦ
2564 3017 2891 3088 γράμματος
2919 3017 3266 3089 ὀνομάζεται.
3330 3018 3432 3072 Καὶ
3460 3012 3525 3071 αὖ
3560 3015 3701 3069 πάλιν
3725 3011 3779 3065 τὰ

2236 3102 2404 3175 ἕτερα
2444 3104 2512 3158 δι’
2560 3106 2736 3159 ἄλλων
2778 3107 3141 3178 ὀνομάζεσθαι
3186 3111 3558 3180 γραμμάτων,
3612 3107 3697 3160 καὶ
3724 3103 3777 3156 τὰ

2241 3193 2375 3247 ἄλλα
2404 3194 2470 3247 δι’
2498 3195 2703 3250 ἄλλων*
2751 3197 2826 3262 ὡς
2853 3200 2933 3261 είς
2958 3199 3184 3270 ἄπειρον
3214 3202 3502 3254 ἐκπίπτειν
3529 3199 3585 3251 τὸ
3609 3195 3777 3266 πλῆθος

2241 3285 2349 3340 τῶν
2374 3288 2739 3359 γραμμάτων.
2775 3289 2931 3344 Οὕτω
2975 3291 3019 3345 δ’
3051 3292 3126 3345 ’ἂν
3163 3292 3495 3363 σαφέστερον
3540 3289 3707 3362 μάθοις
3730 3284 3777 3340 τι

2239 3377 2529 3449 λεγόμενον
2541 3393 2555 3409 ⁸

2312 3565 2387 3617 E'.
2429 3564 2501 3617 Τὸ
2533 3560 2703 3617 Δέλτα
2747 3568 3007 3636 στοιχεῖον
3049 3566 3355 3639 γράμματα
3393 3570 3447 3622 ἐν
3486 3565 3660 3638 ἐαυτῷ
3687 3565 3775 3636 ἔχει

2236 3656 2424 3719 ὶπέντε,
2470 3656 2603 3710 αὐτὸ
2639 3654 2697 3710 δὲ
2723 3656 2784 3710 τὸ
2807 3657 2827 3686 ⁸
2867 3656 3047 3722 δέλτα,
3085 3659 3179 3712 καὶ
3205 3659 3271 3712 τὸ
3304 3661 3363 3728 Ε,
3397 3662 3487 3713 καὶ
3512 3659 3568 3713 τὸ
3596 3646 3773 3727 Λάμδα,

2237 3747 2332 3801 καὶ
2360 3747 2420 3801 τὺ
2442 3745 2578 3813 Ταῦ,
2609 3749 2704 3802 καὶ
2729 3749 2789 3803 τὸ
2810 3749 3011 3821 Ἄλφα.
3035 3751 3147 3804 Καὶ
3171 3751 3347 3805 ταῦτα
3378 3752 3533 3806 πάλιν
3549 3735 3615 3805 τὰ
3626 3748 3776 3820 γράμ-

2238 3856 2385 3910 ματα
2422 3839 2491 3894 δι’
2520 3840 2695 3895 ἄλλων
2734 3841 3005 3915 γράφεται
3049 3845 3415 3917 γραμμάτων,
3467 3845 3555 3899 καὶ
3584 3844 3644 3895 τὰ
3667 3840 3775 3896 ἄλλα

2232 3931 2299 3986 δι’
2326 3932 2542 3987 ἄλλων.
2591 3935 2653 3986 Εἰ
2697 3931 2792 3989 οὖν
2840 3938 2872 4008 ἡ
2914 3939 3064 3990 πᾶσα
3103 3935 3402 4000 ὑπόστασις
3425 3935 3514 3990 τοῦ
3551 3935 3691 3989 δέλτα
3713 3932 3774 3993 είς

2234 4024 2461 4097 ἄπειρον
2482 4025 2760 4093 ἐκπίπτει,
2785 4027 2871 4080 ἀεὶ
2900 4027 3074 4082 ἄλλων
3093 4024 3228 4082 ἄλλα
3259 4030 3558 4101 γράμματα
3582 4022 3774 4094 γεννών-

2231 4132 2360 4181 των,
2383 4114 2897 4188 καὶίδιαδεχομένων
2927 4116 3133 4189 ἄλληλα
3152 4136 3166 4149 ·
3204 4119 3359 4190 πόσῳ
3383 4116 3572 4189 μᾶλλον
3598 4111 3770 4169 ἐκείνου

2232 4205 2324 4262 τοῦ
2349 4208 2611 4278 στοιχείου
2634 4210 2817 4279 μεῖζον
2840 4203 3056 4264 εἶναιτὸ
3080 4211 3315 4280 πέλαγος
3328 4212 3434 4265 τῶν
3457 4207 3768 4281 γραμμάτων.

2231 4298 2342 4352 Καὶ
2369 4299 2418 4351 εί
2466 4299 2527 4352 τὸ
2566 4298 2625 4353 ἓν
2668 4300 2904 4372 γράμμα
2945 4296 3117 4366 οὕτως
3157 4302 3406 4374 ἄπειρον,
3438 4303 3534 4374 ὅρα
3571 4300 3676 4352 ὅλου
3695 4291 3768 4347 τοῦ

2230 4392 2492 4464 ὀνόματος
2515 4393 2606 4448 τὸν
2636 4393 2796 4465 βυθὸν
2822 4394 2929 4448 τῶν
2958 4396 3304 4467 γραμμάτων
3324 4414 3338 4427 ο
3373 4395 3430 4461 ἐξ
3451 4391 3521 4448 ὧν
3547 4393 3628 4445 τὸν
3648 4390 3769 4457 »Προ-

2232 4483 2443 4556 πάτορα
2474 4486 2506 4556 ἡ
2539 4484 2769 4557 Μάρκου
2810 4487 2942 4558 Σιγὴ
2970 4489 3292 4543 συνεστάναι
3332 4487 3656 4558 ἐδογμάτισε.
3696 4475 3768 4531 Διὸ

542 4592 651 4631 non
677 4590 839 4648 posse
887 4575 1088 4639 sciret,
1118 4575 1404 4631 elementis
1443 4575 1547 4631 hoc
1577 4576 1869 4641 tribuisse,
1898 4593 2042 4647 quos
2071 4585 2125 4634 et

2238 4576 2326 4631 καὶ
2351 4578 2441 4631 τὸν
2461 4579 2684 4651 Πατέρα
2709 4581 3072 4652 ἐπιστάμενον
3102 4582 3164 4635 τὸ
3192 4582 3475 4655 ἀχώρητον
3502 4575 3670 4640 αὐτοῦ,
3696 4573 3761 4624 δε·-

540 4665 751 4723 ᾹΞυιιίιε
795 4674 988 4731 vocat,
1029 4673 1090 4719 ut
1142 4664 1920 4735 quilibetpronuntiationem
1968 4683 2126 4722 suam

539 4774 738 4830 magno
768 4758 1008 4825 clamore
1034 4756 1303 4828 proferret
1324 4797 1338 4821 ,
1369 4757 1515 4828 quod
1561 4763 1734 4813 totum
1769 4774 1912 4815 unus
1934 4759 2125 4816 efferre

539 4852 766 4908 minime
803 4860 1007 4921 posset.
1050 4849 1177 4905 Haec
1203 4866 1326 4904 cum
1376 4849 1570 4907 'l'etras
1611 4851 1662 4906 ei
1711 4852 1898 4908 omnia
1942 4852 2123 4909 deela-

537 4954 750 5010 rasset,
782 4943 984 5013 adjecit
1018 4960 1032 4997 :
1063 4940 1200 4997 Volo
1228 4950 1284 4996 et
1321 4941 1498 5012 ipsam
1548 4942 1647 4997 tibi
1684 4941 1981 4998 Veritatem
2028 4959 2116 4998 os.

536 5043 794 5104 tendere.
850 5054 1017 5111 quam
1082 5053 1114 5094 e
1164 5038 1483 5095 celestibus
1532 5037 1826 5093 domiciliis
1879 5037 2118 5103 adduxi,

534 5137 741 5193 nudam
772 5140 834 5189 ut
869 5147 990 5188 eam
1023 5132 1353 5202 inspiceres,
1384 5130 1615 5201 ejusque
1655 5128 2119 5201 pulchritudinem

535 5240 884 5299 agnosceres,
915 5225 1026 5280 imo
1061 5231 1116 5280 et
1146 5224 1456 5292 loquentem
1493 5220 1747 5288 audires,
1787 5228 1842 5276 et
1875 5220 2120 5291 pruden-

534 5321 665 5372 tiam
721 5317 1129 5388 obtupesceres.
1190 5314 1420 5370 Sursum
1471 5316 1655 5383 itaque
1703 5319 1861 5382 caput
1904 5313 2119 5367 intuere

534 5416 576 5466 Δ
603 5422 659 5469 et
692 5414 732 5466 Ω
752 5454 766 5478 ,
799 5413 1068 5469 cervicem
1098 5425 1226 5468 vero
1256 5411 1297 5465 Β
1326 5417 1381 5467 et
1395 5408 1482 5474 Ψ,
1520 5408 1776 5464 humeros
1809 5421 2115 5479 manusque

2228 4670 2587 4736 δωκέναιτοίς
2615 4674 2922 4744 στοιχείοις,
2948 4675 2986 4729 ἃ
3015 4677 3108 4729 καὶ
3129 4676 3347 4740 Δξῶνας
3370 4674 3537 4733 καλεῖ.
3573 4663 3766 4724 ἑνϊέκά-

2230 4779 2341 4834 στῳ
2381 4764 2559 4817 αὐτῶν
2609 4764 2708 4837 τὴν
2754 4766 2889 4821 ἰδίαν
2920 4766 3229 4840 ὲκφώνησιν
3259 4768 3476 4839 ἐκϐοᾷν,
3512 4763 3593 4817 διὰ
3627 4760 3681 4813 τὸ
3703 4755 3760 4827 μὴ

2224 4855 2486 4911 δύνασθαι
2503 4858 2677 4913 ενατὸ
2691 4855 2815 4915 ὅλον
2836 4863 3120 4930 ὲκφωνείν.
3154 4861 3337 4917 Ταῦτα
3355 4861 3412 4914 δὲ
3434 4855 3763 4928 σαφηνίσασαν

2225 4949 2374 5020 αὐτῷ
2407 4949 2506 5023 τὴν
2532 4952 2850 5026 Τετρακτὺν
2876 4956 3050 5009 εἰπεῖν
3083 4953 3211 5008 θέαν
3242 4955 3261 4985 ⁷
3293 4953 3355 5025 δή
3389 4969 3469 5005 σιιι
3500 4949 3588 5004 καὶ
3620 4941 3761 5007 αὐτὴν

2219 5041 2484 5110 ἐπιδεῖξαι
2529 5043 2626 5115 τὴν
2675 5045 2977 5118 ’Δλήθειαν.
3000 5048 3351 5119 ’Κατήγατον
3388 5043 3493 5115 γὰρ
3525 5037 3678 5107 αὐτὴν
3706 5034 3760 5086 ικ

2217 5132 2328 5188 τῶν
2354 5133 2591 5207 ὕπερθεν
2615 5137 2889 5207 δομάτων,
2936 5139 3002 5194 ἶν’
3032 5139 3213 5212 ἐσίδῃς
3242 5137 3410 5208 αὐτὴν
3445 5130 3659 5204 γυμνὴν,
3684 5122 3758 5178 καὶ

2221 5225 2561 5296 καταμάθοις
2589 5226 2650 5280 τὸ
2672 5228 2867 5295 κάλλος
2898 5229 3069 5300 αὐτῆς
3088 5245 3102 5259 ·
3153 5228 3292 5284 ἀλλὰ
3315 5228 3409 5283 καὶ
3438 5222 3659 5291 ἀκούσῃς
3678 5215 3758 5269 οὐ·

2220 5314 2323 5386 τῆς
2347 5315 2616 5389 λαλούσης
2655 5319 2749 5372 καὶ
2762 5318 3052 5393 θαυμάσῃς
3078 5320 3141 5375 τὸ
3163 5321 3413 5393 φρόνημα
3433 5315 3608 5384 αὐτῆς·
3642 5307 3756 5375 ’θρα

2221 5403 2315 5463 οὖν
2342 5409 2585 5483 κεφαλὴν
2610 5409 2723 5466 ἄνω
2745 5409 2805 5465 τὸ
2836 5413 3017 5483 ’Ἄλφα
3052 5414 3146 5469 καὶ
3171 5415 3232 5468 τὸ
3259 5414 3320 5478 Ω,
3362 5407 3615 5485 τράχηλον
3642 5400 3690 5455 δὲ
3722 5396 3755 5447 Β

602 5682 620 5715 ι
657 5674 1157 5757 Μοιιξικηιιιιίυ.
1232 5684 1253 5714 ³
1282 5677 1420 5757 Iren:
1462 5693 1538 5757 ω)
1562 5675 1865 5757 ρτοιχείέον
1897 5674 1960 5727 τὸ
1981 5673 2094 5757 ⁵τοῦ

2238 5673 2355 5757 heu
2392 5678 2618 5757 ὕστατον
2642 5697 2732 5753 γρ.
2811 5685 2830 5714 ³
2859 5683 2998 5757 lren.
3039 5684 3301 5757 xairtpé-
3346 5678 3554 5757 _"_l"e"'
3581 5664 3746 5757 .(Péﬁ.

616 5789 631 5825 ,
663 5766 726 5803 ου
765 5749 824 5825 τὸ
851 5745 981 5825 ﬁxae
1020 5746 1091 5825 ἦν
1120 5745 1623 5825 συνεπακολουθοῦν
1643 5740 1734 5825 .τῷ
1778 5746 1900 5817 ήχει
1930 5744 2082 5800 κάτω
2115 5740 2221 5800 ιτεδ
2254 5747 2352 5819 τῆς
2387 5750 2607 5806 συλλαϐ.
2645 5740 2699 5809 et
2729 5768 2826 5824 pro
2870 5755 3074 5824 λέγειν,
3104 5740 3268 5825 λέγὲι,
3343 5753 3365 5786 ⁸
3394 5750 3526 5807 Iren.
3576 5740 3635 5797 δι’
3660 5740 3741 5791 ὢν·

533 5764 631 5850 μοι,
663 5766 726 5803 ου
765 5764 824 5825 το
851 5764 981 5820 ηχος
1020 5764 1089 5822 ην
1127 5764 1623 5803 συνεπακολουυουν
1655 5764 1732 5816 τῳ

573 5815 701 5874 For.
743 5820 872 5875 αὑτό
915 5836 997 5872 τε.
1072 5821 1091 5851 ⁷
1118 5819 1258 5873 lrcn.
1298 5833 1395 5888 pro
1423 5816 1571 5882 θέαν,
1599 5815 1758 5870 θέλω.
