3982 6444
213 345 322 400 ειη

839 344 1209 406 ADVERSUS
1245 347 1594 406 HERESES
1631 349 1759 415 LIB.
1802 344 1836 408 l.

1946 348 2052 406 ΟΜ.
2097 349 2186 405 ιιι.
2225 381 2296 392 --
2336 349 2606 406 ΗΛΕΒΕΞ.
2655 350 2894 406 XXXIV.

3426 349 3528 408 533

213 463 298 534 μή
309 477 462 532 ματα
481 462 617 516 ὄντα
648 462 760 517 τῶν
786 463 1077 534 ἀμιμήτων
1099 462 1200 535 τὴν
1224 461 1554 538 Ἑνθύμησιν
1580 463 1680 536 τῆς
1708 464 1832 535 Μη-

1946 465 2098 531 ῐίιιῐιι,
2140 463 2471 535 Cogitationi
2520 463 2710 522 Matris
2761 466 3032 523 serviunt.
3065 464 3256 537 itaque
3291 469 3543 537 primum

210 553 374 624 τρός.
418 553 531 606 Καὶ
553 555 582 608 ὁ
621 553 722 626 μὲν
757 551 972 624 πρῶτος
1008 552 1238 624 οὐρανὸς
1282 553 1580 623 φθέγγεται
1611 555 1672 608 τὺ
1709 555 1774 610 Α.
1799 555 1828 607 ὀ

212 645 280 699 δὲ
313 643 459 713 μετᾶ
483 642 677 700 τοῦτον
713 643 776 699 τὸ
802 645 866 710 Ε,
889 643 919 697 ὀ
943 643 1000 698 δὲ
1025 644 1210 717 τρίτος
1239 645 1286 698 il
1306 663 1318 676 ο
1357 645 1620 719 τέταρτος
1649 645 1706 698 δὲ
1736 646 1829 698 καὶ

217 738 398 809 μέσος
439 737 548 792 τῶν
593 737 734 792 ἑπτὰ
775 737 875 812 τὴν
912 737 1006 792 τοῦ
1043 739 1064 791 Ι
1106 737 1336 807 δύναμιν
1389 741 1644 808 ἐκφωνεί,
1697 741 1726 792 ὁ
1773 738 1828 792 δὲ

216 832 485 902 πέμπτος
513 830 574 884 τὸ
616 833 680 895 0,
709 830 868 896 ἕκτος
895 832 952 886 δὲ
982 833 1044 888 τὸ
1079 833 1125 888 Υ
1147 851 1161 865 ο
1189 833 1417 903 ἕϐδομος
1445 832 1540 886 καὶ
1571 831 1830 903 τέταρτος

217 924 339 980 ἀπὸ
381 922 614 996 μέρους¹
645 922 706 978 τὸ
731 925 772 978 Ω
805 929 1069 996 στοιχεῖον
1096 923 1283 996 ἐκϐοᾷ,
1323 923 1508 988 καθὼς
1541 926 1572 994 ἡ
1597 923 1826 995 Μάρκου

221 1013 390 1086 Σιγὴ,
432 1017 466 1086 ἡ
508 1014 680 1070 πολλὰ
714 1016 812 1088 μὲν
841 1016 1179 1090 φλυαροῦσα,
1225 1016 1391 1089 μηδὲν
1420 1015 1477 1070 δὲ
1515 1015 1716 1087 ἀληθὲς
1743 1013 1830 1068 λέ-

221 1124 429 1176 γουσα,
467 1107 894 1164 διαϐεϐαιοῦται.
938 1109 1150 1175 Αἴτινες
1173 1109 1452 1180 δυνάμεις,
1475 1107 1635 1180 ὁμοῦ,
1669 1108 1824 1180 φησὶ,

223 1202 407 1256 πᾶσαι
445 1203 526 1264 εἰς
558 1200 796 1274 ἀλλήλας
835 1201 1267 1273 συμπλακεῖσαι,
1305 1199 1497 1274 ὴχοῦσι
1540 1199 1634 1254 καὶ
1669 1199 1828 1263 δοξά-

225 1296 418 1359 ζουσιν
449 1296 677 1360 ἐκεῖνον,
710 1295 799 1364 ὑφ’
823 1287 884 1349 οὗ
916 1295 1360 1366 προεϐλήθησαν.
1403 1293 1467 1348 Ἡ
1492 1293 1549 1347 δὲ
1577 1292 1704 1360 δόξα
1727 1293 1826 1364 τῆς

227 1387 374 1457 ἠχῆς
394 1384 780 1457 ἀναπέμπεται
805 1387 884 1450 εἰς
898 1385 988 1438 τὸν
1018 1385 1369 1459 Προπάτορα.
1403 1382 1620 1455 Ταύτης
1644 1383 1828 1454 μέντοι

232 1477 334 1548 τῆς
362 1477 672 1548 δοξολογίας
702 1477 794 1532 τὸν
827 1473 960 1550 ἦχον
987 1480 1068 1542 εἰς
1099 1477 1196 1550 τὴν
1228 1477 1332 1548 γῆν
1350 1476 1650 1548 φερόμενόν
1694 1492 1828 1547 φησι

233 1569 486 1640 πλάστην
514 1569 790 1640 γενέσθαι,
819 1571 912 1625 καὶ
933 1573 1234 1644 γεννήτορα
1275 1569 1400 1628 τῶν,
1431 1569 1525 1622 ἐπὶ
1560 1567 1663 1638 τῆς
1701 1567 1823 1640 γῆς.

233 1661 348 1732 Τὴν
366 1661 426 1716 δὲ
442 1660 716 1726 ἀπόδειξιν
741 1661 895 1734 φέρει
912 1661 1020 1716 ἀπὸ
1040 1661 1148 1716 τῶν
1169 1661 1294 1732 ἄρτι
1322 1659 1680 1730 γεννωμένων
1703 1657 1829 1729 βρε-

1932 555 2192 628 cmlumA
2216 555 2568 626 pronuntiat;
2595 557 2898 616 secundum
2923 559 2984 626 E;
3015 559 3237 616 tertium
3267 560 3337 626 H;
3369 575 3531 630 quar-

1933 656 2044 702 lum
2087 655 2140 703 et
2177 648 2414 702 medium
2444 649 2653 704 vocalis
2685 651 2706 704 Ι
2738 651 2846 706 vim
2899 651 3090 718 ell’ert;
3135 651 3390 722 quintum
3434 652 3514 720 0,-
3589 635 3603 643 ’

1933 748 2148 795 sextum
2201 741 2275 808 Υ;
2302 741 2610 815 septimum
2654 750 2708 798 et
2747 752 3006 816 quartum
3046 745 3378 802 elementum
3429 745 3472 798 Ω
3497 762 3529 798 e

1932 832 2113 886 medio
2147 819 2482 903 proclamat,
2511 836 2588 890 ait
2626 834 2904 890 Marciana
2941 835 3103 908 Sige,
3145 851 3268 906 quae
3301 851 3526 908 magnas

1931 939 2109 996 nugas
2159 924 2414 982 ell‘utiens
2465 913 2749 998 reri'nibil
2783 927 3083 1002 eloquitur.
3131 926 3374 988 Virtutes
3422 927 3529 983 illa:

1931 1033 2099 1089 porro
2133 1019 2299 1074 simul
2334 1033 2527 1074 omnes
2561 1019 2796 1077 invicem
2827 1027 3096 1084 consertae
3129 1027 3416 1084 resonant,
3443 1019 3529 1076 iu-

1930 1111 2072 1183 quit,
2103 1125 2167 1169 ac
2191 1111 2493 1183 praedicant
2519 1127 2666 1178 eum,
2689 1128 2721 1168 a
2741 1129 2852 1184 quo
2873 1113 3154 1184 producte,
3181 1121 3332 1170 sunt.
3353 1111 3528 1182 Cujus

1931 1203 2148 1260 sonitus
2171 1201 2503 1264 collaudatio
2536 1204 2774 1276 primum
2799 1205 2852 1260 in
2873 1203 3164 1276 Parentem
3191 1203 3479 1262 confertur
3507 1221 3525 1259 ε

1932 1297 2189 1368 idemque
2237 1312 2408 1353 sonus
2455 1298 2670 1354 delatus
2723 1297 2779 1352 in
2836 1305 3078 1363 terram,
3111 1299 3357 1354 omnium
3405 1311 3528 1368 quae

1931 1395 2062 1440 sunt
2093 1385 2148 1438 in
2175 1399 2238 1439 ea
2271 1385 2426 1440 ﬁctor
2453 1401 2518 1441 ac
2553 1393 2882 1456 procreator,
2904 1396 2988 1442 est
3031 1386 3232 1448 factus.
3273 1386 3430 1454 Quod
3457 1401 3526 1442 ex

1930 1476 2670 1546 recenseditis,infantibus
2717 1477 3106 1536 demonstrare
3155 1480 3379 1548 nititur,
3431 1479 3528 1550 qui

1931 1569 2096 1624 simul
2122 1576 2284 1639 atque
2317 1570 2511 1640 matris
2537 1585 2604 1625 ex
2632 1578 2789 1627 utero
2819 1571 3180 1643 prodierunt,
3206 1571 3393 1642 vagitu
3425 1585 3528 1628 suo

1933 1663 2374 1733 uniuscujusque
2401 1663 2799 1718 elementorum
2839 1665 3074 1722 istorum
3105 1679 3305 1720 sonum
3340 1663 3528 1734 expri-

232 1754 374 1823 φῶν,
418 1746 495 1808 ὧν
536 1752 643 1825 ἠχὴ
671 1753 787 1824 ἅμα
818 1751 898 1825 τῷ
943 1755 1008 1808 ἐκ
1057 1753 1273 1826 μήτρας
1319 1749 1602 1823 προελθεῖν
1633 1747 1829 1820 ὲπιϐοᾷ

1946 1762 2110 1811 munt.
2145 1753 2215 1810 Ut
2239 1755 2405 1827 igitur
2436 1763 2676 1826 septena?
2703 1753 2987 1818 Virtutes.
3011 1753 3380 1822 ait,.Verbum
3411 1755 3530 1810 lau-

228 1847 353 1912 ἑνδς
389 1847 624 1911 ἑκάστου
656 1845 762 1902 τῶν
792 1846 1070 1918 στοιχείων
1090 1847 1298 1900 τούτων
1320 1844 1412 1900 τὸν
1437 1840 1590 1918 ἦχον.
1627 1841 1828 1906 Καθὼς

1946 1848 2096 1904 dibus
2133 1820 2366 1904 eil‘erimt
2396 1820 2523 1916 :ita
2567 1856 2620 1902 et
2678 1845 2923 1901 Marcum
2976 1820 3156 1917 ipsum
3201 1849 3426 1918 plorans
3470 1843 3529 1900 in

226 1935 325 1995 ὦν
363 1940 423 1994 αἰ
473 1938 632 2005 ἑπτὰ,
678 1941 844 2011 φησὶ,
874 1940 1136 2012 δυνάμεις
1185 1937 1466 2004 δοξάζουσι
1507 1936 1598 1991 τὸν
1628 1935 1824 2004 Λόγον,

226 2027 378 2084 οὕτω
403 2031 500 2085 καὶ
532 2031 564 2104 ὴ
597 2031 744 2104 ψυχὴ
765 2030 825 2084 ὲν
851 2032 962 2094 τοῖς
993 2027 1243 2102 βρέφεσι,
1271 2026 1534 2081 κλαίουσα
1562 2025 1658 2080 καὶ
1698 2025 1830 2098 Θρη-

228 2122 401 2178 νοῦσα
427 2124 676 2196 Μάρκον,
705 2123 914 2188 δοξάζει
945 2121 1130 2177 αὐτόν.
1179 2120 1278 2175 Διὰ
1316 2119 1476 2174 τοῦτο
1524 2119 1580 2173 δὲ
1613 2119 1706 2172 καὶ
1737 2117 1828 2170 τὸν

227 2215 404 2270 Δαϐἰδ
429 2217 708 2290 εἰρηκέναι
727 2233 742 2248 ⁸
810 2217 910 2272 Ἐκ
931 2214 1225 2286 στόματος
1258 2215 1494 2283 νηπίων
1514 2211 1612 2269 καὶ
1645 2213 1828 2279 θηλα-

227 2306 458 2370 ᾥντων
483 2309 819 2378 κατηρτίσω
844 2303 1052 2363 αἷνονο
1105 2308 1200 2364 καὶ
1247 2305 1444 2362 πάλιν·
1480 2308 1544 2360 Οἱ
1583 2301 1828 2374 οὐρανοὶ

228 2396 377 2468 (τῶν
404 2397 697 2470 οὐρανῶν)
717 2400 738 2430 ⁸
787 2397 1134 2469 διηγοῦνται
1165 2397 1356 2462 δόξαν
1383 2396 1552 2451 Θεοῦ.
1594 2395 1704 2448 Καὶ
1740 2393 1848 2462 διὰ,

223 2489 395 2544 τοῦτο
427 2491 484 2545 ἓν
513 2509 571 2544 τε
597 2490 780 2554 πόνοις
817 2491 912 2544 καὶ
945 2489 1347 2560 ταλαιπωρίαις
1378 2487 1524 2560 ψυχὴ
1558 2485 1826 2558 γενομένη

223 2587 317 2649 εἰς
347 2583 628 2656 διυλισμὸν
657 2583 829 2654 αὐτῆς
861 2583 1127 2652 ὲπιφωνεῖ
1156 2583 1217 2636 τὸ
1247 2585 1289 2637 Ω
1314 2583 1394 2646 εἰς
1421 2583 1646 2652 σημεῖον
1682 2579 1828 2634 αἰνέ-

227 2693 377 2738 σεως
394 2673 530 2747 (20),
572 2675 680 2738 ἵνα,
717 2673 1034 2746 γνωρίσασα
1069 2677 1101 2745 ἡ
1137 2673 1250 2728 ἄνω
1281 2673 1430 2746 ψυχὴ
1473 2673 1534 2726 τὸ
1565 2671 1828 2740 συγγενὲς

224 2769 408 2836 αὐτῆς
439 2765 631 2840 βοηθὸν
655 2767 793 2836 αὐτὴ
823 2765 1184 2839 καταπέμψῃ.

309 2857 391 2914 H'.
435 2860 544 2913 Καὶ
577 2860 706 2932 ’περί⁹
737 2859 835 2931 μὲν
863 2858 957 2913 τοῦ
1010 2857 1207 2922 παντὸς
1241 2856 1502 2928 ὀνόματος
1535 2855 1832 2926 τριάκοντα

227 2953 404 3015 ὄντος.
415 2951 758 3023 γραμμάτων
778 2950 992 3016 τούτου,
1017 2951 1111 3004 καὶ
1135 2947 1230 3004 τοῦ
1261 2947 1426 3020 βυθοῦ
1447 2947 1546 3014 ¹τοῦ
1575 2945 1832 3012 αὔξοντος

229 3046 304 3096 ἐκ
332 3041 444 3096 τῶν
472 3043 658 3096 τούτου
686 3043 1049 3116 γραμμάτων,
1073 3041 1154 3100 ἔτι
1187 3059 1247 3096 τε
1280 3041 1383 3112 τῆς
1418 3039 1700 3112 Ἀληθείας
1726 3037 1830 3094 σώ-

233 3151 415 3206 ματος
433 3133 842 3206 δωδεκαμελοῦς
863 3136 928 3190 ὲκ
947 3133 1041 3188 δύο
1061 3133 1406 3206 γραμμάτων
1431 3131 1762 3196 συνεστῶτος
1785 3132 1828 3194 ³,

235 3227 337 3280 καὶ
365 3227 466 3296 τῆς
489 3227 678 3299 φωνῆς
707 3227 898 3298 αὐτῆς,
929 3228 995 3298 ἦν
1025 3225 1479 3300 προσομιλήσασα
1511 3224 1555 3293 ⁸,
1589 3225 1837 3296 καὶπερὶ

233 3317 342 3386 τῆς
373 3317 672 3388 ἐπιλύσεως
701 3317 796 3372 τοῦ
827 3318 902 3391 μὴ
928 3318 1252 3390 λαληθέντος
1282 3317 1566 3390 ὀνόματος.
1593 3316 1840 3389 καὶπερὶ

234 3411 342 3482 τῆς
369 3410 466 3464 τοῦ
511 3410 720 3482 κόσμου
748 3412 927 3484 ψυχῆς
963 3412 1059 3468 καὶ
1109 3411 1420 3484 ἀνθρώπου,
1468 3411 1610 3466 καθὰ
1655 3411 1838 3482 ἔχουσι

236 3503 346 3572 τὴν
389 3502 508 3556 κατ’
539 3503 726 3558 εἰκόνα
776 3507 1112 3577 οἰκονομίαν,
1161 3504 1335 3570 οὕτως
1377 3506 1675 3578 ἐλήρησενο
1715 3500 1841 3574 ἑξῆς

239 3595 302 3648 δὲ
326 3594 406 3658 ὡς
438 3595 545 3650 ἀπὸ
575 3595 683 3651 τῶν
713 3597 994 3669 ὀνομάτων
1047 3599 1334 3670 ἰσάριθμον
1366 3599 1604 3670 Δύναμιν
1635 3596 1843 3650 ἐπέδει-

239 3688 338 3756 ξεν
375 3691 410 3761 ὴ
461 3689 776 3760 Τετρακτὺς
826 3690 975 3764 αὐτῷ
1031 3691 1486 3762 ἀπαγγελοῦμεν·
1537 3691 1626 3744 ἵνα
1676 3688 1842 3762 μηδὲν

239 3779 388 3852 λάθῃ
430 3797 488 3834 σε
518 3779 626 3839 τῶν
655 3783 734 3846 εἰς
762 3784 910 3855 ἡμᾶς
948 3784 1041 3838 ὑπ’
1087 3783 1251 3850 αρτοὖ
1299 3781 1610 3854 λεγομένων
1647 3781 1840 3853 ἐληλυ-

242 3874 454 3941 θότων,
499 3876 772 3948 ἁγαπητὲ,
828 3875 1014 3942 καθὼς
1063 3873 1323 3938 πολλάκις
1376 3875 1668 3947 ἁπῄτησας
1713 3875 1843 3948 παρ’

241 3965 432 4044 ἡμῶν..

321 4231 512 4297 Οὕτως
548 4226 642 4286 οὖν
672 4232 1007 4304 ἀπαγγέλλει
1035 4236 1067 4306 ἡ
1101 4235 1374 4304 πάνσοφος
1402 4234 1550 4304 αὐτῷ
1585 4233 1719 4306 Σιγὴ
1751 4234 1848 4304 τὴν

245 4323 470 4392 γένεσιν
501 4323 610 4377 τῶν
647 4325 1106 4397 εἰκοσιτεσσάρων
1154 4326 1454 4396 στοιχείων,
1493 4327 1560 4396 τῇ
1595 4324 1848 4394 μονότητι

1937 1940 2238 1996 infantibus
2267 1955 2334 1995 ac
2359 1953 2598 1996 moerens
2629 1939 2810 1994 anima
2835 1939 3118 2010 praedicat.
3147 1940 3274 1996 Ideo
3303 1934 3551 2014 quoque-

1938 2031 2106 2087 Darid
2135 2031 2375 2100 cecinit:
2407 2029 2490 2084 Ex
2517 2047 2606 2096 ore
2643 2029 2932 2100 infantium
2959 2040 3008 2085 et
3054 2030 3364 2088 laetantium
3407 2049 3526 2104 per-

1933 2125 2106 2193 fecisti
2148 2125 2357 2179 laudem
2390 2125 2444 2188 ⁶;
2485 2137 2809 2186 θΟ,ΙῚ.ΙΙ⁵.ηυ[η
2851 2141 2864 2176 :
2907 2121 3042 2178 Caeli
3076 2122 3330 2180 caelorum
3364 2141 3527 2184 enar-

1933 2227 2055 2272 rant
2084 2217 2311 2288 gloriam
2349 2213 2446 2268 Dei
2471 2215 2516 2270 ⁷.
2550 2213 2688 2268 ilinc
2721 2221 2807 2269 est
2855 2213 3000 2285 quod
3037 2213 3178 2270 inter
3207 2213 3429 2278 labores
3465 2222 3522 2270 et

1933 2326 2206 2368 aerumnas
2230 2350 2245 2377 ,
2275 2315 2334 2363 ut
2374 2309 2444 2364 sit
2491 2307 2896 2380 quodammodo
2939 2299 3260 2362 deftecatior
3298 2307 3481 2363 anima
3505 2346 3520 2374 ,

1933 2404 2170 2457 litteram
2209 2418 2254 2454 ω
2296 2400 2642 2470 pronuntiat,
2689 2397 2837 2470 quod
2877 2407 2964 2454 est
3003 2397 3337 2453 laudationis
3377 2399 3523 2453 indi-

1933 2493 2112 2566 cium,
2152 2501 2210 2546 ut
2257 2490 2501 2546 cmleslis
2552 2489 2733 2542 anima
2778 2487 2926 2558 quod
2959 2487 3062 2542 sibi
3107 2493 3400 2562 cognatum
3437 2495 3524 2542 est

1935 2599 2243 2658 agnoscens
2274 2583 2662 2646 opitulatorem
2705 2579 3012 2642 submittat.

2007 2847 2143 2904 Vlll.
2197 2848 2274 2903 De
2315 2856 2430 2903 toto
2483 2847 2647 2920 igitur
2689 2847 2780 2902 ille
2821 2847 3076 2909 nomine,
3119 2845 3263 2918 quod
3310 2861 3420 2900 xxx
3455 2860 3528 2902 ex

1936 2942 2134 2998 litteris
2166 2940 2544 3011 componitur;
2581 2939 2754 3010 Bytho
2787 2939 2880 3010 qui
2922 2939 3057 2995 iisce
3091 2954 3156 2994 ex
3197 2937 3396 2994 litteris
3435 2937 3526 2992 in-

1936 3043 2276 3088 crementum
2327 3031 2508 3100 capit;
2557 3045 2662 3086 nec
2715 3046 2821 3084 non
2876 3038 2932 3085 et
2986 3029 3248 3086 Veritatis
3297 3044 3528 3100 corpore

1941 3121 2204 3183 membris
2226 3105 2850 3184 constante'duodecim,
2885 3135 3119 3190 quorum
3146 3121 3360 3192 singula
3387 3121 3528 3174 dua-

1943 3217 2054 3271 bus.
2079 3229 2110 3270 e
2145 3212 2343 3270 litteris
2380 3211 2616 3268 conﬂata
2661 3221 2826 3279 sunt;
2861 3213 3145 3284 ipsiusque
3179 3227 3315 3268 voce
3363 3227 3527 3282 quam

1942 3305 2166 3361 minime
2193 3305 2460 3376 eloquens
2489 3311 2572 3360 est
2608 3304 2824 3360 elocuta
2857 3323 2870 3358 :
2901 3313 3013 3358 tum
3045 3305 3113 3358 de
3144 3305 3368 3359 minime
3399 3319 3529 3375 pro-

1944 3397 2047 3464 lati
2072 3397 2412 3453 resolutione
2451 3396 2724 3464 nominis;
2760 3411 2824 3451 ac
2856 3395 2923 3451 de
2962 3396 3152 3451 mundi
3197 3404 3253 3452 et
3296 3396 3534 3451 hominis

1945 3486 2150 3552 anima,
2186 3494 2459 3557 quatenus
2499 3483 2566 3538 ad
2603 3486 3013 3542 similitudinem
3050 3499 3312 3556 expressa
3348 3486 3534 3557 provi-

1943 3579 2145 3634 dentiae
2206 3579 2781 3650 administrationique
2838 3579 3379 3652 reSpondent;_boc
3446 3579 3538 3634 ille

1945 3669 2110 3724 modo
2154 3677 2392 3741 nugatus
2418 3681 2525 3726 est.
2577 3669 2746 3742 242
2784 3668 3253 3736 Quemadmodum
3299 3685 3429 3724 vero
3471 3684 3535 3724 ex

1947 3761 2264 3817 nominibus
2292 3763 2556 3833 aequalem
2589 3777 2819 3817 numero
2849 3760 3118 3818 Virtutem
3159 3763 3208 3817 ei
3249 3762 3539 3833 Tetractys

1946 3856 2275 3920 ostenderit,
2310 3857 2572 3926 deinceps
2603 3854 3002 3926 explicabimus
3035 3873 3048 3909 :
3083 3869 3150 3910 ne
3183 3854 3314 3925 quid
3344 3869 3539 3910 eorum

1949 3957 2022 4014 te,
2051 3947 2400 4012 cbarissime,
2421 3949 2610 4014 lateat,
2645 3962 2768 4018 qua
2797 3945 2866 4001 ab
2899 3947 2992 4002 illo
3018 3946 3163 4001 dicta
3194 3945 3263 4001 ad
3293 3955 3539 4002 nostram

1951 4041 2271 4100 memoriam
2327 4046 2734 4109 pervenerunt,
2793 4038 2848 4092 id
2904 4037 3051 4108 quod
3105 4052 3134 4092 a
3189 4037 3348 4093 nobis
3400 4051 3540 4106 saepe

1952 4131 2262 4204 postulasti.

2021 4226 2043 4257 ⁸
2079 4223 2192 4278 l-loc
2237 4225 2422 4294 itaque
2469 4223 2630 4278 modo
2677 4223 3082 4292 sapientissima
3114 4219 3241 4292 Sige
3269 4236 3399 4274 xxrv
3429 4224 3542 4276 ele-

1955 4323 2264 4370 mentorum
2330 4315 2405 4368 illi
2463 4314 2868 4384 generationem
2935 4313 3206 4383 exposuit.
3274 4311 3540 4366 Nimirum

251 4415 628 4488 συνυπάρχειν
665 4417 877 4488 ἑνότητι
919 4419 962 4473 ⁸.
1003 4417 1090 4485 Ἐξ
1119 4409 1194 4472 ὧν
1245 4417 1339 4471 δύο
1381 4416 1665 4489 προϐολαὶ,
1708 4416 1836 4471 καθδ

1953 4421 2080 4471 cum
2119 4405 2502 4477 singularitate
2541 4405 2804 4464 unitatem
2854 4405 3145 4460 exsistere.
3187 4403 3270 4459 Ab
3312 4403 3380 4459 iis
3421 4416 3547 4473 pro-

254 4507 602 4581 προείρηται,
638 4511 809 4582 μονάς
838 4529 897 4564 τε
935 4510 1029 4565 καὶ
1061 4511 1124 4564 τὸ
1167 4511 1224 4565 ἓν
1263 4509 1356 4564 ἐπὶ
1390 4509 1484 4564 δύο
1527 4505 1683 4564 οὖσαι
1721 4508 1836 4562 τέσ·

1957 4507 2150 4569 pagata
2195 4498 2326 4564 duo,
2380 4497 2668 4562 monadem
2716 4507 3100 4568 atque.umlm
3152 4503 3390 4566 quatuor
3443 4495 3548 4548 im-

255 4615 404 4670 σαρα
431 4599 700 4666 ἐγένοντο.
738 4601 830 4664 Δὶς
858 4601 968 4673 γὰρ
1001 4600 1095 4655 δύο
1124 4601 1408 4674 τέσσαρες.
1452 4601 1562 4654 Καὶ
1595 4598 1759 4655 πάλιν
1791 4603 1836 4654 αἱ

1957 4593 2160 4664 plesse.
2191 4592 2282 4648 Bis
2314 4593 2460 4655 enim
2493 4592 2604 4647 duo
2633 4599 2872 4662 quatuor
2902 4590 3168 4644 eiﬁciunt..
3201 4587 3554 4656 Rursumque

252 4688 352 4743 δύο
387 4691 478 4743 καὶ
507 4691 774 4764 τέσσαρες
813 4695 894 4757 εἰς
919 4693 980 4746 τὸ
1007 4693 1138 4748 αὐτὸ
1173 4693 1510 4748 συντεθεῖσαι
1546 4693 1637 4747 τὸν
1659 4693 1768 4747 τῶν
1793 4692 1852 4760 ἒξ

253 4782 612 4854 ἑφανέρωσαν
655 4784 908 4857 ἀριθμόν.
957 4779 1118 4840 οὗτοι
1163 4785 1231 4854 δὲ,
1269 4787 1317 4839 οἱ
1369 4785 1430 4851 ἓξ
1451 4784 1856 4860 τετραπλάσια-

256 4872 481 4936 σῗέντες
507 4875 606 4940 τὰς
639 4878 812 4940 εἴκοσι
831 4877 1104 4950 τέσσαρας
1124 4877 1445 4949 ἀπεκύησαν
1479 4879 1711 4950 μορφάς.
1737 4876 1850 4930 Καὶ

252 4965 327 5016 τὰ
364 4963 466 5036 μὲν
493 4965 596 5036 τῆς
647 4966 871 5039 πρώτης
909 4967 1180 5040 Τετράδος
1212 4958 1465 5041 ὀνόματα
1499 4971 1631 5040 διγια
1679 4969 1852 5038 ἁγίων

254 5055 548 5126 νοούμενα,
576 5055 671 5111 καὶ
722 5058 798 5130 μὴ
846 5058 1122 5132 δυνάμενα
1167 5059 1446 5134 λεχθῆναι,
1487 5059 1854 5130 γινώσκεσθαι

255 5145 372 5200 ὑπὸ
406 5145 568 5217 μόνου
617 5147 714 5202 τοῦ
749 5149 878 5206 Υἱοῦ
901 5167 913 5180 ·
945 5150 1042 5206 ἃμὸ
1074 5152 1264 5225 Πατὴρ
1301 5149 1410 5220 οἶδε
1442 5153 1580 5221 τίνα,
1610 5151 1758 5206 ἐστί’
1789 5151 1858 5205 τὰ

258 5238 319 5291 δὲ
357 5238 534 5309 σεμνὰ
566 5239 660 5294 καὶ
691 5241 830 5312 μετὰ
868 5243 1104 5308 πίστεως
1147 5245 1526 5317 ὀνομαζόμενα
1552 5246 1681 5317 παρ’
1708 5243 1859 5315 αὐτῷ
1889 5285 1902 5297 .

259 5331 384 5396 ἐστι
410 5330 587 5386 ταῦτα
606 5349 621 5364 ·
649 5334 922 5406 Ἀρρητος
955 5337 1050 5392 καί
1078 5336 1233 5408 Σιγὴ.
1268 5337 1462 5408 Πατήρ
1488 5353 1550 5389 τε
1573 5336 1666 5389 καὶ
1700 5333 1862 5405 Ἀλή-

1961 4685 2073 4740 duo
2095 4684 2391 4756 conjuncta
2427 4699 2551 4738 cum
2582 4691 2822 4752 quatuor
2851 4683 3130 4738 senarium
3172 4683 3548 4737 ostenderunt.

1963 4777 2062 4832 llic
2097 4785 2292 4848 quater
2338 4776 2392 4830 in
2434 4789 2555 4832 sese
2587 4775 2788 4829 ductus
2834 4789 2961 4828 xxiv
2999 4773 3205 4829 formas
3244 4773 3440 4828 ell‘eeit.
3475 4771 3554 4827 Ac

1964 4869 2153 4940 primae
2181 4869 2398 4938 quidem
2441 4865 2694 4922 Tetradis
2737 4866 2960 4920 numina
2998 4865 3348 4921 sanctissima
3376 4905 3390 4930 ,
3433 4877 3556 4934 quae

1963 4963 2321 5034 intelligentia
2363 4961 2480 5018 sola
2516 4959 2724 5031 percipi
2764 4965 3027 5028 possunt,
3073 4958 3254 5014 verbis
3293 4955 3554 5026 explicari

1967 5073 2081 5112 non
2115 5061 2380 5126 possunt;
2418 5053 2522 5108 soli
2555 5061 2712 5122 putat
2747 5049 2884 5105 Filio
2927 5051 3177 5121 cognita,
3213 5065 3336 5121 qua:
3365 5048 3555 5118 cujus-

1967 5146 2118 5202 modi
2169 5145 2280 5201 sint
2325 5143 2488 5203 Pater
2525 5143 2800 5214 intelligit.
2841 5143 2974 5210 Quae
3019 5156 3150 5196 vero
3195 5141 3276 5197 sic
3325 5148 3558 5212 augusta

1971 5247 2123 5306 sunt,
2149 5245 2209 5292 ut
2231 5253 2354 5291 cum
2383 5235 2486 5291 ﬁde
2513 5233 2859 5306 pronuntiari
2909 5235 3157 5304 possint,
3191 5233 3338 5286 hunc
3363 5233 3415 5286 in
3443 5245 3561 5286 tuo-—

1970 5332 2100 5387 dum
2141 5337 2409 5386 recenset.
2447 5329 2738 5390 Arrbetus,
2765 5334 2821 5383 et
2867 5324 3230 5398 SeigeJ’ater
3249 5334 3305 5380 et
3321 5322 3558 5381 Veritas.

343 5487 358 5518 ‘
394 5485 536 5544 lren.
569 5488 683 5544 ἀπὸ
711 5487 899 5560 μέσον.
981 5492 1002 5526 ³
1033 5491 1176 5546 Iren.
1212 5491 1323 5544 τῶν
1356 5489 1606 5563 οὐρανῶν
1637 5503 1743 5543 non
1779 5489 1836 5546 lit

363 5559 776 5605 ποοσιςιιιίλτισε-
833 5571 888 5605 at
934 5560 1277 5605 ἀναλύσειοιε-
1323 5576 1432 5605 nnn
1476 5559 1801 5605 ἐπιλύσεως-

1949 5528 1963 5542 .
2043 5455 2244 5542 ’.Ιτειι
2280 5483 2636 5538 ἐκάστονσυν.
2718 5481 2904 5537 "lren.
2941 5481 3008 5553 ἢν
3073 5480 3563 5605 προσομηλήσασα,

1964 5555 2103 5605 Iron.
2143 5558 2389 5605 ἑνότητα.
2489 5555 2511 5587 ⁸
2541 5553 2687 5605 Psal.
2745 5568 2866 5605 νιιι.
2897 5553 2950 5605 5.
3063 5553 3081 5586 ³
3133 5553 3255 5605 ’sal.
3300 5559 3475 5605 xvm.’
3507 5551 3562 5605 ‘2.

259 5557 777 5685 ἓίὶττέροσὲμξέησε,
833 5571 888 5616 et
934 5560 1278 5626 ἀναλύσεως.
1322 5557 1436 5616 non
1476 5559 1801 5624 ἐπιλύσεως.

1909 5558 1932 5590 ⁸
1961 5555 2103 5614 Iron.
2143 5558 2389 5627 ἑνότητα.

2489 5555 2511 5587 ⁸
2541 5553 2687 5610 Psal.
2745 5568 2866 5618 νιιι,
2897 5551 2974 5608 5(
3063 5553 3081 5586 ³
3111 5551 3260 5608 Ρεοι.
3300 5551 3475 5617 iirtil,’
3507 5551 3562 5606 ‘2.

233 5751 242 5760 '
349 5748 465 5814 (20)
505 5748 606 5812 Εἰς
657 5742 912 5813 σημεῖον
952 5739 1258 5806 αἰνέσεως.
1309 5738 1573 5814 Legeram
1625 5738 1836 5796 ἅνέσεοι

1946 5757 2000 5800 ro
2031 5743 2312 5813 αἰνέσεως,
2359 5743 2456 5801 sed
2489 5739 2815 5802 laudationis
2880 5755 2984 5815 pro
3011 5739 3362 5797 relaxatiom's
3417 5737 3562 5794 malo

268 5833 401 5890 cum
443 5817 560 5878 Vet.
593 5818 910 5884 interprete.
