3982 6422
280 328 374 386 τοι

910 331 1270 391 ΑΙΝΕΒΞΗΞ
1317 334 1660 394 [UERESES
1693 340 1822 396 LIB.
1863 351 1868 394 l

1978 343 2114 399 ΓΟΜ.
2157 340 2239 398 lli.
2288 376 2352 384 —
2387 342 2660 398 il.£iiES.
2695 343 2932 398 XXXIV.

3468 345 3575 404 (502

280 448 443 503 δοαδα
466 446 749 518 σημαίνει,
780 447 920 517 ἥτις.
948 445 1027 517 τῷ
1055 448 1187 502 δέκα
1212 451 1597 519 συμπλακεῖσα
1630 454 1763 526 (25).
1788 458 1868 509 τδκ

1984 479 2106 532 qua:
2136 479 2259 518 cum
2300 462 2488 518 decem
2524 461 2823 531 conjuncta
2856 460 3044 517 Jesum
3085 463 3317 533 peperit.
3366 463 3575 521 bicitur

295 535 503 609 Ἰησοῦν
534 538 839 609 ἁπεκύησε.
872 538 1106 606 Λέγεται
1150 539 1229 605 δὲ,
1261 542 1418 611 φησὶ,
1451 545 1547 596 καὶ
1584 545 1704 609 Υἱὸς
1751 547 1877 617 Χρι-

284 629 429 693 στὸς,
464 628 745 682 τουτέστιν
776 630 809 699 ή
861 629 1099 692 δωδεκάς
1124 631 1255 701 (26).
1287 632 1359 686 Τὸ
1404 633 1512 706 γὰρ
1548 636 1663 700 υἱὸς
1708 637 1878 706 ὄνομα

282 721 631 791 γραμμάτων
652 719 769 774 ἐστὶ
798 720 1079 793 τεσσάρων
1101 738 1115 753 ·
1145 723 1206 776 τὸ
1232 723 1289 776 δὲ
1312 725 1547 795 Χριστὸς
1571 728 1714 781 ὀκτὼ
1741 730 1873 802 (27),

282 813 440 866 ἆτινα
479 810 808 867 συντιθέντα
845 811 905 865 τὸ
935 813 1035 882 τῆς
1065 813 1363 877 δωδεκάδος
1394 817 1673 885 ἐπέδειξαν
1711 822 1876 891 μέγε-

281 902 393 964 θος.
428 902 568 972 Πρὶν
595 901 693 971 μὲν
720 897 836 964 οὖν,
868 902 1022 971 φησὶ,
1051 902 1243 956 τούτου
1268 903 1359 957 τοῦ
1390 906 1654 976 ὀνόματος
1676 910 1736 963 τὺ
1766 910 1879 964 ἐπί-

283 1006 461 1060 σημον
494 990 749 1060 φανῆναι.
794 989 1042 1045 τουτέστι
1080 990 1172 1044 τὸν
1212 993 1440 1063 Ἰησοῦν,
1476 999 1589 1060 τοῖς
1621 1000 1776 1062 υἱοῖς,
1820 1002 1875 1053 ὲν

283 1082 482 1152 ἀγνοίᾳ
530 1081 701 1153 πολλῇ
735 1083 981 1153 ὑπῆρχον
1005 1084 1056 1136 οἱ
1094 1082 1372 1155 ἄνθρωποι
1412 1088 1505 1141 καὶ
1546 1089 1723 1163 πλάνῃ
1744 1107 1759 1121 ο
1786 1092 1875 1145 ὅτε

1979 573 2197 627 quoque
2234 558 2363 620 Υἱὸς
2385 556 2639 626 Χριστός,
2673 556 2846 618 aiunt,
2884 555 2987 610 hoc
3029 564 3113 612 est
3143 555 3400 613 dodecas.
3438 557 3570 612 Nam

1985 645 2111 708 Υἱὸς
2144 645 2355 700 litteras
2406 644 2570 700 habet
2602 661 2675 705 tv.
2707 644 2964 699 Christus
2987 652 3112 699 octo
3142 664 3155 699 :
3190 661 3312 714 quae
3342 647 3572 701 collecta

1983 737 2278 792 tloéecadis
2327 735 2555 791 eliecere
2614 735 3063 806 magnitudinem.
3109 735 3216 791 Sed
3270 748 3569 806 antequam

1980 828 2226 882 nominis
2262 828 2428 897 hujus
2459 829 2791 898 episemnm,
2828 829 2932 883 hoc
2968 837 3052 883 est
3091 826 3283 894 Jesus,
3321 828 3445 884 [iliis
3485 844 3573 899 ap-

1979 930 2219 992 pareret,
2259 922 2314 975 in
2357 936 2570 975 summa
2613 922 2863 976 homines
2916 921 3252 992 ignorantia,
3295 932 3349 976 et
3382 937 3573 977 errore

1978 1014 2177 1067 versati
2213 1021 2361 1067 sunt.
2406 1011 2769 1083 Posteaquam
2806 1027 2938 1067 vero
2980 1028 3075 1068 sex
3122 1015 3427 1068 litterarum
3470 1030 3572 1067 nu-

1978 1120 2103 1158 men
2135 1112 2220 1158 est
2252 1102 2606 1172 patefactum,
2652 1103 2795 1173 quod
2842 1103 2963 1158 ideo
3000 1119 3221 1159 carnem
3270 1103 3470 1169 induit,
3509 1114 3569 1157 ut

282 1173 338 1225 δὲ
368 1173 689 1245 ἐφανερώθη
720 1175 781 1228 τὸ
807 1174 1233 1247 ἑξαγράμματον
1262 1176 1454 1247 ὄνομα,
1486 1180 1545 1244 ἃς
1574 1182 1753 1253 σάρκα
1780 1201 1868 1237 πε-

1978 1213 2071 1252 scx
2116 1196 2264 1266 ipsas
2302 1204 2355 1250 et
2394 1213 2520 1250 xxiv
2548 1197 2755 1251 litteras
2781 1197 3252 1265 comprehendens
3276 1197 3342 1252 ad
3375 1213 3572 1253 sensus

287 1262 621 1332 ριεὸἀλλετο,
654 1265 741 1317 ἵνα
773 1266 854 1330 εὶς
884 1266 981 1336 τὴν
1016 1265 1267 1337 αἴσθησιν
1299 1270 1394 1327 τοῦ
1418 1270 1706 1345 ἀνθρώπου
1747 1293 1877 1329 κατι

281 1355 436 1429 έλθῃ,
470 1355 608 1425 ἔχων
639 1358 696 1409 ἐν
734 1356 912 1427 ἑαυτῷ
947 1356 1085 1411 αὐτὰ
1116 1357 1186 1412 τὰ
1239 1359 1297 1425 ἒξ
1332 1362 1426 1414 καὶ
1470 1363 1540 1416 τὰ
1574 1366 1874 1419 εἰκοσιτέσ-

282 1461 463 1519 σαρα’
497 1448 618 1502 τότε
667 1449 884 1517 γνόντες
928 1451 1091 1505 αὐτὸν
1136 1452 1446 1508 ἐπαύσαντο
1490 1456 1589 1526 τῆς
1631 1457 1872 1526 ἀγνοίας.

294 1541 393 1592 Ἐκ
421 1538 650 1595 θανάτου
689 1539 747 1592 δὲ
777 1542 857 1604 εἰς
888 1540 1032 1612 ζωὴν
1066 1542 1316 1614 ἀνῆλθον,
1353 1543 1449 1597 τοῦ
1490 1547 1752 1617 ὀνόματος
1778 1550 1876 1601 αὑ-

280 1634 397 1695 τοῖς
440 1630 561 1685 ὁδοῦ
606 1633 619 1662 ¹
649 1632 1003 1703 γεννηθέντος
1055 1635 1190 1706 πρὸς
1232 1636 1323 1689 τὸν
1357 1638 1579 1711 Πατέρα
1614 1640 1716 1709 τῆς
1741 1641 1874 1711 ἀλη-

280 1721 454 1785 θείας.
487 1722 850 1795 Τεθεληκέναι
892 1724 1002 1797 γὰρ
1030 1726 1121 1779 τὸν
1158 1728 1381 1799 Πατέρα
1413 1728 1523 1785 τῶν
1558 1730 1695 1784 ὅλων
1716 1731 1873 1786 λῦσαι

1977 1287 2259 1339 hominum
2298 1301 2421 1340 sese
2452 1286 2788 1350 demitteret;
2831 1293 2945 1338 tum
2997 1286 3215 1340 demum
3251 1302 3318 1343 eo
3350 1287 3572 1357 cognito

1978 1377 2047 1431 ab
2098 1392 2288 1431 errore
2337 1376 2688 1439 destiterunt,
2736 1385 2790 1430 et
2840 1376 2904 1429 εει
2945 1376 3114 1430 vitam
3156 1385 3503 1434 emerserunt
3540 1391 3568 1429 a

1978 1473 2153 1522 morte
2195 1486 2209 1521 :
2254 1483 2377 1521 cum
2426 1467 2491 1520 ad
2544 1467 2794 1523 veritatis
2840 1475 3047 1537 patrem
3094 1468 3340 1523 ductoris
3398 1468 3572 1523 instar

1978 1558 2113 1628 ipsis
2169 1575 2366 1613 nomen
2419 1560 2550 1614 illud
2597 1560 2921 1619 exstitisset.
2975 1560 3257 1615 Placuisse
3299 1559 3570 1630 siquidem

1976 1655 2219 1709 omnium
2276 1653 2494 1710 Parenti
2546 1670 2603 1709 ut
2652 1657 3018 1727 ignorantiam
3061 1657 3382 1721 discuteret,
3425 1671 3574 1710 mor-

1979 1757 2197 1818 temque
2237 1750 2471 1802 tolleret.
2521 1748 2847 1820 Ignorantia:
2886 1766 3049 1821 porro
3080 1750 3357 1807 discnssio
3399 1750 3573 1819 ipsius

276 1815 381 1885 τὴν
414 1815 657 1885 ἄγνοιαν,
691 1818 784 1870 καὶ
817 1817 1066 1872 καθελεῖν
1110 1820 1201 1873 τὸν
1242 1821 1494 1876 θάνατον.
1543 1824 1788 1892 Ἀγνοξας
1817 1825 1868 1878 δὲ

1978 1814 2217 1908 cognitio
2251 1837 2372 1891 fuit.
2403 1814 2751 1909 Proindeqne
2781 1814 3028 1896 delectus
3059 1843 3105 1895 is
3139 1848 3223 1895 est
3258 1814 3443 1903 homo,
3476 1837 3573 1910 qui

278 1907 438 1971 λύσις
493 1909 862 1978 ήέπῑγνωσις
916 1909 1082 1964 αὐτοῦ
1138 1912 1367 1982 ἐγίνετο.
1422 1915 1530 1967 Καὶ
1574 1914 1663 1969 διὰ
1719 1916 1868 1971 τοῦτο

1978 1927 2045 1982 de
2095 1928 2244 1985 illius
2283 1930 2564 1983 voluntate.
2603 1932 2670 1984 ad
2720 1933 2960 1987 caelestis
3013 1932 3247 1987 Virtutis
3293 1933 3574 2002 exemplar

278 1997 604 2069 ἐκλεχθῆναι
652 1999 744 2055 τὸν
780 1998 923 2054 κατὰ
967 2000 1027 2054 τὸ
1067 2000 1282 2072 θέλημα
1324 2001 1489 2056 αὐτοῦ
1538 2005 1659 2058 κατ’
1690 2005 1874 2059 εἰκόνα

276 2092 383 2160 τῆς
412 2092 524 2145 ἄνω
557 2091 842 2163 δυνάμεως
876 2092 1303 2164 οἰκονομηθέντα
1340 2094 1648 2167 ἄνθρωπον.

358 2181 415 2236 ι’.
469 2183 599 2237 ’Λπὸ
622 2184 890 2256 Τετράδος
917 2183 1026 2255 γὰρ
1054 2185 1323 2257 προῆλθον
1343 2188 1393 2239 οἱ
1416 2179 1641 2251 Ᾱξῶνες.
1673 2185 1783 2243 ’Ἦν
1816 2190 1873 2244 δὲ

277 2277 343 2328 ἓν
373 2278 439 2346 τῇ
465 2275 695 2345 Τετράδι
731 2276 1053 2346 Ἄνθρωπος
1093 2279 1187 2332 καὶ
1233 2279 1550 2351 Ἐκκλησία,
1582 2283 1754 2350 Λόγος
1780 2283 1872 2337 καὶ

277 2367 429 2438 Ζωή.
476 2367 606 2421 Ἀπὸ
649 2367 852 2421 τούτων
891 2365 983 2422 οὖν
1034 2369 1313 2442 δυνάμεις,
1359 2373 1545 2442 φησὶν,
1581 2374 1871 2447 ἀπορρυεῖ-

279 2475 400 2521 σαι,
430 2458 923 2530 ὲγενεσιούργησαν
969 2459 1061 2513 τὸν
1098 2462 1190 2514 ἐπὶ
1226 2462 1331 2532 γῆς
1367 2464 1603 2533 φανέντα
1641 2466 1868 2536 Ἰησοῦν.

280 2551 395 2604 Καὶ
418 2551 513 2603 τοῦ
537 2552 634 2621 μὲν
656 2552 828 2620 Λόγου
860 2552 1074 2624 ἁναπλη
1084 2553 1316 2622 ρωκέναι
1337 2554 1428 2607 τὸν
1459 2556 1619 2609 τόπον
1642 2555 1871 2625 ἄγγελον

277 2642 541 2714 Γαϐριὴλ,
576 2644 673 2714 τῆς
700 2643 754 2699 δὲ
789 2644 942 2715 Ζωῆς
966 2645 1026 2697 τὸ
1056 2645 1209 2714 ἆγιον
1242 2646 1466 2717 Πνεῦμα
1491 2664 1504 2678 ·
1533 2646 1624 2700 τοῦ
1655 2648 1711 2701 δὲ
1750 2649 1870 2701 Ἀν-

278 2733 501 2805 θρὼπου
527 2735 625 2806 τὴν
656 2734 885 2805 δύναμιν
919 2734 1012 2788 τοῦ
1038 2735 1169 2792 Υἱοῦ
1203 2739 1245 2800 ²,
1286 2737 1377 2795 τὸν
1406 2738 1463 2791 δὲ
1494 2739 1594 2809 τῆς
1646 2738 1871 2810 Ἐκκλη-

279 2826 405 2887 σίας
449 2825 613 2878 τόπον
660 2826 693 2897 ἡ
740 2825 1016 2896 Παρθένος
1060 2826 1351 2893 ἐπέδειξεν.
1403 2828 1557 2881 Οὖτω
1588 2846 1644 2881 τε
1680 2832 1708 2883 ὀ
1749 2830 1870 2883 κατ’

274 2916 591 2985 οἰκονομίαν
637 2915 727 2969 διὰ
785 2916 886 2987 τῆς
938 2916 1157 2988 Μαρίας
1220 2922 1683 2993 γενεσιουργεῖται
1737 2921 1869 2994 παρ’

272 3008 427 3079 αὐτῷ
459 3008 763 3079 ἄνθρωπος,
789 3009 847 3062 δν
880 3011 908 3063 ὁ
938 3010 1129 3081 Πατὴρ
1166 3011 1272 3064 τῶν
1296 3011 1432 3064 ὅλων
1469 3011 1745 3067 διελθόντα
1780 3014 1868 3068 διὰ

1976 2020 2241 2090 singulari
2267 2030 2351 2076 est
2382 2023 2726 2091 providentia
2752 2024 3111 2079 constitutus.

2046 2207 2113 2261 Χ.
2147 2205 2281 2261 Nam
2322 2203 2530 2261 Aiones
2569 2221 2596 2259 a
2639 2204 2875 2260 Tetrade
2910 2204 3135 2271 profecti
3173 2212 3323 2259 sunt.
3370 2205 3426 2258 in
3462 2221 3571 2275 qua

1977 2301 2068 2357 isti
2122 2300 2508 2356 censebantur.
2567 2297 2739 2352 "nino
2799 2307 2853 2352 et
2910 2296 3177 2357 Ecclesia,
3230 2294 3470 2350 Verbum
3512 2306 3569 2352 et

1976 2393 2121 2449 Yita.
2176 2395 2256 2447 Ab
2307 2393 2376 2446 iis
2425 2391 2760 2463 proﬂuentes
2800 2390 3049 2455 qua-dam
3100 2391 3332 2443 virtutes
3380 2387 3569 2443 Jesum

1974 2488 2126 2542 illum
2162 2492 2543 2556 procrearunt,
2581 2483 2673 2554 qui
2708 2484 2764 2537 in
2797 2483 2960 2537 terris
3000 2483 3273 2552 apparuit.
3299 2481 3569 2535 Cteterum

1975 2579 2031 2633 in
2071 2576 2235 2631 Verbi
2288 2577 2493 2640 locum,
2543 2575 2795 2645 angelum
2841 2571 3150 2628 Gabrielem
3187 2571 3369 2638 ;\'it;e
3416 2587 3569 2636 vero,

1976 2670 2244 2740 Spiritum
2281 2675 2531 2722 sanctum
2563 2682 2686 2721 esse
2717 2665 3070 2721 substitutum
3103 2672 3393 2729 asserunt;
3425 2663 3573 2719 sicut

1973 2760 2223 2815 Hominis
2269 2757 2433 2831 244
2485 2766 2668 2827 partes
2721 2756 2979 2812 altissimi
3039 2753 3251 2818 Virtus,
3315 2755 3575 2810 Ecclesia:

1972 2866 2100 2907 vero
2128 2849 2295 2919 Virgo
2336 2848 2622 2903 sustinuit.
2667 2846 2761 2901 Sic
2800 2847 2891 2901 ille
2928 2847 3193 2918 peculiari
3233 2846 3574 2916 providentia

1970 2942 2151 2998 editos
2179 2942 2246 2995 de
2280 2940 2447 2995 Maria
2485 2947 2646 2995 natus
2673 2946 2760 2993 est
2786 2937 2958 2993 llomo
2987 2959 2999 2993 :
3032 2955 3194 3008 quem
3229 2954 3324 3008 per
3350 2947 3569 2993 uterum

1970 3047 2254 3101 egressum
2290 3030 2376 3085 sui
2411 3030 2479 3084 ad
2512 3031 2886 3099 cognitionem
2920 3047 3019 3100 per
3053 3029 3294 3085 Verbum
3326 3032 3571 3087 omnium

273 3105 494 3176 μήτοας
532 3103 810 3170 ἐξελέξατο
852 3103 943 3160 διὰ
984 3104 1160 3175 Λόγου
1198 3109 1278 3169 εἰς
1332 3107 1629 3179 ἐπίγνωσιν
1678 3111 1866 3167 αὐτοῦ.

1978 3121 2183 3178 Parens
2209 3124 2391 3193 elegit.
2425 3121 2673 3192 Cumque
2706 3124 2772 3175 ad
2805 3137 3003 3192 aquam
3044 3122 3351 3178 abluendus
3386 3125 3571 3179 venis-

285 3195 566 3260 Ἐλθόντος
592 3195 647 3249 δὲ
683 3196 849 3250 αὑτοῦ
890 3199 970 3261 εἰς
1001 3198 1059 3250 τὸ
1091 3196 1255 3270 ὕδωρ,
1282 3200 1563 3255 κατελθεῖν
1596 3204 1677 3267 εἰς
1707 3203 1868 3257 αὐτὸν

269 3289 350 3353 ὡς
397 3289 722 3361 περιστερὰν
767 3288 858 3342 τὸν
910 3289 1295 3361 ἀναδραμόντα
1329 3291 1461 3355 ἄνω,
1517 3295 1607 3347 καὶ
1656 3294 1871 3367 πληρώ-

270 3397 448 3433 σαντα
496 3380 587 3434 τδν
642 3380 943 3437 δωδέκατον
1002 3382 1268 3456 ἀριθμόν·
1318 3385 1375 3437 ἐν
1515 3386 1750 3459 ὑπάρχει
1806 3386 1901 3440 τὸ’

271 3473 498 3545 σπέρμα
525 3472 727 3528 τούτων
760 3475 867 3527 τῶν
900 3476 1290 3546 συσπαρέντων
1319 3477 1488 3548 αὐτῷ,
1519 3479 1613 3533 καὶ
1660 3496 1869 3551 συγκα-

267 3566 576 3631 ταὸἀντων,
612 3569 706 3623 καὶ
730 3568 1171 3626 συναναϐάντων.
1202 3568 1383 3640 Αὐτὴν
1417 3569 1474 3623 δὲ
1511 3570 1609 3643 τὴν
1638 3571 1868 3645 δύναμιν

267 3659 645 3715 κατελθοῦσαν
673 3660 899 3733 σπέρμα
921 3659 1085 3732 φησὶν
1108 3655 1247 3714 εῖναι
1268 3661 1362 3714 τοῦ
1401 3662 1635 3734 Πατρδς,
1664 3663 1787 3734 ἔχον
1811 3666 1867 3718 ὲν

267 3750 455 3822 ἑαυτῷ
481 3753 573 3805 καὶ
605 3751 693 3806 τὸν
729 3753 950 3824 Πατέρα
992 3753 1086 3806 καλ⁵
1115 3753 1205 3806 τὸν
1235 3753 1385 3815 Υἱὺν.
1418 3756 1516 3826 τήν
1544 3772 1602 3808 τε
1630 3754 1717 3810 διὰ
1743 3757 1867 3810 τού-

264 3862 382 3900 των
424 3845 831 3917 γινωσκομένην
879 3846 1248 3917 ἀνονόμαστον
1295 3845 1525 3918 δύναμιν
1552 3848 1653 3919 τῆς
1697 3849 1867 3921 Σιγῆς

266 3936 371 3991 καὶ
396 3936 520 4000 τοὺς
549 3936 793 4001 ἅπαντας
832 3935 1062 4000 Αῑῶνας.
1087 3937 1197 3989 Καὶ
1215 3937 1359 3991 τοῦτ’
1393 3934 1531 3991 εἶναι
1553 3939 1615 3991 τὸ
1642 3939 1865 4010 Πνεῦμα

263 4029 331 4086 τὸ
363 4027 602 4097 λαλῆσαν
632 4027 719 4082 διὰ
767 4026 862 4081 τοῦ
908 4028 1084 4098 Ἰησοῦ
1117 4028 1158 4091 ³,
1193 4027 1254 4080 τὺ
1283 4029 1629 4101 ὁμολογῆσαν
1672 4031 1865 4085 ἑαυτὸν

264 4119 400 4173 Υἱὸν
433 4117 742 4191 ἀνθρώπου,
781 4118 877 4172 καὶ
909 4117 1299 4192 φανερώσαντα
1332 4119 1423 4172 τὸν
1446 4120 1688 4191 Πατέρα.
1729 4138 1863 4175 κατ-

264 4215 425 4268 ελθὸν
481 4216 580 4284 μὲν
624 4216 702 4278 εἰς
741 4213 831 4266 τὸν
907 4213 1136 4284 Ἰησοῦν,
1169 4204 1411 4285 ἡνῶσθαι
1454 4212 1499 4267 δ’
1531 4212 1700 4285 αὐτῷ.
1754 4214 1864 4267 Καὶ

265 4308 489 4364 καθεῖλε
528 4308 625 4378 μὲν
648 4306 738 4360 τὸν
773 4306 1023 4371 θάνατον,
1059 4306 1246 4377 φησὶν,
1274 4306 1303 4357 ὁ
1332 4307 1397 4360 ὲκ
1423 4305 1524 4376 τῆς
1550 4304 1864 4375 οἰκονομίας

265 4401 486 4472 Σωτὴρ,
526 4398 787 4471 ἐγνώρισε
822 4398 879 4452 δὲ
912 4398 1004 4451 τὸν
1035 4396 1257 4468 Πατέρα
1297 4397 1555 4469 Χριστόν.
1588 4394 1742 4451 Εἶναι
1768 4393 1863 4452 οὖν

1979 3225 2081 3283 set,
2106 3217 2158 3270 in
2184 3232 2309 3270 eum
2338 3216 2609 3271 columbae
2636 3215 2991 3270 descendisse
3008 3216 3191 3286 specie
3216 3215 3365 3269 illum
3390 3216 3570 3286 ipsum

1977 3316 2241 3373 narrant,
2291 3308 2381 3378 qui
2427 3322 2648 3362 sursum
2695 3321 2988 3362 recurrens
3030 3307 3428 3361 duodenarium
3466 3323 3568 3360 nu-

1976 3416 2186 3456 merum
2235 3400 2508 3469 implevit;
2560 3399 2613 3453 in
2660 3414 2771 3469 quo
2809 3413 2994 3453 semen
3035 3397 3176 3452 inest
3203 3412 3414 3459 eorum,
3450 3413 3572 3466 quae

1975 3506 2099 3545 cum
2141 3490 2236 3543 illo
2267 3496 2384 3543 sata
2418 3488 2625 3558 pariter
2653 3494 2707 3542 et
2745 3485 3154 3541 descenderunt
3200 3493 3255 3540 et
3301 3484 3569 3539 ascende-

1974 3590 2120 3635 runt.
2152 3578 2329 3650 ipsam
2365 3594 2495 3634 vero
2528 3577 2807 3648 delapsam
2838 3592 2869 3632 e
2898 3577 3041 3631 coelo
3066 3575 3333 3631 Virtutem
3382 3592 3569 3631 semen

1973 3670 2157 3725 Patris
2188 3670 2376 3725 definit
2412 3683 2557 3731 esse,
2592 3668 2739 3739 quod
2775 3668 2829 3722 in
2871 3682 2931 3721 se
2960 3666 3177 3721 Patrem
3231 3681 3295 3719 ac
3340 3663 3567 3729 Filium,

1972 3779 2205 3834 eamque
2261 3762 2416 3833 Siges
2474 3761 2789 3822 Virtutem.
2844 3776 2968 3831 qua:
3023 3775 3121 3830 per
3174 3759 3297 3813 illos
3352 3759 3568 3827 cognita

1973 3856 2198 3910 nomine
2233 3862 2384 3909 caret
2417 3854 2588 3915 omni,
2628 3868 2691 3907 ac
2730 3853 2974 3923 reliquos
3009 3851 3217 3907 mones
3246 3851 3569 3920 complecti-

1971 3951 2081 3998 tur.
2106 3942 2374 4014 Huncque
2400 3942 2665 4012 Spiritum
2691 3957 2816 3998 esse
2848 3948 3124 4006 sanctum,
3143 3941 3235 4011 qui
3259 3955 3355 4009 per
3380 3938 3566 3994 .lesum

1972 4035 2212 4099 locutus,
2246 4049 2368 4088 cum
2395 4049 2571 4103 eoque
2598 4035 2932 4103 conjunctus
2965 4041 3071 4088 est.
3107 4029 3227 4085 Jam
3262 4047 3393 4086 vero
3421 4045 3571 4086 mor-

1972 4133 2103 4192 tem,
2132 4128 2329 4197 inquit,
2361 4127 2613 4180 Salvator
2638 4141 2705 4180 cx
2741 4125 2831 4178 illa
2867 4124 3213 4194 providentia
3247 4134 3410 4178 natus
3445 4138 3567 4178 sus-

1971 4219 2132 4284 tulit,
2182 4218 2574 4288 Christumque
2626 4215 2844 4271 Patrem
2908 4216 3223 4269 liominibus
3288 4214 3562 4285 patefecit.

1970 4311 2153 4367 Iesum
2204 4312 2390 4381 itaque
2440 4326 2641 4365 nomen
2690 4309 2812 4378 ejus
2838 4325 2961 4364 esse
3004 4308 3283 4379 proprium
3328 4307 3567 4360 hominis

1971 4403 2187 4466 statuit,
2227 4417 2389 4471 quem
2429 4401 2726 4471 singularis
2771 4400 2863 4453 illa
2913 4400 3252 4470 providentia
3288 4398 3563 4462 submisit,

265 4495 361 4547 τὸν
400 4492 607 4562 Ἰησοῦν
633 4491 803 4561 ὄνομα
834 4491 934 4561 μὲν
964 4489 1056 4543 τοῦ
1087 4492 1150 4543 ὲκ
1179 4491 1279 4561 τῆς
1302 4489 1615 4561 οἰκονομίας
1648 4487 1861 4561 ἀνθρὼ-

1978 4490 2064 4547 sed
2097 4493 2163 4545 ad
2194 4484 2420 4546 alterius
2442 4490 2852 4545 similitudinem
2871 4504 2935 4544 ac
2952 4488 3441 4558 configurationem
3468 4489 3568 4540 im-

268 4603 372 4639 που
395 4585 565 4653 λέγει,
594 4582 864 4637 τεθεῖσθαι
892 4582 948 4636 δὲ
982 4584 1062 4646 εἰς
1088 4581 1429 4654 ἐξομοίωσιν,
1454 4583 1548 4635 καὶ
1582 4582 1863 4654 μόρφωσιν

263 4676 363 4730 τοῦ
391 4675 678 4748 μέλλοντος
704 4677 783 4739 εἰς
810 4674 971 4728 αὐτὸν
1001 4674 1364 4747 κατέρχεσθαι
1410 4674 1748 4746 Ἀνθρώπου,
1770 4675 1862 4730 τὸν

262 4769 597 4842 χωρήσαντα
626 4768 809 4821 αὐτόν.
855 4767 1179 4838 Ἐσχηκέναι
1216 4767 1274 4821 δὲ
1310 4767 1475 4820 αὐτόν
1506 4768 1529 4798 ⁸
1549 4785 1610 4820 τε
1648 4767 1740 4820 τὸν
1769 4767 1857 4821 ἇν-

1971 4587 2208 4656 positum
2240 4602 2381 4648 esse,
2408 4586 2501 4656 qui
2529 4584 2582 4639 in
2614 4586 2795 4656 ipsum
2821 4593 2942 4640 erat
2963 4582 3259 4655 aliquando
3284 4583 3561 4653 lapsurus.

1970 4678 2143 4746 Quem
2175 4695 2300 4734 cum
2332 4679 2674 4749 excepisset,
2718 4693 2825 4733 una
2858 4686 2914 4732 et
2949 4676 3228 4731 hominem
3263 4675 3441 4745 ipsum
3465 4713 3480 4736 ,
3513 4680 3566 4725 it

1974 4765 2237 4828 Verbum,
2267 4783 2331 4822 ac
2360 4766 2601 4833 Patrem,
2632 4774 2686 4821 et
2712 4766 3028 4831 Arrhetum,
3057 4780 3122 4820 ac
3152 4765 3335 4836 Sigea,
3362 4764 3546 4819 Vcrita

341 4927 355 4956 ¹
391 4923 531 4995 iren.
565 4921 781 4993 ὁδηγοῦ.
861 4923 882 4953 ²
910 4920 1051 4977 lren.
1094 4920 1373 4990 Ὑψίστου.
1451 4922 1472 4953 ³
1505 4940 1596 4991 γρ.
1627 4921 1721 4976 τοῦ
1763 4922 2033 4993 στόματος
2059 4923 2154 4977 τοῦ
2190 4921 2387 4995 Ἰησοῦ.
2476 4924 2499 4955 ⁵
2529 4923 2671 4977 lren.
2704 4923 2763 4976 ὃν
2783 4924 3114 4994 χωρήσαντα
3139 4923 3301 4977 αὑτὸν
3335 4919 3552 4991 ἐσχηκέ-

264 5014 358 5049 ναι
386 4994 548 5048 αὐτόν
579 5010 641 5045 τε
671 5010 723 5046 τ.

342 5112 456 5183 (‘25)
491 5106 780 5183 i'Hflchﬂi)
808 5105 976 5183 ﬁbra
1048 5105 1497 5183 qunlggqsi‘va.
1557 5104 1857 5183 Perperam

261 5174 360 5240 hic
401 5182 501 5250 legi
535 5174 639 5233 τὸν
665 5175 871 5250 Ἰησοῦν
906 5176 1229 5250 απεκύησε,
1266 5174 1457 5250 Billius
1489 5176 1775 5250 adnotat:
1803 5185 1859 5250 et

264 5272 369 5326 pro
417 5246 660 5326 ιίιιινιιι
682 5288 697 5311 ,
728 5246 874 5319 quod
906 5246 1076 5302 Vetus
1108 5247 1378 5311 interpres
1417 5247 1689 5326 habebat,
1730 5248 1858 5317 legit

265 5316 436 5384 invni,
467 5322 596 5391 quia
622 5336 670 5391 ,ι
710 5316 766 5374 ei.
798 5334 891 5391 vuI
939 5334 1045 5372 non
1079 5331 1363 5391 _i.xxxvm,
1414 5316 1509 5391 sed
1552 5332 1685 5391 X_Vlll
1730 5316 1858 5385 pro-

263 5386 498 5449 creantf
528 5390 634 5445 Sed
680 5390 1031 5457 castigatiora
1079 5386 1263 5441 lrenaci
1295 5387 1665 5457 exemplaria,
1716 5395 1776 5441 ct
1827 5401 1857 5441 a

264 5461 639 5521 Feuardentio
663 5455 916 5515 restituta
944 5472 1320 5513 ucccuxxvul
1354 5457 1575 5509 habent.
1626 5455 1728 5522 Qui
1759 5474 1861 5511 nu-

266 5548 459 5590 merus
487 5531 558 5586 ab
588 5546 682 5585 vni
729 5530 974 5600 gignitur
1022 5530 1106 5583 bis
1140 5542 1236 5600 per
1281 5527 1519 5581 decadas
1566 5525 1861 5600 ductoaac

267 5606 438 5660 tertio
480 5598 752 5670 repetito;
773 5598 916 5653 hunc.
946 5602 1000 5653 in
1030 5599 1269 5670 modum
1306 5612 1318 5647 :
1356 5612 1451 5650 vul
1484 5611 1580 5670 per
1607 5612 1639 5650 χ
1670 5598 1859 5650 multi-

268 5677 509 5753 plicatus
539 5665 683 5726 Lux
720 5665 991 5753 producit.
1026 5668 1139 5723 Duc
1172 5685 1221 5753 ιε.
1247 5665 1499 5753 inﬁmus,
1522 5665 1671 5753 Ollium
1697 5682 1860 5750 accc;

271 5736 417 5801 adde
455 5736 738 5813 postremo
764 5741 946 5813 ipsum
967 5757 1086 5805 vni,
1117 5736 1666 5813 collectisomnibus,
1693 5738 1865 5813 nasci-

271 5828 367 5883 tur
405 5806 821 5877 nc'ccuxxvm',
858 5811 949 5882 qui
998 5823 1259 5865 numerus
1290 5808 1343 5862 in
1376 5806 1573 5862 litteris
1624 5809 1863 5863 nominis

1978 5105 2190 5177 Ἰησοῦς
2217 5105 2741 5177 comprehenditur.
2776 5105 2959 5177 Quare
2995 5106 3137 5160 idem
3166 5114 3249 5159 est
3281 5106 3559 5177 ἁπεκύηστ

1963 5175 2055 5229 τὸν
2091 5175 2332 5248 Ἰησοῦν,
2377 5185 2539 5248 atque
2568 5175 2851 5248 ἀπεκύγησε
2896 5175 2989 5230 τὸν
3024 5176 3119 5248 ΑΗ,
3164 5176 3241 5239 Π,
3275 5176 3348 5238 Ω,
3389 5175 3562 5248 neque

1963 5245 2287 5301 mutandum
2323 5246 2375 5300 in
2403 5245 2593 5301 Grazco
2625 5245 2925 5316 quidquam
2956 5245 3278 5309 arbitrarer,
3316 5248 3420 5301 nisi
3457 5247 3561 5304 Ve-

1968 5327 2055 5371 tus
2089 5318 2360 5387 interpres
2392 5317 2551 5370 aliter
2580 5318 2822 5387 legisset.

2039 5387 2150 5457 (26)
2189 5385 2299 5441 Kal
2338 5387 2471 5453 υἱὸς
2510 5385 2769 5455 Χριάτὸς
2791 5429 2804 5448 ,
2839 5385 3158 5439 τουτέστιν
3201 5386 3239 5452 ἦ
3269 5385 3556 5453 δωδεκάς.

1969 5456 2124 5524 Quod
2159 5458 2287 5520 Υἱός
2317 5462 2603 5527 quaternis
2632 5459 2830 5511 litteris
2856 5463 3073 5527 constet
3094 5495 3108 5517 ,
3142 5456 3390 5526 expedita
3418 5461 3558 5512 ratio

1967 5538 2073 5599 est.
2104 5525 2346 5599 Χριστός
2372 5535 2553 5599 autem
2581 5569 2595 5591 ,
2616 5528 2742 5599 Anisi
2784 5525 3020 5599 Χριστός
3040 5525 3293 5599 scribas,
3329 5544 3400 5580 vlt
3441 5545 3557 5581 om-

1971 5598 2105 5653 nino
2130 5597 2395 5654 cbntinet.
2427 5597 2572 5652 Sane
2602 5597 2883 5653 Christum
2918 5597 3164 5667 pleriQue
3194 5614 3226 5653 e
3256 5599 3552 5667 gentilibus

1970 5669 2311 5738 appellavere
2342 5667 2653 5725 Cbrestum.

2042 5734 2154 5809 (27)
2198 5739 2275 5794 Τὸ
2307 5738 2377 5792 δὲ
2403 5739 2658 5808 Χριστὸς
2694 5736 2862 5809 ὀκτώΪ
2903 5734 3140 5809 Proinde
3166 5735 3399 5809 Χριστός
3443 5737 3550 5809 leg.

1972 5807 2106 5864 Nam
2136 5817 2191 5864 et
2219 5807 2509 5866 Chrestum
2545 5809 2769 5879 quidam
2800 5807 3080 5864 Christum
3113 5807 3475 5878 appellarunt.
