3982 6432
445 358 554 415 ιέοξῖ

1878 350 1933 407 S.
1978 346 2315 404 EPlPllANll

3635 330 3753 393 δη

443 488 552 531 tem
605 474 768 543 item,
817 484 870 529 et
924 472 1263 539 Ecclesium,
1332 471 1625 542 Vitamque
1680 470 2038 541 comprehcn.

2150 468 2389 539 Θρωπον,
2442 463 2602 517 αὐτόν
2636 478 2693 514 τε
2739 460 2829 513 τὸν
2862 457 3055 527 Λόγον,
3102 455 3199 510 καὶ
3244 453 3334 508 τὸν
3369 452 3619 516 Πατερα,
3647 448 3741 502 καὶ

444 568 612 623 disse.

517 749 608 803 XI.
654 747 784 815 Qua:
825 761 1018 803 omnes
1068 746 1285 800 illorum
1335 743 1533 799 fabula:
1574 742 1847 812 ejusmodi
1888 749 2051 803 sunt,

448 840 509 896 ut
543 842 610 897 iis
641 838 996 913 deplorandis
1029 839 1238 893 nullum
1269 837 1372 890 heu
1404 838 1417 890 !
1454 837 1593 891 heu!
1631 835 1711 890 vel
1745 834 1910 905 proh!
1948 849 2044 888 ne-

447 950 554 1007 que
595 934 706 989 ulla
752 948 979 1004 prorsus
1023 931 1230 1001 tragica
1276 946 1391 984 vox»
1419 944 1483 984 ac
1516 927 1835 982 lamentatio
1853 930 2047 997 .possit

447 1029 714 1084 sullieere.
743 1026 878 1094 Quis
901 1026 1047 1081 enim
1090 1039 1199 1079 non
1233 1024 1424 1078 talium
1457 1020 1869 1077 mendaciorum
1901 1018 2041 1073 inl'e-

447 1124 602 1177 licem
651 1120 917 1176 artiﬁcem
970 1118 1173 1183 olerit,
1219 1131 1343 1171 eum
1410 1114 1708 1170 Veritatem
1758 1113 1933 1181 ipsam
1986 1111 2041 1166 in

444 1216 609 1270 inane
646 1214 1007 1268 simulacrum
1050 1225 1080 1264 a
1117 1208 1301 1264 Marco
1337 1207 1695 1263 deformatam
1736 1205 1949 1272 videat;
1992 1213 2045 1260 et

445 1305 592 1381 quod
676 1304 898 1375 gravius
964 1309 1086 1366 est,
1162 1300 1438 1371 alphabeli
1509 1298 1705 1353 litteris
1780 1306 2040 1369 tanquam

444 1395 797 1467 stigmalibus
854 1393 1093 1446 inustam
1139 1409 1153 1445 :
1208 1396 1267 1444 ut
1319 1388 1466 1459 quod
1527 1403 1703 1459 nuper
1748 1387 2040 1441 admodum

444 1497 613 1557 atque
645 1486 783 1548 heri,
819 1492 878 1539 ut
909 1484 1083 1545 aiunt,
1111 1493 1164 1538 et
1197 1481 1601 1536 nudiustertius
1630 1480 1851 1542 accidit,
1884 1479 2040 1549 quasi

441 1580 554 1649 jam
584 1586 698 1633 tum
732 1579 861 1635 olim
888 1578 1213 1641 exstitisset,
1244 1576 1529 1630 venditare
1554 1573 1845 1630 studuerit:
1868 1572 2041 1628 Graeci

442 1672 666 1742 quidem
702 1687 793 1725 xv:
838 1685 868 1723 a
912 1669 1120 1724 Cadmo
1152 1669 1365 1723 litteras
1399 1667 1637 1736 primum
1672 1668 1953 1736 accepisse
1984 1681 2043 1719 se

446 1769 791 1828 memorant;
836 1770 949 1815 tum
991 1776 1020 1813 a
1063 1776 1122 1816 se
1172 1759 1653 1830 progredientibus
1702 1758 2041 1827 temporibus

446 1857 584 1912 alias
619 1854 915 1926 aspiratas,
945 1854 1083 1909 alias
1113 1854 1361 1923 duplices
1399 1853 1666 1906 inventas.
1700 1850 1984 1906 Postremo
2011 1866 2039 1905 a
2076 1841 2114 1894 Β

440 1947 734 2003 Palamede
799 1947 1036 2017 majores
1097 1946 1407 2017 adjunctas.
1480 1944 1660 2012 Quare
1716 1945 2037 2016 priusquam

442 2039 651 2094 Grmeis
676 2039 762 2093 illa
808 2040 1178 2103 traderentur,
1226 2053 1495 2108 nusquam
1537 2036 1753 2093 Veritas
1782 2053 1905 2093 esse
1944 2054 2039 2109 μοι

443 2133 569 2185 tuit.
601 2130 816 2202 Corpus
852 2131 996 2185 enim
1034 2131 1233 2201 ipsius,
1260 2139 1321 2184 ut
1346 2130 1449 2194 ais,
1476 2128 1675 2199 Marce,
1701 2128 1907 2184 Cadmo
1932 2136 2038 2192 est,

443 2227 621 2297 iisque
643 2227 734 2294 qui
768 2225 919 2280 illum
952 2229 1375 2280 antecesserunt
1399 2224 1698 2287 recentius,
1718 2223 2041 2293 exterisque

442 2323 577 2373 aleo
595 2321 683 2388 qui
704 2318 969 2373 elementa
985 2318 1195 2388 reliqua
1211 2326 1555 2386 repererunt,
1573 2330 1637 2370 ac
1651 2323 1703 2371 te
1715 2317 1878 2370 etiam
1897 2315 2038 2385 ipso.

440 2410 604 2491 245
634 2409 714 2467 Tu
743 2412 887 2465 enim
912 2410 1064 2467 solus
1088 2425 1229 2473 eam,
1250 2424 1415 2478 quam
1444 2406 1745 2463 Veritatem
1775 2406 2037 2476 appellas,

443 2502 631 2555 nescio
682 2500 828 2571 quod
891 2502 945 2555 in
1008 2499 1370 2555 simulacrum
1428 2496 1738 2553 detraxisti.
1799 2495 2039 2565 Ecquem

442 2609 573 2649 vero
617 2601 780 2665 putas
826 2602 976 2647 tuam
1028 2594 1179 2648 illam
1222 2606 1402 2661 usque
1446 2606 1511 2645 eo
1547 2591 1832 2660 loquacem
1878 2587 2041 2658 Sigen

443 2702 605 2754 pass;
651 2687 947 2751 sustinere,
996 2700 1118 2755 qua:
1162 2699 1286 2739 eum
1334 2683 1603 2746 nominet,
1636 2681 1729 2752 qui
1764 2680 2039 2735 nominari

443 2789 698 2848 nequeat.
729 2784 783 2832 et
813 2774 1253 2846 inexplicabilem
1310 2774 1566 2843 explicet,
1623 2780 1677 2828 et
1729 2772 1822 2843 qui
1877 2773 2044 2827 nullis

445 2869 693 2939 vestigiis
742 2866 1076 2938 deprehendi
1120 2873 1321 2937 potest,
1372 2864 1696 2935 investiget?
1723 2864 1862 2930 Quid
1897 2864 2041 2935 quod

443 2965 723 3035 aperuisse
757 2962 893 3017 dicit
924 2977 987 3017 .os
1016 2961 1187 3025 illum,
1217 2975 1377 3029 quem
1407 2970 1463 3013 tu
1501 2958 1683 3014 omnis
1710 2964 1764 3013 et
1795 2958 2044 3028 corporis

441 3066 742 3128 expertem,
793 3063 848 3109 et
902 3052 1085 3124 ﬁgura:
1137 3054 1434 3123 prazdieas;
1475 3066 1905 3122 sermonemque
1961 3051 2043 3106 sic

441 3157 703 3219 tanquam
755 3146 1118 3216 compositum
1169 3144 1463 3215 quodpiam
1515 3144 1720 3198 animal
1758 3142 2043 3199 edidisse?

2144 537 2236 611 τδν
2271 558 2564 629 Ἀρῤτγτοεη
2600 552 2693 607 καὶ
2717 550 2815 623 τὴν
2845 548 3031 621 Σιγὴν,
3051 547 3145 602 καὶ
3173 544 3271 617 τὴν
3317 540 3623 614 Ἀλήθειαν.
3649 537 3738 591 καὶ

2160 648 2510 718 Ἐκκλησίαν,
2552 645 2647 700 καὶ
2678 647 2849 715 Ζωήν.

2224 738 2322 792 IA'.
2359 736 2544 791 Ταῦτα
2573 735 2637 805 δὴ
2668 734 2808 804 ὑπὲρ
2837 733 2897 786 τὸ
2930 730 3037 785 ἰούὲ
3073 730 3168 783 καὶ
3206 728 3269 781 τὸ
3301 727 3440 797 φευὲ
3470 724 3566 779 xui.
3602 722 3740 793 ὑπὲρ

2147 830 2207 882 τὸ
2232 831 2413 882 πᾶσαν
2449 825 2717 899 τραγικὴν
2766 822 3008 893 φῶνησιν
3029 823 3044 852 ¹
3076 818 3169 874 καὶ
3200 815 3564 889 σχετλιασμόν
3599 815 3737 867 ἐστι.

2148 923 2244 985 Τίς
2269 920 2379 993 γὰρ
2405 920 2504 973 οὐκ
2529 919 2596 972 ἂν
2636 918 2884 989 μισήσειε
2912 914 3020 967 τῶν
3048 910 3382 984 τηλικούτων
3404 907 3739 979 ψευσμάτων

2148 1012 2545 1068 κακοσύνθετον
2570 1009 2821 1081 ποιητὴν,
2852 1007 2950 1079 τὴν
2976 1007 3072 1079 μὲν
3120 1002 3400 1076 Ἀλήθειαν
3421 1000 3567 1073 ὁρῶν
3598 999 3749 1052 εῐδιι›‹⁴

2147 1104 2237 1157 λον
2272 1103 2376 1156 ὑπὸ
2406 1102 2634 1173 Μάρκου
2656 1100 2973 1169 γεγονυῖαν,
3006 1096 3100 1151 καὶ
3127 1095 3285 1149 τοῦτο
3310 1095 3421 1157 τοῖς
3443 1090 3537 1145 τοῦ
3568 1090 3739 1157 algea-

2148 1196 2314 1266 δήτου
2352 1193 2645 1265 γράμμασι
2682 1187 3116 1257 κατεστιγμένην
3143 1181 3339 1237 νεωστὶ
3365 1179 3503 1249 πρὸς
3543 1178 3609 1230 τὸ
3644 1177 3737 1229 ἀπ’

2148 1288 2323 1361 ἀρχῆς
2356 1285 2492 1356 (28),
2517 1284 2579 1338 τὸ
2606 1283 2669 1355 δὴ
2692 1281 2985 1351 λεγόμενον
3013 1277 3139 1349 χθὲς
3170 1275 3263 1329 καὶ
3289 1272 3507 1346 πρώην;
3541 1268 3739 1338 Ἕλλη-

2146 1397 2234 1444 νες
2256 1375 2608 1449 ὁμολογοῦσιν
2635 1374 2742 1427 ἀπὸ
2759 1373 2980 1442 Κάδμου
3002 1367 3215 1439 πρῶτον
3238 1361 3300 1429 ἒξ
3324 1363 3419 1449 και
3432 1362 3568 1415 δέκα
3598 1375 3737 1430 παρ-

2145 1473 2463 1546 ειληφέναισ
2523 1466 2643 1524 εἶτα
2685 1466 2980 1540 μετέπειτα
3028 1448 3431 1534 προϐαινόντων
3465 1453 3577 1507 τῶν
3610 1452 3737 1523 χρό·

2146 1544 2260 1624 νων
2284 1567 2439 1621 αὐτοὶ
2463 1562 2819 1636 ἐξευρηκέναι
2847 1558 2979 1614 ποτὲ
3012 1556 3108 1627 μὲν
3130 1553 3198 1607 τά
3225 1551 3413 1612 δασέα,
3440 1547 3570 1601 ποτὲ
3594 1546 3651 1600 δὲ
3672 1544 3736 1597 τὰ

2146 1661 2332 1715 διπλᾶ.
2360 1661 2632 1729 Ἕσχατον
2661 1655 2719 1708 δὲ
2750 1653 2968 1706 πάντων
3001 1644 3336 1716 Παλαμήδην
3373 1639 3508 1729 φασὶ
3527 1637 3738 1729 τάμα-

2148 1753 2256 1825 κρὰ
2283 1763 2304 1792 ι
2329 1751 2538 1814 τούτοις
2585 1742 3053 1820 προστεθεικέναι.
3088 1735 3204 1809 Πρὸ
3241 1733 3335 1787 τοῦ
3381 1727 3476 1785 οὖν
3509 1728 3736 1798 Ἕλλησι

2143 1821 2315 1898 ταῦτα
2347 1840 2622 1912 γενέσθαι,
2664 1839 2764 1891 οὐκ
2791 1832 2860 1906 ἦν
2897 1832 3168 1905 ’Λλήθεια.
3204 1827 3280 1882 Τὸ
3306 1826 3417 1898 γάρ
3448 1824 3610 1893 σῶμα
3639 1821 3734 1880 αὒ-

2143 1935 2244 2006 τῆς
2290 1933 2433 1988 κατὰ
2485 1932 2564 1997 σὲ,
2605 1930 2831 2000 Μάρκε,
2872 1921 3329 1999 μεταγενέστερον
3375 1916 3474 1988 μὲν
3509 1913 3734 2006 Κάδμου

2144 2027 2239 2081 καὶ
2272 2025 2378 2079 τῶν
2411 2024 2517 2095 πρδ
2544 2020 2732 2084 αὐτοῦ,
2763 2015 3222 2090 μεταγενέστερον
3254 2010 3310 2064 δὲ
3337 2008 3445 2061 τῶν
3475 2007 3544 2060 τὰ
3574 2003 3751 2065 λοιπὰ,

2144 2117 2609 2194 προστεθεικότων
2635 2113 2892 2183 στοιχεῖα,
2920 2106 3381 2181 μεταγενέστερον
3412 2100 3471 2154 δὲ
3496 2100 3590 2153 καὶ
3614 2114 3736 2150 σαυσ

2143 2192 2259 2266 τοῦ.
2300 2212 2373 2265 Συ
2426 2210 2535 2282 γὰρ
2592 2208 2751 2278 μόνον
2806 2201 3025 2257 εἴδωλον
3060 2200 3080 2231 ³
3119 2199 3434 2269 κατήγαγες
3486 2192 3585 2262 τὴν
3634 2192 3736 2244 ὑπὸ

2146 2302 2240 2358 σοῦ
2293 2302 2596 2371 λεγομένην
2649 2297 2954 2370 Ἀλήθειαν.
2989 2294 3087 2355 Τίς
3126 2292 3170 2345 δ’
3200 2287 3449 2356 ἀνέξεταί
3502 2302 3595 2339 σου
3638 2283 3736 2353 τὴν

2144 2396 2380 2453 τοσαῦτα
2417 2393 2765 2467 φλυαροῦσαν
2813 2388 3000 2459 Σιγὴν,
3031 2387 3065 2457 ἢ
3108 2386 3198 2439 τὸν
3230 2382 3594 2451 ἁνονόμαστον
3624 2377 3737 2428 ὀνο-

2149 2489 2332 2560 μάζει,
2359 2488 2455 2542 καὶ
2491 2487 2582 2540 τὸν
2620 2484 2860 2556 ἄρρητον
2889 2479 3186 2549 ἐξηγεῖται,
3210 2474 3307 2529 καὶ
3322 2473 3411 2528 τὸν
3441 2470 3737 2540 ἀνεξιχνία-

2147 2600 2271 2637 στον
2331 2581 2633 2652 ὲξιστορεῖ;
2692 2577 2802 2631 Καὶ
2866 2572 3142 2645 ὴνοιχέναι
3206 2569 3269 2622 τὸ
3331 2566 3506 2637 στόμα
3576 2562 3739 2633 φησὶν

2145 2677 2277 2731 αὐτὸ
2300 2677 2345 2741 ⁸,
2390 2676 2449 2730 ὃν
2487 2673 2777 2743 ἀσώματον
2821 2669 2915 2723 καὶ
2954 2667 3191 2721 ἀνείδεον
3229 2664 3439 2731 λέγεις·
3475 2660 3571 2713 καὶ
3609 2674 3741 2729 προ-

2145 2771 2473 2839 ενέγκασθαι
2500 2767 2676 2835 λόγον,
2705 2764 2782 2831 ὡς
2818 2762 2876 2816 ἓν
2907 2779 2954 2814 τι
2987 2760 3094 2813 τῶν
3126 2757 3395 2812 συνθέτων
3432 2753 3618 2821 ζώων·
3653 2751 3740 2805 τόν

2145 2880 2205 2919 τε
2234 2862 2392 2930 λόγον
2431 2856 2593 2911 αὐτοῦ
2630 2857 2815 2928 ὅμοιον
2840 2853 2970 2907 ὄντα
3004 2851 3081 2923 τῷ
3108 2847 3455 2923 προϐαλόντι,
3490 2844 3586 2897 καὶ
3611 2859 3740 2913 μορ-

2147 2957 2255 3027 φὴν
2292 2952 2387 3008 τοῦ
2418 2953 2649 3025 ἀοράτου
2678 2948 2960 3021 γεγονότα,
2992 2945 3270 3017 στοιχείων
3300 2943 3397 3014 μὲν
3430 2937 3568 2993 εἶναι
3593 2937 3743 3009 τριά-

2148 3066 2335 3112 κοντα,
2371 3045 2653 3100 συλλαϐῶν
2687 3044 2744 3097 δὲ
2773 3041 3093 3114 τεσσάρων;
3128 3038 3325 3091 Ἔσται
3352 3030 3443 3088 οὖν
3477 3032 3621 3086 κατὰ
3647 3030 3765 3098 τὴνΔ

2146 3142 2440 3214 ὁμοιότητα
2488 3138 2584 3192 τοῦ
2621 3138 2795 3206 Λόγου
2826 3138 2853 3189 ὁ
2886 3134 3076 3205 Πατὴρ
3122 3131 3230 3185 τῶν
3273 3129 3515 3189 πάντων,
3549 3125 3626 3188 ὡς
3680 3123 3742 3174 σὺ

442 3243 610 3309 Quem
641 3242 804 3296 etiam
842 3240 1163 3295 Sermonem
1201 3241 1344 3309 ejus,
1384 3253 1413 3291 a
1446 3253 1559 3307 quo
1593 3236 1898 3309 productus
1926 3243 2035 3302 est,

2150 3236 2276 3308 φῂς,
2315 3232 2597 3303 στοιχείων
2659 3230 2759 3300 μὲν
2813 3228 3130 3299 τριάκοντα,
3191 3220 3469 3276 συλλαϐῶν
3523 3218 3579 3270 δὲ
3631 3233 3746 3268 τετ-

441 3338 695 3400 similem,
730 3334 1070 3405 elligiemque
1109 3348 1211 3388 nec
1242 3332 1596 3402 aspectabilis
1636 3329 1891 3385 Parentis
1929 3330 2040 3385 ele-

2148 3330 2352 3400 σάρων.

442 3441 745 3485 mentorum
775 3429 1017 3497 triginta,
1048 3425 1379 3498 syllabarum
1406 3431 1644 3495 quatuor
1666 3437 1791 3476 esse
1815 3421 2025 3475 docuit.
2067 3418 2437 3486 Quamobrem
2467 3415 2869 3471 universorum.
2892 3425 3089 3481 parens
3119 3408 3227 3471 ille,
3257 3401 3485 3476 perinde
3519 3416 3583 3456 ac
3621 3397 3745 3452 Scr-

442 3536 552 3583 mo,
584 3528 646 3574 ut
692 3521 916 3579 asseris,
967 3517 1197 3572 tricenis
1243 3516 1531 3575 elementis
1583 3528 1649 3568 ac
1689 3511 1915 3582 syllabis
1946 3521 2181 3580 quatuor
2206 3508 2503 3563 constabit.

513 3612 649 3680 Quis
701 3610 833 3666 illud
885 3626 1015 3665 vero
1067 3610 1340 3680 patienter
1400 3607 1571 3674 ferat,
1623 3608 1683 3663 in
1728 3606 1932 3677 ﬁguras
1980 3620 2045 3659 ac

445 3719 724 3768 umneros,
771 3703 907 3759 alias
949 3702 1196 3773 triginta,
1249 3701 1387 3756 alias
1436 3716 1600 3762 xxw,
1649 3711 2045 3766 nonnunquam

444 3812 533 3861 vn,
580 3795 919 3851 conditorem
964 3793 1247 3856 omnium,
1298 3798 1352 3846 et
1394 3790 1657 3845 artiﬁcem
1752 3788 2049 3844 fabricato-

446 3904 670 3957 remque
696 3886 796 3943 Dei
852 3885 1174 3941 Sermonem
1212 3900 1243 3939 a
1289 3893 1343 3939 te
1372 3884 1676 3946 redactum,
1716 3889 1880 3952 atque
1901 3898 2052 3936 con-

444 3981 731 4044 strictum;
771 3978 903 4034 dum
944 3977 1092 4031 hunc
1140 3976 1191 4035 in
1235 3974 1474 4047 syllabas
1519 3989 1608 4039 iv,
1656 3973 1879 4042 triginta
1914 3987 2047 4027 vero

440 4074 710 4131 elementa
747 4052 1030 4127 concidis?
1058 4068 1162 4137 Qui
1203 4068 1495 4122 Dominum
1547 4068 1831 4132 omnium,
1868 4082 1899 4122 a
1934 4082 2045 4137 quo

441 4168 694 4223 caelestes
742 4165 820 4220 illi
867 4165 1029 4222 orbes
1072 4163 1284 4219 fundati
1340 4169 1506 4227 sunt,
1558 4162 1613 4215 in
1660 4176 2044 4216 ncccuxxvm

441 4274 731 4317 numerum
774 4258 1032 4323 includis,
1066 4256 1226 4328 quasi
1270 4255 1507 4310 similem
1554 4254 1831 4326 alphabeti
1874 4262 2039 4309 natu-

443 4367 559 4407 ram
589 4352 854 4407 obtineat.
887 4348 992 4417 Qui
1025 4364 1301 4411 summum
1333 4348 1645 4416 Parentem,
1677 4364 1707 4401 a
1741 4364 1851 4420 quo
1885 4364 2041 4403 eom-

442 4446 863 4515 prehenduntur
909 4441 1090 4499 omnia
1136 4457 1263 4497 eum
1311 4456 1341 4494 a
1376 4441 1596 4495 nemine
1637 4440 1755 4513 ipse
1788 4455 2038 4510 compre—

2221 3605 2294 3658 Ἢ
2329 3602 2491 3657 πάλιν
2520 3602 2604 3667 τίς
2630 3597 2881 3665 ἀνέξεταὶ
2944 3613 3037 3650 σου
3071 3594 3153 3657 εἰς
3194 3592 3449 3663 σχήματα
3483 3605 3579 3640 και
3619 3587 3739 3656 ἀρι-

2152 3696 2352 3769 Θμοὺς,
2388 3696 2520 3750 ποτὲ
2569 3694 2667 3767 μὲν
2699 3692 3014 3766 τριάκοντα,
3056 3687 3187 3741 ποτὲ
3209 3686 3266 3739 δὲ
3305 3683 3771 3750 εἰκοσιτέσσαρα,-

2149 3788 2281 3842 ποτὲ
2309 3789 2365 3843 δὲ
2404 3788 2463 3855 ἒξ
2499 3786 2659 3859 μόνον
2713 3783 3087 3853 συγκλείοντος
3123 3780 3216 3833 τὸν
3241 3777 3349 3831 τῶν
3391 3776 3610 3829 πάντων
3644 3771 3752 3826 κτί-

2153 3898 2304 3951 στην,
2340 3879 2437 3932 καὶ
2474 3878 2832 3949 δημιουργὸν,
2874 3876 2967 3929 καὶ
2998 3872 3228 3945 ποιητὴν
3269 3869 3442 3939 Λόγον
3467 3867 3563 3921 τοῦ
3589 3866 3747 3930 Θεοῦ,

2151 3969 2722 4042 κατακερματίζοντος
2744 3968 2909 4021 αὐτὸν
2931 3968 3011 4031 εις
3038 3962 3310 4028 συλλαϐάς
3333 3962 3431 4034 μὲν
3451 3961 3749 4032 τέσσαρας,

2151 4066 2396 4135 στοιχεῖα
2433 4063 2489 4117 δὲ
2526 4061 2845 4135 τριάκοντα,
2887 4061 2983 4114 καὶ
3027 4058 3119 4111 τὸν
3160 4058 3378 4112 πάντων
3420 4053 3629 4125 Κύριον
3663 4052 3752 4105 τὸν

2148 4156 2522 4229 ὲστερεωκότα
2563 4154 2693 4220 τοὺς
2748 4154 3014 4226 οὐρανοὺς
3068 4153 3148 4216 εἰς
3180 4151 3221 4203 Ω
3254 4150 3301 4203 Π
3333 4147 3396 4203 Η’
3417 4146 3751 4215 κατάγοντος

2147 4248 2403 4321 ἀριθμὸν,
2448 4246 2651 4319 ὁμοίως
2702 4245 2779 4316 τῷ
2847 4245 3145 4317 ἀλφαεήτῳ
3197 4242 3359 4296 αὑτὸν
3418 4240 3681 4311 γεγονότα
3706 4240 3749 4300 ³,

2153 4342 2333 4395 πάντα
2359 4340 2642 4413 χωροῦντα
2672 4339 2913 4411 Πατέρα,
2945 4336 3230 4409 ἁχώρητον
3252 4335 3309 4389 δὲ
3332 4335 3651 4405 ὑπάρχοντα
3671 4334 3752 4395 εἰς

2146 4434 2406 4506 τετράδα,
2439 4434 2534 4488 καὶ
2555 4432 2805 4502 ὀγδοάδα,
2833 4431 2925 4484 καὶ
2954 4430 3175 4493 δεκάδα,
3201 4430 3294 4482 καὶ
3320 4427 3598 4481 δωδεκάδα
3619 4427 3753 4479 ὑπο·

444 4504 736 4600 hendatur,
784 4536 839 4590 in
872 4534 1164 4599 tetradem,
1198 4534 1524 4605 ogdoadem,
1570 4504 1830 4587 deeadeni
1869 4504 2040 4589 dode-

2152 4528 2507 4602 μερίζοντος;
2541 4527 2653 4582 Καὶ
2686 4526 2775 4580 διὰ
2807 4525 2915 4580 τῶν
2954 4524 3211 4579 τοιούτων
3246 4521 3751 4591 πολυπλασιασμῶν

441 4628 743 4698 eademque
775 4614 1092 4696 distinguis.
1127 4625 1344 4695 Quique
1382 4624 1484 4679 hac
1527 4623 1928 4694 multiplicandi
1971 4623 2039 4681 li-

443 4717 624 4773 centia
657 4718 763 4772 hoc
794 4717 995 4786 ipsum,
1032 4718 1181 4785 quod
1218 4718 1275 4771 in
1304 4714 1465 4771 Patre
1492 4731 1596 4770 nec
1626 4717 1890 4785 explicari
1917 4733 2039 4773 ver-

443 4810 549 4877 bis,
586 4824 688 4865 nec
731 4810 917 4864 animo
965 4810 1177 4880 concipi
1234 4824 1398 4879 posse
1448 4808 1734 4880 praedicas,
1790 4808 2039 4864 oratione

444 4903 729 4969 declaras;
762 4909 820 4958 et
849 4918 1016 4974 quem
1049 4903 1299 4973 corporis
1327 4913 1647 4973 naturaeque
1682 4901 1821 4958 facis
1848 4918 2043 4973 exper-

443 5003 590 5062 tem,
629 4996 750 5066 ejus
789 5002 844 5050 et
886 5002 1141 5049 naturam
1177 5002 1232 5051 et
1276 4995 1642 5051 substantiam
1678 4996 1930 5066 pluribus
1973 5011 2039 5050 ex

444 5087 625 5151 lineis,
658 5102 894 5159 quarum
941 5087 1064 5142 alia:
1098 5103 1167 5143 ex
1216 5088 1344 5143 aliis
1381 5089 1701 5160 gignantur.
1752 5104 2043 5161 coagmen-

447 5181 550 5236 tari
595 5181 846 5252 disputas
881 5200 895 5237 :
928 5181 983 5239 in
1017 5195 1127 5255 quo
1177 5196 1448 5253 supremae
1491 5182 1713 5236 virtutis
1760 5183 1908 5238 illius
1940 5183 2041 5237 fal-

446 5273 726 5330 sissimum
769 5282 824 5330 te
869 5273 1144 5330 Daedalum
1201 5290 1265 5329 ac
1312 5275 1612 5345 pessimum
1651 5275 2039 5331 fabricatorem

446 5380 570 5421 esse
594 5377 1018 5425 eommonstras.
1036 5367 1144 5435 Qui
1159 5368 1406 5425 eamdem
1426 5370 1699 5434 virtutem,
1720 5384 1884 5440 quam
1901 5369 2042 5425 indi-

2148 4622 2209 4677 τὸ
2238 4621 2480 4695 ἄρρητον
2514 4621 2608 4675 καὶ
2653 4620 2994 4690 ἀνεννόητον,
3020 4618 3095 4685 ὡς
3129 4618 3193 4671 σὺ
3225 4617 3348 4687 φῂς,
3394 4612 3488 4667 τοῦ
3536 4613 3751 4685 Harpe;

2149 4716 2597 4788 ὲκδιηγουμένου,
2631 4714 2725 4771 καὶ
2756 4713 2814 4768 ὃν
2838 4713 3129 4784 ἀσώματον
3160 4712 3254 4767 καὶ
3280 4707 3531 4762 ἀνούσιον
3553 4704 3755 4776 ὀνομά-

2151 4811 2286 4878 ζεις,
2312 4811 2413 4881 τὴν
2438 4808 2631 4863 τούτου
2659 4807 2846 4862 οὐσίαν
2879 4806 2973 4860 καὶ
3001 4805 3101 4877 τὴν
3126 4804 3429 4858 ὑπόστασιν
3450 4802 3513 4854 ἐκ
3538 4799 3752 4854 πολλῶν

2151 4904 2500 4977 γραμμάτων
2539 4902 2743 4974 ἑτέρων
2793 4900 2856 4965 ἐξ
2912 4900 3116 4971 ἑτέρων
3168 4896 3530 4967 γεννωμένων
3580 4912 3751 4948 κατα-

2153 4996 2460 5061 σκευάζεις,
2492 4993 2657 5057 αὐτὸς
2688 4992 2947 5056 Δαίδαλος
2964 4990 3190 5063 ψευδὴς,
3223 4991 3319 5043 καὶ
3346 4987 3557 5045 τέκτων
3583 4986 3751 5049 κακὴ

2151 5089 2442 5158 γενόμενος
2488 5088 2587 5159 τῆς
2624 5085 3154 5158 προπανυπερτάτου
3202 5081 3506 5151 δυνάμεως,
3548 5080 3646 5133 καὶ
3685 5078 3750 5147 ἣν

2149 5182 2446 5254 ἀμέριστον
2492 5181 2600 5252 φῂς
2633 5176 2775 5233 εἶναι
2824 5181 2906 5243 εἰς
2940 5177 3212 5247 ἀφώνους,
3262 5176 3354 5230 καὶ
3409 5175 3746 5244 φωνήεντας,

2151 5274 2247 5328 καὶ
2281 5273 2593 5346 ήμιφώνους
2633 5272 2907 5342 φθόγγους
2942 5270 3294 5342 ὑπομερίζων
3323 5268 3384 5321 τὸ
3407 5269 3623 5335 ἄφωνον
3654 5267 3749 5318 αὐ-

2151 5368 2262 5422 τῶν
2289 5368 2369 5438 τῷ
2401 5366 2510 5420 τῶν
2546 5366 2763 5420 πάντων
2797 5365 2995 5436 Πατρὶ,
3025 5363 3118 5417 Mi
3143 5366 3208 5434 τῇ
3240 5362 3332 5415 τοῦ
3369 5360 3493 5417 rio-3
3521 5360 3543 5390 θ
3572 5357 3747 5427 ἐννοίᾳ

522 5523 555 5599 ί.
575 5519 699 5599 Ροῗ·
724 5525 1055 5599 ἐκφῴνησιν-
1131 5528 1153 5561 ⁸
1183 5545 1271 5597 πο.
1311 5528 1502 5599 μικρά.
1580 5530 1599 5563 ³
1628 5529 1767 5599 ll‘en.
1800 5529 1959 5599 μόνος
2027 5530 2106 5594 εἰς
2128 5529 2366 5584 εἴδωλον.
2434 5533 2456 5560 ι
2482 5528 2625 5583 lren.
2660 5526 2844 5581 αὐτόν.
2921 5525 2943 5557 ⁸
2973 5521 3435 5593 1Γεη.ἁλφα6ήτῳ
3463 5520 3742 5590 γεγονότα.

451 5589 567 5644 Καὶ
619 5592 780 5645 αὑτὸν
809 5589 901 5649 τὸν
936 5589 1117 5651 eam
1144 5589 1281 5672 χωρ.
1311 5589 1323 5599 “
1360 5601 1381 5631 ⁸
1415 5589 1556 5654 lren.
1577 5602 1649 5660 τῆ
1677 5589 1887 5663 ςοὺτόυ.

527 5741 923 5832 ρῇιβγεωστι
971 5750 1119 5832 πρὸς
1184 5752 1253 5832 τό
1301 5752 1603 5832 ἀπαρχαῖς,
1653 5751 1773 5808 Vel.
1824 5754 2041 5832 interpl‘t

2156 5751 2335 5822 egisse
2375 5751 2609 5809 videtur.
2646 5749 2724 5815 ὡς
2753 5750 2816 5805 τὸ
2848 5750 2970 5816 dum,
3020 5750 3113 5806 sed
3154 5764 3225 5805 ne
3252 5749 3332 5805 sic
3359 5748 3578 5820 quidem
3613 5746 3740 5804 satis

449 5812 734 5883 explica“!
800 5812 1069 5875 sententia
1095 5812 1110 5818 ⁷
1149 5812 1231 5877 est
1257 5861 1272 5890 ,
1303 5812 1501 5892 .qua'u'i'
1530 5812 1821 5895 utcunque
1865 5812 2276 5894 perpolivimus.
