3934 6416
292 403 413 458 ’ϐθθ

913 393 1284 449 ΑυνΕηευε
1322 393 1666 449 ΗᾸΕΗΕΞΕΞ
1705 394 1833 451 LIB.
1877 394 1912 451 l.

2016 396 2123 452 Dii.
2167 394 2256 452 ΙΙΙ,
2297 428 2365 438 ——
2407 394 2680 451 ll.~EliES.
2724 394 2963 452 XXXIV.

3479 398 3593 455 '6")

316 517 553 591 μωρίαν.
592 512 767 578 Ἀξιοι
793 511 849 564 δὲ
876 508 1101 574 πένθους
1130 511 1180 563 οἱ
1208 511 1544 583 τηλικαύτην
1571 511 1905 578 θεοσέϐειαν,

2016 513 2281 568 derideas.
2329 511 2437 568 Sed
2504 512 2827 585 deplorandi
2875 512 3236 569 nihilominus
3287 523 3447 579 sunt,
3499 517 3593 585 qui

314 610 408 663 καὶ
434 607 499 660 τὸ
531 602 760 677 μέγεθος
791 603 892 674 τῆς
919 604 1163 677 ἀρρήτου
1190 602 1493 674 δυνάμεως.
1529 604 1624 658 καὶ
1653 604 1753 669 τὰς
1781 622 1905 659 τοσ-

314 701 486 764 αύτας
535 695 844 767 οἰκονομίας
878 695 972 749 τοῦ
1011 694 1169 758 Θεοῦ,
1208 694 1298 748 διὰ
1328 695 1423 748 τοῦ
1453 695 1652 765 Ἀλφα,
1688 697 1783 749 καὶ
1811 696 1904 750 τοῦ

316 793 498 864 Βῆτα,
541 790 635 843 καὶ
665 788 733 842 δι’
759 786 1011 861 ἀριθμῶν
1043 785 1187 840 οὕτω
1225 784 1449 857 ψυχρῶς
1486 785 1580 839 καὶ
1613 784 1907 857 βεϐιασμέ-

316 897 423 946 νως
464 879 836 949 διασύροντες.
883 879 1039 932 Ὅσοι
1083 878 1142 931 δὲ
1173 877 1503 946 ἀφίστανται
1536 877 1640 947 τῆς
1682 877 1909 948 Ἐκκλη-

310 974 464 1039 σίας,
508 973 605 1028 καὶ
632 971 848 1035 τούτοις
896 974 1012 1034 τοῖς
1050 968 1325 1042 γραώδεσι
1369 968 1561 1040 μύθοις
1604 969 1904 1036 πείθονται,

315 1065 538 1136 ἀληθῶς
581 1064 1056 1134 αὐτοκατάκριτοι*
1105 1061 1198 1126 οὓς
1239 1063 1269 1115 ὁ
1312 1061 1521 1125 Παῦλος
1555 1059 1908 1132 ὲγκελεύεται

312 1160 454 1229 ἡμῖν
480 1156 620 1227 μετά
643 1156 772 1227 μίαν
795 1157 887 1209 καὶ
911 1155 1171 1228 δευτέραν
1194 1157 1478 1211 νουθεσίαν
1500 1155 1903 1228 παραιτεῖσθαι.

330 1246 585 1318 Ἰωάννης
611 1246 668 1299 δὲ
697 1247 725 1299 ὁ
754 1244 845 1299 τοῦ
875 1246 1083 1317 Κυρίου
1119 1245 1367 1317 μαθητὴς
1407 1247 1650 1299 ἐπέτεινε
1676 1247 1776 1317 τὴν
1809 1264 1910 1299 κα-

317 1340 546 1410 ταδίκην
580 1339 781 1403 αὐτῶν,
816 1338 953 1410 μηδὲ
991 1338 1204 1411 χαίρειν
1231 1339 1417 1401 αὐτοῖς
1448 1339 1539 1408 ὑφ’
1569 1336 1722 1409 ὑμῶν
1756 1338 1911 1407 λέγε-

321 1434 449 1487 σθαι
478 1430 783 1503 βουληθείς.
815 1431 868 1484 Ὀ
892 1432 1002 1502 γὰρ
1022 1432 1219 1501 λέγων
1244 1430 1470 1496 αὐτοῖς,
1494 1431 1650 1502 φησὶ,
1678 1430 1911 1501 χαίρειν

319 1522 603 1579 κοινωνεῖ
634 1522 762 1589 τοῖς
800 1523 1001 1594 ἔργοις
1041 1521 1241 1578 αὐτῶν
1277 1521 1402 1589 τοῖς
1445 1521 1749 1589 πονηροῖς.
1801 1520 1910 1575 1ίαί¹

318 1613 569 1679 εἰκότως.
604 1617 725 1669 Οὐκ
751 1615 883 1668 ἔστι
918 1614 1028 1684 γὰρ
1052 1615 1284 1683 χαίρειν
1311 1613 1436 1680 τοῖς
1461 1611 1730 1676 ἀσεϐέσι,
1762 1612 1909 1683 λέγει

318 1707 550 1779 Κύριος.
596 1706 841 1770 Ἀσεϐεῖς
878 1706 936 1760 δὲ
978 1707 1116 1778 ὑπὲρ
1165 1708 1345 1759 πᾶσαν
1384 1704 1635 1759 ἀσέϐειαν
1666 1697 1831 1770 οὗτοι,
1862 1708 1911 1761 οἱ

318 1802 415 1854 τὸν
452 1800 682 1871 ποιητὴν
712 1798 943 1869 ούρανοῦ
974 1799 1070 1853 καὶ
1104 1799 1208 1870 γῆς
1250 1798 1408 1869 μόνον
1438 1798 1570 1851 Θεὸν
1600 1798 1908 1870 παντοκρά-

2010 613 2118 659 tam
2153 612 2566 660 sacrosanctam
2592 605 2936 676 religionem,
2969 620 3206 676 vereque
3231 606 3593 676 inexplicabi-

2009 694 2077 750 lis
2110 695 2366 766 potentiae
2398 694 2852 765 magnitudinem,
2892 702 3097 749 tantam
3143 693 3380 763 denique
3423 693 3594 748 divini
3672 686 3687 709 ⁸

2008 783 2260 838 Numinis
2294 784 2692 854 providentiam
2737 800 2833 855 per
2861 784 2994 840 illud
3036 800 3196 840 suum
3232 784 3415 854 alpha,
3446 784 3592 849 beta,

2010 884 2349 946 canorosque
2388 891 2650 932 numeros
2690 884 2800 930 tam
2842 876 3040 948 frigide
3073 876 3451 946 violenterque
3484 883 3596 928 tra-

2010 969 2234 1024 ducant.
2267 971 2345 1022 Ac
2385 970 2702 1039 quicunque
2737 986 2795 1025 se
2821 970 2987 1041 248
3017 971 3086 1024 ab
3126 968 3370 1023 Ecclesia
3409 982 3594 1038 segre-

2011 1069 2163 1132 gant,
2192 1068 2251 1115 ut
2289 1062 2355 1116 ad
2388 1063 2563 1117 aniles
2589 1062 2755 1117 hasce
2786 1062 3000 1118 fabulas
3035 1063 3432 1126 adhaerescant,
3461 1074 3595 1115 sane

2012 1152 2334 1222 suometipsi
2366 1153 2576 1222 judicio
2613 1153 2857 1207 damnati
2898 1161 3067 1208 sunt:
3097 1169 3237 1222 quos
3288 1150 3592 1207 secundum

2010 1261 2175 1300 unam
2226 1246 2568 1315 alteramque
2620 1247 3022 1317 correptionem
3093 1246 3334 1301 devitarc
3389 1243 3637 1299 Paulus-

2012 1333 2266 1389 hortatus
2305 1331 2698 1389 esthJoannes
2730 1349 2860 1389 vero
2889 1332 3099 1388 Christi
3139 1335 3443 1404 discipulus
3486 1348 3597 1387 ma-

2005 1425 2128 1496 jore
2174 1425 2299 1480 illos
2362 1440 2523 1496 paena
2578 1424 2985 1489 condemnavit,
3042 1440 3167 1480 cum
3236 1440 3304 1480 ne
3358 1425 3592 1481 salutari

2010 1517 2230 1588 quidem
2271 1532 2299 1571 a
2327 1518 2490 1574 nobis
2526 1518 2784 1588 patiatur.
2818 1515 2920 1582 Qui
2935 1518 3104 1580 enim,
3127 1517 3327 1588 inquit,
3359 1533 3452 1571 ave
3480 1516 3594 1570 illis

2012 1610 2244 1676 dixerit,
2295 1610 2650 1664 communicat
2712 1608 2958 1678 operibus
3016 1608 3231 1662 illorum
3282 1606 3529 1677 malignis
3549 1606 3593 1661 '.

2012 1700 2208 1757 Merito
2244 1716 2396 1756 sane.
2444 1701 2624 1771 Neque
2650 1701 2791 1754 enim
2818 1715 2927 1769 pax
2953 1709 3037 1754 est
3082 1699 3281 1769 impiis,
3314 1697 3448 1752 dicit
3492 1695 3598 1751 Do—

2014 1793 2262 1846 minus".
2310 1790 2380 1844 At
2421 1791 2655 1845 istorum
2698 1791 2954 1860 impietas
2997 1790 3332 1860 impietatem
3379 1802 3595 1871 omnem

319 1909 482 1964 τορα,
511 1890 649 1963 ὑπὲρ
673 1889 917 1955 ὃν-ἇλλος
946 1890 1079 1955 Θεὸς
1103 1891 1204 1944 οὐκ
1232 1890 1400 1953 ἔστιν,
1433 1890 1493 1954 ἐξ
1515 1892 1911 1963 ὑστερήματος,

2017 1892 2240 1953 superat
2271 1902 2284 1936 :
2311 1883 2401 1953 qui
2433 1883 2555 1937 coeli
2589 1892 2857 1952 territaque
2886 1881 3296 1945 fabricatorem,
3329 1895 3392 1935 ac
3419 1880 3594 1936 solum

322 1984 426 2037 καὶ
466 1982 628 2036 αὐτοῦ
669 1982 729 2048 ἐξ
756 1980 918 2036 ἄλλου
950 1982 1331 2054 ὑστερήματος
1361 1982 1666 2051 γεγονότος,
1712 1982 1912 2054 προϐε-

304 2072 559 2143 ϐλῆσθαι
581 2072 851 2143 λέγοντες⁸
879 2071 1024 2126 ὥστε
1055 2074 1178 2126 κατ’
1205 2073 1405 2136 αὐτοὺς
1428 2069 1566 2127 εἶναι
1591 2074 1755 2127 αὑτὸν
1783 2092 1913 2146 προ-

316 2160 489 2237 ϐολὴν
515 2165 698 2237 τρίτου
726 2165 1125 2238 ὑστερήματος.
1170 2165 1270 2218 Ἢν
1301 2163 1526 2236 γνώμην
1557 2164 1725 2229 ὅντως
1753 2182 1916 2218 κατα-

321 2258 695 2327 φυσήσαντας,
723 2256 817 2310 καὶ
851 2253 1422 2326 καταθεματίσαντας,
1445 2254 1564 2308 δέον
1590 2255 1780 2327 πόρρω
1810 2273 1911 2308 που

318 2346 549 2419 μακρὰν
598 2349 791 2418 φυγεῖν
836 2347 934 2400 ἀπ’
956 2346 1183 2411 αὐτῶν,
1230 2346 1325 2400 καὶ
1450 2345 1612 2398 πλέον
1645 2344 1913 2417 διισχυρί-

319 2436 532 2501 ξονται.
562 2440 656 2493 καὶ
689 2438 975 2510 χαίρουσιν
1006 2439 1099 2492 ἐπὶ
1131 2440 1241 2502 τοῖς
1269 2439 1684 2510 παρευρέμασιν
1712 2436 1911 2502 αὐτῶν,

316 2529 497 2603 ταύτῃ
527 2531 726 2602 μᾶλλον
759 2531 960 2585 εἰδέναι
990 2530 1156 2584 πλέον
1188 2530 1388 2594 αὐτοὺς
1424 2529 1769 2602 ἐνεργεῖσθαι
1809 2530 1916 2584 ὑπὸ

315 2616 427 2691 ⁴τῆς
458 2622 707 2689 ὀγδοάδος
739 2623 846 2676 τῶν
892 2622 1145 2694 πονηρῶν
1186 2623 1536 2693 πνευμάτων·
1574 2621 1828 2694 καθάπερ
1865 2624 1914 2676 οἱ

264 2782 268 2785 _
319 2708 407 2775 εἰς
439 2713 714 2784 φρενίτιδα
745 2714 988 2769 διάθεσιν
1022 2713 1377 2784 ἐμπεσόντες,
1416 2706 1448 2784 ᾖ
1492 2712 1654 2766 πλέον
1692 2712 1913 2780 γελῶσι,

320 2806 423 2858 καὶ
446 2805 649 2875 ἰσχύειν
672 2806 942 2869 δοκοῦσιν,
967 2807 1063 2861 καὶ
1085 2806 1160 2870 ὡς
1186 2805 1524 2874 ὑγιαίνοντες
1547 2804 1724 2858 πάντα
1750 2804 1917 2875 πράτ-

312 2913 502 2963 σουσι,
541 2896 658 2951 ἔνια
690 2898 747 2951 δὲ
785 2899 881 2952 καὶ
904 2898 1054 2971 ὑπὲρ
1086 2897 1149 2951 τὸ
1181 2898 1470 2966 ὑγιαίνειν,
1509 2895 1684 2969 ταύτῃ
1716 2895 1916 2968 μᾶλλον

321 2988 514 3053 κακῶς
535 2988 769 3060 ἔχουσιν.
810 2990 1044 3060 Ὁμοίως
1064 2989 1121 3043 δὲ
1144 2990 1239 3043 καὶ
1270 2980 1440 3047 οὗτοι,
1524 2987 1723 3059 μᾶλλον
1748 2989 1918 3059 ὑπερ-

319 3079 544 3146 φρονεῖν
578 3077 815 3144 δοκοῦσι,
867 3078 960 3133 καὶ
1003 3078 1410 3150 ὲκνευρίζουσιν
1450 3076 1701 3145 ἑαυτοὺς,
1745 3080 1916 3151 ὑπέρ-

318 3182 455 3220 τονα
504 3168 846 3236 τοξεύοντες,
909 3169 1082 3242 ταύτῃ
1141 3169 1343 3242 μᾶλλον
1398 3172 1460 3225 οὐ
1522 3170 1912 3244 σωφρονοῦσιν.

328 3254 582 3324 Ἔξελθὸν
630 3260 739 3332 γὰρ
783 3262 844 3314 τὸ
887 3261 1201 3334 ἀκάθαρτον
1247 3263 1466 3335 πνεῦμα
1517 3264 1619 3335 τῆς
1668 3264 1912 3333 ἀγνοίας,
1943 3296 1987 3357 C

319 3352 517 3408 ἔπειτα
547 3356 907 3428 σχολάζοντας
948 3359 1150 3422 αὐτοὺς
1182 3358 1243 3412 ού
1276 3359 1416 3429 Θεῷ,
1463 3360 1599 3415 ἀλλά
1623 3365 1916 3432 κοσμικαῖς

318 3445 616 3516 ζητήσεσιν
662 3448 844 3519 εὐρὺν,
896 3449 1361 3521 προσπαραλαϐὸν
1413 3451 1576 3522 ἕτερα
1629 3451 1916 3521 πνεύματα

317 3537 466 3592 ὲπτά
497 3541 839 3613 πονηρότερα
873 3541 1094 3605 ἑαυτοῦ,
1143 3542 1237 3596 καὶ
1274 3543 1562 3614 χαυνῶσαν
1599 3544 1780 3597 αὐτῶν
1817 3542 1915 3614 τὴν

316 3630 571 3701 γνώμην,
600 3632 676 3697 ὡς
702 3632 1018 3704 δυναμένων
1039 3633 1107 3687 τά
1137 3634 1279 3707 ὑπὲρ
1299 3634 1391 3687 τὸν
1417 3634 1550 3688 Θεὸν
1575 3637 1796 3700 ἐννοεῖν,
1822 3636 1917 3689 καὶ

318 3722 632 3794 ἐπιτήδειον
677 3726 759 3789 είς
801 3725 1277 3797 ὑπερέκκρουσιν⁹
1326 3727 1771 3791 κατασκευάσαν,
1816 3728 1914 3797 τὴν

316 3811 551 3881 ὀγδοάδα
595 3814 698 3883 τῆς
741 3815 928 3879 ἀνοίας
951 3819 972 3850 ³
998 3815 1107 3869 τῶν
1162 3815 1417 3887 πονηρῶν
1467 3818 1794 3887 πνευμάτων
1836 3819 1916 3879 εἰς

311 3903 524 3969 αὐτοὺς
554 3907 885 3978 ἐνεοήκωσε.

376 4186 806 4258 ῗ1Δ’.-Βούλομαι
839 4188 896 4241 δέ
954 4205 1039 4242 σοι
1105 4188 1201 4242 καὶ
1242 4189 1326 4252 ῖὼς
1386 4188 1553 4261 αὐτὴν
1605 4187 1706 4258 τὴν
1737 4188 1915 4242 κτίσιν

314 4279 447 4333 κατ’
476 4280 660 4332 εἰκόνα
708 4278 817 4333 τῶν
867 4281 1114 4351 ἀοράτων
1153 4280 1259 4333 ὑπὸ
1286 4277 1382 4333 τοῦ
1420 4279 1762 4352 Δημιουργοῦ
1788 4318 1804 4342 ,
1839 4279 1915 4343 ὡς

322 4366 648 4436 ἀγνοοῦντος
686 4369 885 4434 αὐτοῦ,
929 4369 1368 4424 κατεσκευάσθαι
1414 4370 1501 4424 διά
1545 4370 1645 4441 τῆς
1694 4370 1914 4441 Μητρὸς

316 4460 574 4528 λέγουσι,
642 4460 1022 4531 διηγήσασθαι.
1085 4460 1307 4533 Πρῶτον
1371 4462 1470 4532 μὲν
1531 4460 1599 4515 τὰ
1674 4460 1914 4531 τέσσαρα

327 4552 572 4622 στοιχεῖά
623 4569 775 4622 φασι,
820 4551 950 4623 πῦρ,
998 4552 1161 4625 ὔδωρ,
1202 4554 1327 4624 γῆν,
1364 4554 1521 4624 ἀέρα,
1554 4552 1737 4607 εἰκόνα
1779 4568 1913 4624 προ-

2016 1977 2441 2046 omnipotentem
2482 1973 2672 2039 Deum,
2715 1988 2881 2044 supra
2916 1989 3079 2044 quem
3114 1974 3299 2029 nullus
3331 1973 3475 2027 alius
3512 1977 3597 2026 est

2016 2066 2182 2130 Deus,
2223 2083 2289 2122 ex
2331 2064 2569 2133 defectu,
2615 2065 2706 2136 qui
2748 2072 2803 2120 et
2843 2066 2957 2133 ipse
2985 2080 3051 2120 ex
3088 2064 3197 2119 alio
3226 2064 3297 2119 sit
3322 2071 3480 2118 ortus
3504 2062 3601 2117 de-

2017 2157 2192 2220 fectu,
2239 2157 2544 2212 derivatum
2600 2157 2946 2220 existimant,
2995 2163 3056 2209 ut
3103 2171 3171 2210 ex
3220 2154 3438 2209 illorum
3482 2155 3600 2223 opi-

2017 2250 2182 2304 nione
2213 2249 2378 2303 tertio
2401 2249 2638 2319 quodam
2668 2264 2734 2304 ex
2765 2247 2979 2302 defectu
3013 2246 3295 2317 prodierit.
3329 2244 3446 2312 Qua
3477 2244 3601 2314 qui-

2015 2338 2137 2394 dem
2166 2338 2392 2408 explosa
2425 2338 2790 2407 damnataque
2823 2338 3095 2393 sententia
3115 2373 3131 2399 ,
3168 2336 3357 2406 procul
3393 2333 3461 2388 ab
3492 2333 3600 2388 illis

2017 2432 2334 2502 fugiendum
2366 2437 2451 2485 est
2484 2449 2497 2484 :
2531 2444 2595 2483 ac
2635 2436 2843 2499 quanto
2882 2436 3010 2484 sunt
3043 2428 3098 2482 in
3139 2442 3326 2482 errore
3360 2425 3602 2496 pertina-

2016 2522 2215 2585 ciores,
2250 2520 2600 2589 inventisque
2624 2519 2883 2589 pessimis
2914 2519 3217 2589 impensius
3239 2519 3597 2582 delectantur,

2016 2619 2169 2665 tanto
2199 2627 2294 2667 eos
2327 2611 2501 2680 magis
2535 2610 2834 2680 putandum
2867 2618 2951 2665 est
2980 2611 3048 2663 ab
3079 2610 3600 2665 scelestissimorum

2015 2702 2323 2757 daemonum
2362 2699 2623 2773 Ogdoade
2645 2700 2933 2754 concitari.
2968 2698 3054 2754 Uti
3089 2699 3423 2768 phreneticis
3451 2698 3602 2752 acci-

2016 2793 2117 2855 dit,
2143 2793 2235 2864 qui
2264 2808 2373 2863 quo
2398 2792 2635 2862 amplius
2665 2790 2865 2856 rident,
2903 2806 2966 2845 ac
3000 2799 3189 2862 vegeto
3216 2807 3338 2847 esse
3374 2800 3605 2858 corpore

2015 2883 2292 2949 videntur,
2335 2882 2630 2951 omniaque
2663 2897 2763 2937 ceu
2800 2882 3044 2937 valentes
3080 2897 3147 2935 ac
3184 2882 3327 2947 sani,
3363 2896 3434 2935 ac
3468 2894 3605 2935 non-

2016 2976 2164 3031 nulla
2194 2975 2357 3030 etiam
2393 2974 2701 3045 aliquanto,
2733 2989 2897 3044 quam
2931 2974 2978 3029 si
3043 2977 3161 3029 sani
3196 2966 3403 3035 essent.
3442 2973 3606 3029 robu-

2017 3068 2157 3123 stius
2196 3075 2416 3137 gerunt,
2459 3080 2524 3121 eo
2541 3080 2664 3121 sese
2692 3067 2935 3123 deterius
2969 3066 3191 3121 habent.
3224 3066 3485 3121 Similiter
3513 3067 3605 3123 isti

2017 3176 2127 3230 quo
2156 3160 2534 3215 vehementius
2558 3174 2757 3230 sapere
2784 3160 3056 3221 videntur,
3082 3175 3252 3230 seque
3278 3160 3425 3229 ipsos
3455 3176 3606 3217 ener-

2019 3260 2168 3315 vant,
2203 3251 2333 3306 dum
2365 3252 2575 3306 intento
2606 3252 2751 3307 velut
2792 3251 2969 3307 acrius
3010 3266 3142 3305 arcu
3173 3252 3413 3320 sagittas
3446 3252 3607 3305 cmit-

2020 3351 2159 3407 tunt,
2194 3358 2258 3399 eo
2291 3346 2499 3412 majore
2536 3343 2759 3398 vesania
2800 3349 3077 3397 tenentur.
3119 3342 3372 3413 Imputus
3406 3344 3608 3412 quippe

2017 3435 2341 3505 ignorantiae
2371 3435 2600 3504 spiritus
2620 3435 2949 3505 egrediens,
2981 3449 3186 3503 eosque
3213 3448 3319 3486 non
3353 3431 3481 3499 Deo,
3510 3432 3606 3488 sed

2017 3527 2263 3596 profanis
2310 3527 2707 3596 quaestionibus
2752 3524 3062 3597 implicatos
3129 3526 3411 3596 reperiens
3445 3566 3459 3590 ,
3512 3526 3608 3580 ad-

2015 3608 2206 3673 hibitis
2247 3626 2453 3687 septem
2482 3618 2605 3673 aliis
2625 3618 2806 3687 seipse
2839 3616 3200 3686 nequior-ibus
3220 3617 3261 3681 ",
3303 3615 3608 3686 inﬂatisque

2015 3720 2157 3760 vana
2205 3707 2565 3776 persuasione
2607 3706 2823 3760 illorum
2869 3706 3090 3769 animis,
3123 3703 3281 3775 quasi
3322 3706 3403 3759 vel
3443 3720 3609 3775 Supra

2021 3794 2188 3850 Deum
2232 3797 2412 3868 ipsum
2465 3797 2713 3853 attollere
2763 3812 2822 3851 se
2858 3798 3178 3866 cegnitione
3223 3797 3464 3866 possint;
3519 3796 3608 3851 ubi

2019 3886 2247 3943 idoneos
2285 3896 2739 3959 Opportunosque
2778 3888 3067 3944 fraudibus
3117 3889 3234 3944 suis
3289 3888 3607 3958 rtddiderit,

2018 3979 2310 4050 quamdam
2342 3980 2663 4036 stoliditatis
2691 3980 3063 4051 improborum
3087 3980 3374 4049 spirituum
3393 3978 3611 4052 Ogdoa-

2017 4070 2140 4125 dem
2177 4071 2230 4125 in
2269 4071 2391 4126 illos
2428 4070 2693 4125 immittit.

2087 4185 2227 4241 XIV.
2270 4188 2382 4257 Age
2412 4203 2538 4243 vero
2576 4187 2704 4242 illud
2745 4189 2971 4254 insuper
3008 4202 3372 4257 exponamus,
3415 4200 3611 4256 quem-

2016 4277 2305 4333 admodum
2334 4289 2546 4332 creatas
2579 4293 2664 4332 res
2693 4292 2883 4332 onmcs
2924 4277 2990 4332 ad
3031 4290 3244 4339 eorum,
3278 4291 3401 4345 qum
3434 4275 3608 4329 videri

2017 4377 2318 4438 nequeunt,
2355 4368 2766 4423 similitudinem
2806 4384 2834 4420 a
2874 4368 3161 4421 conditore
3193 4368 3273 4423 sic
3308 4366 3608 4436 productas

2016 4468 2289 4523 asset-ant,
2339 4468 2399 4515 ut
2448 4476 2513 4514 co
2561 4459 2692 4530 quid
2741 4466 2925 4526 ageret
2973 4459 3274 4537 nesciente,
3335 4455 3608 4510 beneﬁcio

2018 4550 2207 4606 Matris
2238 4551 2569 4607 exstiterint.
2614 4550 3187 4620 Principioelementa
3222 4549 3309 4603 illa
3349 4555 3608 4617 quatuor,

324 4644 622 4716 ϐεϐλῆσθαι
655 4645 752 4716 τῆς
785 4645 898 4699 ἅνω
936 4645 1159 4717 πρώτης
1204 4646 1492 4716 Τετράδος.
1524 4646 1635 4709 Τάς
1654 4663 1725 4699 ’τε
1764 4647 1912 4716 ἐνερ-

2020 4645 2222 4716 ignem,
2249 4659 2475 4713 aquam,
2517 4653 2742 4706 terram,
2784 4658 2988 4706 aerem,
3015 4641 3089 4696 ad
3129 4657 3356 4695 summze
3389 4638 3610 4710 prima:-

324 4737 483 4807 γείας
521 4734 699 4790 αὐτῶν
755 4735 1293 4808 συναριθμουμένας,
1334 4729 1444 4789 οἷον
1484 4734 1685 4806 θερμόν
1720 4752 1780 4787 τε
1820 4735 1915 4788 καὶ

324 4829 555 4900 ψυχρὸν,
592 4827 754 4900 ξηρόν
800 4846 859 4881 τε
913 4829 1007 4881 καὶ
1044 4826 1227 4899 ὑγρὸν,
1276 4826 1521 4899 ἀκριϐῶς
1568 4825 1914 4893 ἐξεικονίζειν

324 4921 429 4991 τὴν
482 4920 758 4989 Ὀγδοάδα.
813 4918 970 4990 Ἑξῆς
1011 4919 1142 4972 δέκα
1185 4918 1445 4990 δυνάμεις
1495 4916 1638 4971 οὕτω
1686 4933 1904 4988 καταρισ

327 5010 577 5083 θμοῦσιν,
617 5011 756 5065 ἑπτὰ
788 5013 886 5081 μὲν
926 5009 1213 5081 σωματικά
1237 5010 1258 5040 ³
1284 5009 1594 5079 κυκλοειδῆ,
1637 5008 1674 5064 ἃ.
1710 5009 1804 5063 καὶ
1829 5008 1919 5060 ού-

330 5107 526 5175 ρανοῦς
556 5104 832 5158 καλοῦσιν’
870 5102 1063 5156 ἔπειτα
1089 5102 1181 5154 τὸν
1217 5102 1563 5173 περιεκτικὸν
1598 5100 1776 5155 αὐτῶν
1815 5099 1916 5154 κύ-

328 5197 480 5263 κλον,
507 5196 566 5251 ὃν
593 5196 688 5250 καὶ
709 5196 893 5265 ὃγδοον
914 5193 1142 5265 οὐρανὸν
1164 5191 1515 5263 ὀνομάζουσι·
1542 5192 1676 5261 πρὸς
1700 5192 1758 5244 δὲ
1782 5191 1910 5244 τού-

323 5306 445 5353 τοις
490 5288 642 5359 ῆλιόν
682 5304 744 5341 τε
791 5288 886 5342 καὶ
930 5285 1179 5357 σελήνην.
1224 5283 1430 5347 Ταῦτα,
1473 5283 1609 5337 δέκα
1647 5281 1778 5337 ὅντα
1819 5281 1913 5336 τὸν

325 5381 585 5455 ἀριθμὸν,
626 5381 842 5443 εἰκόνας
870 5379 1119 5446 λέγουσιν
1148 5372 1290 5430 εῖναι
1322 5376 1424 5447 τῆς
1459 5376 1693 5447 ἀοράτου
1740 5374 1913 5428 Δεκά-

324 5475 418 5538 δος
452 5474 553 5546 τῆς
588 5472 697 5527 ἀπὸ
735 5472 910 5540 Λόγου
945 5471 1040 5524 καὶ
1074 5469 1227 5539 Ζωῆς
1277 5467 1666 5541 προελθούσης
1712 5465 1812 5538 τὴν
1854 5465 1913 5519 δὲ

325 5565 606 5626 δωδεκάδα
646 5565 945 5637 μηνύεσθαι
974 5562 1064 5616 διὰ
1094 5560 1188 5616 τοῦ
1216 5559 1480 5625 ζωδιακοῦ
1513 5558 1607 5613 τοῦ
1636 5557 1909 5629 καλουμέ-

400 5744 576 5828 ξιτψ.
609 5744 995 5828 ὑπέκκρουπν.
1072 5745 1092 5775 ⁸
1117 5740 1261 5798 lren.
1301 5740 1541 5811 ἀγνοίας.
1622 5742 1642 5774 ³
1668 5738 1810 5795 Iren.
1839 5738 2087 5811 σώματα.

328 5817 352 5836 '
379 5816 572 5873 Matth.
608 5831 706 5873 xu.
731 5816 821 5871 ις.

2015 4749 2124 4804 que
2150 4731 2406 4788 Tetradis
2436 4733 2663 4803 cﬂigiem
2710 4749 2833 4788 esse
2854 4738 3015 4787 censt
3041 4740 3152 4785 ιυι.ι
3184 4742 3426 4785 narrant.
3458 4729 3607 4796 Quo-

2016 4840 2139 4878 rum
2176 4825 2240 4878 ad
2283 4825 2553 4894 agendum
2586 4825 2976 4888 elﬁcacitates,
3024 4832 3153 4893 puta
3196 4824 3470 4885 calorem,
3514 4821 3612 4875 fri-

2017 4932 2144 4987 gus,
2191 4916 2516 4979 siccitatem,
2563 4926 2617 4970 et
2674 4915 2982 4980 humorem,
3038 4924 3286 4970 exactam
3336 4913 3612 4982 Ognloadis

2018 5002 2314 5080 imaginem
2362 5008 2586 5063 referre.
2627 5007 2764 5063 Tum
2807 5010 2993 5063 decem
3035 5008 3139 5062 hoc
3178 5007 3340 5062 modo
3381 5008 3611 5064 virtutes

2023 5107 2371 5157 enumerant.
2402 5100 2645 5154 Primum
2677 5116 2723 5154 St
2740 5108 2883 5169 ptem
2915 5100 3210 5168 cbrpnreos
3231 5101 3412 5158 orbes,
3446 5098 3612 5171 249

2019 5206 2159 5262 quos
2197 5191 2372 5245 cmlos
2410 5189 2708 5259 appellant.
2751 5188 2959 5245 Deinde
2999 5187 3261 5256 majorem
3296 5188 3448 5242 illum
3481 5189 3609 5243 reli-

2019 5297 2161 5353 quos
2191 5281 2546 5346 ambientem,
2577 5280 2722 5349 quod
2762 5288 3012 5335 octavum
3056 5281 3255 5333 cmlum
3297 5279 3610 5335 nominant.

2020 5374 2287 5428 Praeterea
2320 5374 2495 5427 solem
2524 5381 2576 5426 et
2609 5372 2813 5425 lunam.
2847 5371 2979 5436 Quae
3005 5371 3187 5425 omnia
3215 5370 3444 5424 denario
3469 5386 3613 5426 contv

2017 5465 2290 5537 prehensa
2319 5478 2549 5519 numero
2579 5462 2810 5517 Decadis
2843 5461 3010 5525 illius,
3041 5475 3162 5531 quae
3188 5476 3219 5515 a
3251 5458 3434 5516 Verbo
3459 5459 3614 5514 Vita-

2016 5572 2125 5628 que
2163 5571 2266 5612 nec
2304 5554 2659 5626 aspectabilis
2690 5550 2969 5624 proﬂuxit,
3013 5551 3242 5621 ﬁguram
3283 5567 3407 5606 esse
3447 5550 3614 5606 dicti-

2189 5740 2212 5772 ⁸
2250 5739 2357 5796 Tit.
2389 5753 2479 5804 ιη,
2516 5739 2598 5794 io.
2676 5738 2699 5771 ⁸
2735 5736 2776 5791 ll
2806 5734 2964 5792 Joan.
3007 5736 3091 5791 il.
3167 5736 3192 5765 ⁶
3218 5735 3321 5787 isa.
3360 5747 3491 5797 ινιι,
3517 5735 3607 5793 2L
