3934 6416
281 337 411 404 W5

930 342 1258 406 'ADVERSII
1268 351 1305 404 S
1345 346 1686 406 [LEBESES
1720 349 1864 407 ‘LIB.

2010 353 2154 409 i011.
2197 354 2285 409 ιιι.
2327 386 2395 394 -
2430 354 2705 413 IHZRES.
2749 355 2990 411 XXXIV.

3499 360 3608 417 ῦίὰ

294 462 492 533 ιφασὶν,
516 461 817 532 ἀρχόμενος
860 463 957 533 τῆς
991 463 1131 516 κατὰ
1166 463 1263 535 τὴν
1306 464 1483 517 κτίσιν
1520 466 1901 537 πραγματείας

2010 470 2322 524 testimonia
2366 472 2566 536 solent,
2596 470 3081 527 commemoranda
3117 472 3379 544 primum,
3404 476 3606 534 deinde

306 552 468 616 εὐθὺς
499 554 559 606 ὲν
591 555 734 626 ἀρχῇ
763 554 860 626 τὴν
895 555 1125 627 Μητέρα
1163 555 1271 608 τῶν
1314 555 1449 609 ὅλων
1489 556 1783 623 ἐπέδειξεν,
1830 560 1905 612 εἰ-

306 643 459 698 πώνε
511 645 617 698 Ἐν
643 643 802 714 ἀρχῇ
830 645 1125 713 ἐποίησεν
1146 650 1178 700 ό
1205 647 1354 714 Θεὸς
1376 648 1483 702 τὸν
1512 647 1777 717 ο-ἱιρανὸν
1807 650 1909 715 κα),

304 731 423 800 τὴν
452 732 589 802 γῆν.
647 733 898 806 Τέσσαρα
941 729 1032 788 οὖν
1076 734 1249 788 ταῦτα
1285 737 1580 807 ὀνομάσας,
1627 737 1782 800 Θεὸν,
1811 737 1905 790 καὶ

305 822 503 894 ἀρχὴν.
543 823 791 895 οὐρανὸν,
829 825 924 879 καὶ
964 826 1088 897 γῆν,
1116 826 1215 898 τὴν
1234 826 1556 899 Τετρακτὺν
1588 827 1788 892 αὐτῶν,
1829 827 1905 890 ὡς

304 916 462 969 αὐτοὶ
481 916 718 984 λέγουσι,
760 916 1086 971 διετύπωσε.
1128 919 1238 973 Καὶ
1275 918 1367 973 τὸν
1402 920 1636 992 ἀόρατον
1671 920 1684 950 ¹
1725 918 1781 972 δὲ
1811 918 1906 972 καὶ

303 1008 400 1061 τὸν
429 1009 744 1080 ἀπόκρυφον
774 1008 947 1080 αὐτῆς
980 1008 1257 1081 μηνύοντα
1277 1012 1453 1065 εἰπεῖν
1473 1028 1484 1041 ·
1528 1012 1590 1067 Ἠ
1624 1011 1692 1064 δὲ
1722 1010 1795 1081 γῆ
1827 1005 1907 1081 ἦν·

303 1100 561 1168 ἀόρατος
585 1100 683 1153 καὶ
742 1101 1303 1168 ἀκατασκεύαστος.
1365 1101 1475 1173 Τὴν
1522 1101 1781 1172 δευτέραν
1804 1102 1904 1155 Τε-

303 1191 500 1263 τράδα,
549 1191 797 1262 γέννημα
833 1191 1059 1264 πρώτης
1111 1193 1402 1264 Τετράδος,
1442 1192 1614 1258 οὕτως
1644 1194 1808 1248 αὐτὸν
1836 1197 1907 1248 εί-

309 1284 536 1354 ρηκέναι
582 1283 849 1349 θέλουσιν,
882 1284 1151 1337 Ἀϐυσσον
1183 1284 1519 1355 ὀνομάζοντα
1559 1286 1654 1339 καὶ
1708 1287 1906 1349 Σκότος

302 1378 364 1427 ὲν
396 1375 580 1443 σφίσιν
617 1376 637 1405 ⁸
673 1376 855 1439 αὐτοῖς
902 1376 996 1430 καὶ
1034 1376 1238 1447 ”Υδωρ,
1281 1379 1373 1430 καὶ
1415 1378 1475 1431 τὸ
1509 1379 1907 1451 ἐπιφερόμενον

280 1468 383 1539 ’τῷ
414 1468 565 1523 ὕδατι
593 1469 837 1540 Πνεῦμα·
867 1473 985 1540 μεθ’
1015 1472 1081 1542 ἥν
1117 1470 1213 1541 τῆς
1246 1471 1467 1537 δεκάδος
1501 1472 1907 1545 μνημονεύοντα

303 1560 423 1628 φῶς
482 1561 662 1629 λέγειν
715 1562 807 1614 καὶ
842 1562 1058 1634 ἡμέραν
1103 1564 1196 1617 καὶ¹
1247 1563 1440 1629 νύκτα,
1512 1565 1802 1636 στερέωμά
1848 1582 1908 1621 τε

302 1654 402 1706 καὶ
453 1655 713 1726 ἑσπέραν,
752 1656 847 1708 καὶ
895 1655 924 1708 ὃ
965 1655 1213 1709 καλεῖται
1256 1656 1436 1728 πρωῒ,
1491 1654 1662 1728 ξηράν
1701 1676 1759 1711 τε
1813 1662 1908 1713 καὶ

276 1746 617 1812 θάλασσαν,
675 1746 755 1801 ἔτι
799 1764 858 1800 τε
901 1746 1168 1817 βοτάνην,
1215 1749 1309 1801 καὶ
1359 1747 1570 1820 δεκάτῳ
1620 1749 1772 1820 τόπῳ
1816 1750 1906 1816 ξύ-

2008 558 2306 613 ι·‹.ί”οιιοιι(1;ι
2335 569 2484 615 sunt.
2527 559 2742 631 Moyses
2769 561 2937 624 enim,
2967 560 3224 631 inquiunt
3252 562 3306 616 in
3339 561 3462 632 ipso
3492 573 3604 619 sta-

2008 650 2102 701 tim
2133 650 2314 719 operis
2348 650 2519 714 aditu,
2550 667 2659 723 quo
2691 652 2759 707 de
2790 667 2976 707 rerum
3020 653 3302 708 creatione
3332 653 3602 725 disputat,
3697 650 3701 655 ’

2007 743 2251 795 omnium
2291 742 2517 798 Matrem
2551 752 2969 809 commemorat,
3001 744 3297 800 his-verbis
3323 744 3421 803 :In
3456 749 3604 817 prin-

2007 832 2143 899 cipio
2183 835 2379 887 creavit
2411 834 2549 887 Deus
2576 833 2766 888 corium
2799 844 2847 889 et
2883 835 3152 888 terram".
3184 834 3287 891 Ubi
3317 850 3440 889 cum
3467 849 3606 905 qua-

2011 938 2136 978 tuor
2174 926 2275 980 ista
2319 927 2638 995 nominarit,
2675 926 2868 991 Deum,
2901 928 3262 999 principium,
3295 928 3498 983 caelum
3537 943 3602 981 ac

2011 1026 2235 1081 terram,
2274 1036 2428 1073 snam
2462 1030 2717 1073 asserunt
2769 1022 3222 1091 comprehensam
3244 1036 3377 1076 esse
3417 1019 3605 1075 Tetra-

2009 1108 2152 1163 dem.
2186 1109 2342 1176 Quod
2377 1121 2555 1164 autem
2604 1111 2817 1164 occulta
2847 1111 3036 1166 eadem
3080 1112 3171 1166 illa
3214 1126 3316 1165 nec
3363 1118 3605 1181 aspecta-

2009 1202 2135 1257 bilis
2164 1203 2256 1267 sit,
2293 1201 2344 1256 id
2377 1202 2735 1271 sequentibus
2774 1203 2954 1258 verbis
2984 1204 3269 1273 attigisse:
3296 1202 3461 1258 Terra
3501 1219 3601 1256 au-
3650 1205 3655 1210 ’

2013 1306 2249 1351 temerat
2283 1296 2564 1350 invisibilis
2592 1305 2638 1350 et
2671 1295 2937 1362 informis.
2978 1294 3287 1351 Secundam
3339 1311 3467 1351 vero
3498 1292 3603 1350 Te-

2011 1389 2242 1453 tradem,
2276 1389 2368 1457 qui
2403 1388 2607 1458 prioris
2651 1396 2734 1441 est
2772 1386 2949 1450 fetus,
3006 1386 3088 1441 sic
3118 1385 3341 1457 Moysen
3382 1402 3600 1456 expres-

2012 1478 2153 1534 sisse
2180 1477 2459 1532 declarant
2512 1493 2639 1531 cum
2668 1477 2952 1545 abyssum,
2976 1484 3031 1532 et
3064 1477 3354 1537 tenebras:
3378 1492 3600 1546 aquam,

2013 1582 2176 1642 atque
2205 1571 2551 1626 incubantem
2576 1571 2735 1641 aquis
2766 1562 3034 1641 spiritum
3055 1568 3387 1623 nominavit:
3413 1578 3603 1639 postea

2014 1665 2244 1720 Deeadis
2264 1679 2485 1735 quoque
2514 1664 2848 1717 mentionem
2891 1662 3091 1716 ibidem
3139 1661 3290 1721 ﬁeri.
3320 1676 3444 1716 cum
3487 1661 3600 1725 lux,

2012 1757 2131 1812 dies
2178 1763 2231 1811 et
2271 1771 2400 1818 nox,
2445 1756 2874 1816 firmamentum,
2911 1768 3162 1823 vespera,
3199 1767 3381 1813 mane,
3422 1750 3599 1815 arida,

276 1840 417 1894 λον.
473 1838 629 1893 Οὕτω
685 1839 742 1894 δὲ
784 1839 875 1894 διὰ
932 1839 1041 1893 τῶν
1095 1840 1225 1894 δέκα
1282 1840 1564 1912 ὀνομάτων
1603 1844 1729 1907 τοὺς
1768 1843 1901 1897 δέκα

2011 1863 2195 1911 mare,
2229 1847 2430 1907 herba,
2469 1862 2531 1899 ac
2576 1844 2790 1899 decimo
2819 1844 3034 1899 tandem
3072 1843 3194 1897 loco
3230 1842 3434 1913 lignum
3476 1857 3603 1911 pro-

302 1931 522 1994 Δίῶνας
563 1932 956 2003 μεμηνυκέναι.
997 1930 1109 2004 Τῆς
1140 1933 1196 1986 δὲ
1223 1933 1539 1998 δυοδεκάδος
1560 1934 1735 1999 οὔτως
1762 1935 1902 1999 eger-

298 2022 551 2078 κονίσθαι
587 2025 719 2096 παρ’
749 2024 900 2095 αὐτῷ
935 2024 1032 2097 τὴν
1074 2025 1325 2096 δύναμιν.
1359 2026 1545 2080 Ἥλιον
1578 2028 1686 2099 γὰρ
1721 2028 1901 2098 λέγειν

297 2119 399 2172 καὶ
441 2117 687 2189 σελήνην,
726 2117 960 2189 ἀστέρας
1015 2136 1071 2172 τε
1109 2118 1201 2171 καὶ
1230 2119 1479 2190 καιροὺς,
1537 2120 1818 2185 ἐνιαυτούς
1840 2137 1901 2174 τε

298 2210 398 2263 καὶ
430 2210 590 2280 κήτη,
635 2208 822 2278 ίχθύας
860 2208 953 2262 καὶ
988 2208 1214 2278 ἑρπετὰ,
1269 2210 1491 2263 πετεινὰ
1549 2211 1641 2262 καὶ
1706 2209 1903 2281 τετρά-

299 2296 462 2359 ποδα,
492 2296 656 2368 θηρία
703 2314 760 2350 τε
808 2298 901 2351 καὶ
948 2296 1195 2369 (πετεινά
1228 2315 1330 2351 που
1367 2301 1480 2363 τοῖς
1505 2299 1546 2368 ⁸)
1582 2299 1903 2354 δυοδέκατον

294 2390 394 2441 τὸν
438 2388 743 2461 ἄνθρωπον.
807 2387 994 2454 υῦτως
1058 2390 1165 2443 ore
1235 2389 1330 2443 τοῦ
1396 2390 1718 2461 Πνεύματος
1802 2394 1903 2464 τὴν

294 2482 592 2551 τριάκοντα
634 2481 654 2513 ⁸
677 2481 765 2535 διὰ
789 2482 1071 2546 Μωῦσέως
1110 2481 1364 2554 εἰρῆσθαι
1398 2483 1761 2539 διδάσκουσιν.
1793 2485 1904 2540 Ἀλ-

276 2573 372 2629 ’λὰ
408 2576 513 2645 μὴν
554 2574 650 2627 καὶ
692 2576 781 2628 τὸν
817 2574 1053 2629 πλαστὸν
1105 2574 1393 2647 ἄνθρωπον
1425 2576 1546 2629 κατ’
1586 2577 1771 2631 εἰκόνα
1803 2579 1903 2652 τῆς

297 2675 418 2729 ἄνω
451 2676 735 2747 δυνάμεως
771 2674 914 2747 ἔχειν
945 2678 1004 2730 ὲν
1047 2676 1198 2748 αὐτῷ
1231 2678 1329 2747 τὴν
1359 2678 1467 2731 ἀπὸ
1494 2678 1593 2749 τῆς
1636 2654 1765 2750 μίᾶς
1798 2701 1905 2755 πη-

282 2769 410 2838 ·γὴν
444 2768 486 2822 ⁸.
532 2767 800 2840 Ἱδρῠσθαι
822 2768 876 2821 δὲ
916 2767 1092 2823 ταῦτα
1128 2770 1185 2822 ὲν
1213 2769 1292 2841 τῷ
1312 2770 1454 2823 κατὰ
1485 2771 1575 2824 τὸν
1602 2773 1903 2843 ἐγκέφαλον

295 2860 487 2930 τόπῳ*
555 2862 647 2929 ἀφ’
703 2856 770 2933 ἦς
819 2862 1087 2934 ἀπορρεῖν
1138 2860 1398 2933 δυνάμεις
1442 2862 1737 2935 τέσσαρας,
1783 2884 1887 2920 κατ

298 2953 490 3005 εἰκόνα
514 2951 611 3023 τῆς
632 2952 746 3006 ἄνω
781 2953 1053 3024 Τετρὰδος
1087 2952 1430 3024 καλουμένας
1452 2972 1463 2983 ·
1497 2955 1597 3026 τὴν
1646 2955 1744 3026 μὲν
1771 2958 1890 3029 ὅρα-

2007 1940 2253 2010 ponitur.
2288 1938 2384 1993 llis
2421 1938 2564 1992 enim
2606 1936 2887 1991 vocabulis
2917 1935 3106 1990 decem
3141 1935 3366 1990 totidem
3393 1932 3600 1990 Aiones

2008 2031 2260 2102 intelligi.
2293 2030 2423 2085 Nam
2452 2029 2757 2087 Dodecadis
2781 2031 2888 2085 vim
2924 2032 3027 2085 hoc
3059 2031 3209 2085 illum
3243 2030 3603 2085 adumbrasse

2011 2123 2173 2179 modo
2225 2126 2489 2180 sentiunt.
2543 2123 2760 2194 Quippe
2798 2124 2968 2178 solem
3018 2134 3071 2178 et
3120 2124 3342 2186 lunam,
3379 2123 3599 2185 sidera,

2013 2225 2388 2287 tempestates,
2422 2232 2618 2280 annos,
2656 2226 2794 2281 cete,
2827 2216 3028 2287 pisces,
3066 2215 3302 2284 reptilia,
3326 2214 3599 2277 volucres,

2011 2308 2416 2379 quadrupedes,
2443 2310 2584 2362 feras
2616 2324 2629 2359 :
2667 2323 2730 2362 ac
2753 2316 3033 2377 postremo
3063 2306 3183 2361 loco
3213 2305 3598 2359 duodecimum

2013 2401 2288 2456 hominem
2323 2402 2716 2472 proposuisse;
2754 2416 2929 2470 eoque
2979 2399 3142 2455 modo
3170 2399 3526 2453 tricenarium
3562 2412 3593 2451 a

2012 2493 2197 2565 Moyse
2227 2501 2716 2549 commemoratum
2748 2492 3088 2547 existimant.
3118 2489 3404 2546 Hominem
3434 2504 3602 2560 porro

2012 2588 2076 2643 ad
2106 2601 2374 2658 suprema:
2420 2586 2649 2641 Virtutis
2691 2585 2969 2655 exemplar
2997 2584 3255 2647 cilicium,
3282 2594 3596 2637 manantem

2012 2681 2083 2735 ab
2110 2698 2220 2736 uno
2253 2678 2402 2734 fonte
2425 2679 2533 2733 vim
2574 2680 2628 2732 in
2659 2694 2781 2732 sese
2810 2677 3115 2732 continere.
3152 2676 3397 2748 Eamque
3426 2676 3482 2730 in
3511 2690 3602 2730 ce-

2007 2772 2170 2849 rebro
2222 2770 2548 2825 collocatam
2586 2784 2743 2832 esse,
2785 2785 2812 2821 a
2863 2784 2971 2839 quo
3024 2769 3311 2824 facultates
3365 2778 3602 2840 quatuor

2010 2865 2270 2937 profectae
2326 2863 2607 2918 cmlestem
2680 2862 2829 2916 illam
2890 2862 3182 2924 Tetradem
3252 2863 3601 2917 adumbrant.

2013 2959 2152 3013 Sunt
2179 2966 2371 3012 autem
2389 2957 2505 3011 lucc
2530 2975 2542 3011 :
2572 2954 2760 3021 Visus,
2784 2955 3027 3023 auditus,
3054 2956 3288 3011 olfactus
3308 2962 3362 3011 et
3383 2964 3598 3027 gustus.

299 3065 411 3112 σιν,
437 3047 533 3118 τὴν
568 3047 623 3101 δὲ
651 3048 839 3117 ἀκοὴν,
893 3048 991 3121 τὴν
1035 3049 1093 3102 δὲ
1130 3048 1328 3121 τρίτην
1359 3051 1651 3123 ὄσφρησιν,
1679 3053 1775 3106 καὶ
1802 3053 1901 3126 τὴν
1939 3056 2206 3125 τετάρτην
2230 3053 2435 3122 γεῦσιν.

381 3139 491 3209 Τὴν
513 3139 570 3192 δὲ
612 3139 872 3207 Ὀγδοόιδα
900 3140 1035 3210 φασὶ
1077 3139 1382 3213 μηνύεσθαι
1417 3141 1505 3195 διὰ
1545 3142 1637 3196 τοῦ
1693 3142 1901 3213 ἀνθρώ-

2082 3144 2395 3214 Ogdoadem
2433 3158 2561 3198 vero
2607 3142 2687 3197 sic
2724 3141 3000 3197 hominem
3052 3138 3260 3195 referre
3303 3145 3597 3194 statuunt:

304 3248 411 3285 που
468 3230 639 3295 οὕτως
663 3248 675 3263 ·
728 3233 897 3298 ἀκοὰς
932 3234 1033 3305 μὲν
1055 3232 1150 3287 δύο
1188 3233 1413 3306 ἔχοντας
1445 3235 1486 3298 ⁸,
1514 3236 1609 3289 καὶ
1632 3236 1902 3300 τοσαύτας

295 3323 546 3395 δράσεις,
597 3323 678 3377 ἔτι
719 3341 779 3378 τε
815 3326 1118 3397 όσφρὴσεις
1152 3325 1268 3392 δύο,
1319 3327 1414 3380 καὶ
1457 3326 1653 3397 διπλῆν
1691 3326 1900 3396 γεῦσιν,

280 3416 505 3488 ’πικροῦ
548 3435 606 3472 τε
670 3417 765 3472 καὶ
811 3418 1085 3489 γλυκέως.
1137 3419 1298 3474 Ὅλον
1369 3419 1426 3473 δὲ
1476 3420 1567 3472 τὸν
1616 3419 1903 3492 ἄνθρωπον

282 3512 487 3564 πᾶσαν
508 3511 608 3583 τὴν
638 3510 821 3565 εἰκόνα
855 3511 954 3582 τῆς
986 3512 1391 3583 Τριακοντάδος
1431 3510 1607 3575 οὕτως
1639 3511 1785 3582 ἔχειν
1821 3514 1899 3567 δι-

292 3600 615 3655 δάσκουσιν.
647 3602 736 3654 Ἐν
770 3602 867 3672 μὲν
891 3605 1022 3666 ταῖς
1052 3603 1212 3674 χερσὶ
1239 3603 1327 3656 διὰ
1353 3601 1464 3655 τῶν
1495 3602 1775 3658 δακτύλων
1802 3604 1903 3675 τὴν

298 3694 514 3748 Δεκάδα
550 3693 872 3764 βαστάζεινε
913 3696 971 3748 ἐν
1001 3696 1107 3765 ὂλῳ
1139 3695 1196 3748 δὲ
1218 3694 1295 3767 τῷ
1320 3694 1533 3767 σώματι
1563 3699 1643 3761 εἰς
1676 3697 1904 3752 δεκαδύο

304 3789 446 3859 μέλη
475 3788 843 3860 διαιρουμὲνῳ
881 3790 979 3861 τὴν
1012 3789 1327 3843 Δωδεκάδα.
1359 3788 1639 3861 Διαιροῦσι
1670 3790 1728 3844 δὲ
1770 3790 1905 3844 αὐτὸ

301 3881 562 3953 καθάπερ
590 3882 652 3935 τὸ
677 3883 775 3952 τῆς
810 3881 1068 3953 ἀληθείας
1095 3882 1350 3954 διῄρηται
1373 3884 1505 3956 παρ’
1531 3886 1717 3949 αὐτοῖς
1748 3884 1901 3957 (τοῖς)

300 3973 525 4043 σώμασι
558 4013 573 4039 ,
632 3975 761 4042 περὶ
793 3975 810 4001 ⁷
880 3969 941 4027 οὗ
1009 3977 1447 4048 προειρήκαμεν.
1512 3977 1624 4048 Τήν
1698 3993 1757 4030 τε
1811 3972 1903 4030 οὖν

284 4058 598 4135 ¹⁹Ογδοάδα,
658 4066 896 4138 ᾶρῥητόν
923 4085 984 4120 τε
1040 4070 1136 4122 καὶ
1177 4069 1413 4141 ἀόρατον
1446 4065 1645 4137 οὖσαν,
1692 4070 1753 4125 ἐν
1791 4073 1903 4133 τοῖς

290 4158 642 4230 σπλάγχνοις
676 4159 1025 4231 κρυῦομὲνην
1054 4160 1314 4215 νοεῖσθαι.

376 4252 495 4318 ις’.
534 4250 726 4304 ’Ἥλιον
780 4251 837 4304 δὲ
891 4251 1054 4306 πάλιν
1098 4251 1191 4305 τὸν
1226 4253 1404 4322 μέγαν
1441 4248 1706 4325 φωστῆρα
1740 4254 1797 4307 ἐν
1834 4256 1901 4325 τῇ

297 4342 544 4415 τετάρτῃ
581 4340 688 4396 τῶν
714 4341 937 4414 ἡμερῶν
969 4341 1256 4412 γεγονέναι
1285 4341 1375 4397 διὰ
1403 4342 1495 4395 τὸν
1517 4342 1619 4412 τῆς
1631 4342 1902 4414 Τετράδος

288 4431 539 4504 ἀριθμὸν
567 4433 858 4503 φάσκουσι.
887 4435 1001 4506 Τῆς
1032 4452 1091 4489 τε
1120 4434 1327 4506 σκηνῆς
1363 4433 1463 4505 τῆς
1486 4435 1592 4490 ὑπὸ
1621 4435 1902 4500 Μωῦσέως

2007 3236 2150 3305 quod
2207 3243 2260 3289 et
2306 3249 2468 3290 aures
2508 3232 2649 3288 duas
2706 3231 2940 3290 habeat.
2998 3230 3300 3301 oculosque
3328 3230 3598 3295 totidem,

2006 3342 2169 3383 nares
2214 3327 2341 3381 item
2377 3326 2445 3379 ad
2476 3325 2848 3379 oll‘aeiendum
2884 3322 3044 3388 duas,
3086 3338 3149 3378 ac
3186 3323 3465 3392 duplicem
3499 3338 3602 3393 gu~

2008 3428 2176 3479 stum.
2201 3417 2375 3472 amari
2406 3417 2663 3473 videlicet
2692 3431 2757 3472 ac
2787 3415 2966 3471 dulcis
2986 3459 2999 3482 ,
3049 3431 3177 3471 nam
3226 3414 3387 3485 251
3422 3422 3597 3470 totum

2006 3512 2185 3581 ipsum
2212 3509 2490 3565 hominem
2515 3510 2830 3565 universam
2849 3507 3154 3565 Tricenarii
3181 3508 3598 3563 similitudinem

2009 3599 2157 3654 hunc
2202 3598 2258 3653 in
2291 3597 2515 3654 modum
2548 3600 2875 3670 exprimere.
2916 3597 3161 3653 Primum
3192 3599 3248 3653 iu
3278 3598 3464 3669 digitis
3500 3596 3600 3655 De-

2007 3690 2200 3746 cadem
2243 3689 2625 3746 circumferre.
2668 3688 2808 3744 Tum
2849 3690 2905 3744 in
2935 3706 3169 3762 corpore
3201 3698 3317 3746 toto
3351 3689 3599 3747 Dodeea-

2007 3780 2154 3844 dem,
2192 3781 2338 3853 quod
2394 3797 2470 3835 xu
2516 3783 2571 3836 in
2618 3784 2864 3839 membra
2894 3784 3179 3839 dividitur.
3212 3780 3290 3836 Ita
3320 3783 3467 3837 enim
3498 3782 3603 3838 hoc

2006 3873 2392 3941 distribuunt,
2440 3882 2500 3930 ut
2549 3883 2605 3929 et
2646 3875 2906 3931 Veritatis
2939 3890 3164 3947 corpus,
3199 3874 3268 3931 de
3300 3891 3409 3946 quo
3441 3885 3599 3930 antea

2006 3965 2272 4024 diximus.
2320 3967 2636 4040 Ogdoadem
2689 3968 2959 4039 denique,
3014 3985 3135 4040 qua:
3185 3985 3289 4024 nec
3336 3970 3600 4039 explicari

2007 4075 2297 4124 sermone,
2345 4076 2448 4116 nec
2484 4062 2661 4117 oculis
2692 4069 2873 4132 potest
2920 4063 3127 4133 percipi
3152 4103 3166 4129 ,
3200 4061 3257 4115 in
3288 4062 3598 4118 visceribus

2011 4148 2275 4204 latentem
2317 4148 2570 4220 intelligi.

2080 4238 2222 4295 XVI.
2250 4240 2453 4296 Praeter
2481 4241 2597 4296 ha‘c
2624 4240 2818 4307 solem,
2848 4241 3119 4298 luminare
3151 4241 3286 4298 illud
3316 4260 3597 4315 magnum,

2008 4330 2077 4388 ad
2112 4331 2470 4387 indicandum
2508 4332 2762 4389 Tetradis
2799 4348 3091 4389 numerum
3125 4344 3323 4406 quarto
3347 4336 3443 4392 die
3470 4353 3601 4408 pro-

2008 4433 2255 4480 creatum
2307 4433 2521 4494 putant.
2559 4424 2715 4491 Quod
2764 4428 2944 4497 ipsum
2993 4426 3218 4482 Mosaici
3252 4430 3597 4485 tabernaculi

300 4525 846 4597 κατασκευασθείσης
875 4528 931 4581 αἱ
955 4527 1137 4592 αὐλαὶ,
1160 4529 1222 4580 ὲκ
1239 4526 1467 4599 βύσσου,
1494 4528 1589 4583 καὶ
1616 4527 1895 4595 ὑακίνθου,

2010 4520 2179 4574 aulaea
2203 4527 2654 4590 reprzesentaSse,
2688 4536 2755 4575 ex
2780 4521 2967 4590 bysso,
2997 4520 3319 4592 hyacintho,
3353 4538 3598 4595 purpura

302 4616 403 4670 καὶ
442 4614 752 4688 πορφύρας,
810 4617 904 4670 καὶ
948 4617 1205 4671 κοκκίνου
1257 4621 1561 4687 γεγονυῖαι,
1596 4619 1696 4690 τὴν
1728 4619 1899 4690 αὐτὴν

300 4706 436 4777 παρ’
469 4707 650 4770 αὐτοῖς
676 4706 961 4775 ἐπέδειξαν
984 4707 1189 4763 εἰκόνα.
1216 4708 1319 4762 Τόν
1350 4725 1409 4762 τε
1444 4706 1542 4762 τοῦ
1583 4709 1774 4782 ἱερέως
1805 4726 1904 4763 πο-

297 4800 468 4870 δήρη,
512 4799 775 4873 τέσσαρσι
816 4799 1104 4871 στοιχείοις
1144 4800 1166 4831 ⁸
1207 4799 1368 4854 λίθων
1398 4799 1709 4855 πολυτελῶν
1738 4817 1901 4854 κεκο-

300 4890 609 4962 σμημένον,
651 4890 749 4963 τὴν
795 4891 1043 4963 Τετράδα
1086 4891 1373 4962 σημαίνειν
1409 4890 1774 4963 διορίζονται·
1805 4891 1899 4945 καὶ

298 4983 360 5037 εἴ
392 4999 515 5038 τινα
558 4984 787 5038 τοιαῦτα
829 4986 1006 5037 κεῖται
1033 4984 1091 5037 ὲν
1113 4987 1233 5048 ταῖς
1263 4984 1530 5057 Γραφαῖς,
1558 4987 1639 5048 εἰς
1670 4982 1762 5037 τὸν
1787 4982 1898 5036 τῶν

296 5075 588 5149 τεσσάρων
641 5075 916 5148 δυνάμενα
969 5074 1200 5147 ἄγεσθαι
1258 5076 1493 5148 ἀριθμὸν
1530 5076 1619 5131 διὰ
1653 5077 1751 5148 τὴν
1790 5076 1896 5128 Τε-

296 5168 545 5237 τρακτὺν
585 5166 766 5221 αὐτῶν
818 5184 952 5237 φασι
1006 5166 1312 5236 γεγονέναι.
1359 5167 1472 5239 Τὴν
1516 5167 1575 5221 δὲ
1634 5166 1895 5237 Ὀγδοάδα

297 5258 468 5311 πάλιν
494 5256 803 5311 δείκνυσθαι
851 5258 1045 5323 οὕτως’
1100 5260 1190 5313 Ἐν
1223 5261 1289 5330 τῇ
1331 5259 1493 5332 ὀγδόῃ
1525 5258 1635 5312 τῶν
1668 5257 1896 5330 ἡμερῶν

299 5350 617 5405 πεπλάσθαι
645 5351 967 5421 λέγουσιτὸν
990 5352 1300 5425 ἄνθρωπον.
1328 5352 1467 5406 Ποτὲ
1488 5353 1586 5425 μὲν
1608 5352 1718 5424 γὰρ
1734 5350 1899 5405 αὐτὸν

291 5445 370 5515 τῇ
402 5443 538 5516 ἕκτῃ
579 5443 857 5515 βούλονται
916 5446 1222 5515 γεγονέναι,
1269 5448 1398 5500 ποτὲ
1444 5447 1501 5501 δὲ
1538 5449 1605 5519 τῇ
1643 5445 1898 5518 όγδόῃ,ει

299 5535 383 5607 μὴ
418 5536 510 5590 τὸν
542 5538 642 5609 μὲν
668 5539 922 5609 χοῖκὸνὲν
949 5540 1014 5610 τῇ
1039 5538 1174 5610 ἕκτῃ
1205 5539 1315 5593 τῶν
1340 5537 1567 5610 ἡμερῶν
1588 5535 1776 5610 ἐροῦσι
1798 5553 1898 5589 πε-

2008 4626 2290 4683 coccoque
2330 4620 2597 4667 contexta
2618 4613 2685 4667 ¹⁰.
2704 4608 3012 4683 Itidemque
3036 4615 3345 4671 sacerdotis
3368 4617 3598 4672 talarem

2011 4701 2253 4756 tunicam
2282 4709 2524 4773 quatuor
2548 4701 2859 4772 lapillorum
2874 4704 3162 4761 ordinibus
3187 4706 3506 4762 distinctam
3534 4710 3597 4762 ".

2008 4794 2088 4849 Ac
2122 4795 2169 4850 si
2205 4809 2314 4865 qua
2342 4803 2474 4851 sunt
2494 4794 2917 4866 eiusdemmodi,
2956 4814 3079 4869 quae
3119 4799 3176 4853 in
3213 4801 3391 4857 sacris
3422 4799 3597 4857 Litte-

2006 4886 2086 4941 ris
2129 4886 2195 4941 ad
2226 4889 2645 4958 quaternarium
2675 4904 2970 4944 numerum
3006 4893 3417 4948 accommodari
3465 4909 3597 4964 pos-

2007 4985 2181 5046 sunt,
2241 4980 2515 5057 suam,ad
2572 4979 2864 5037 Tetradem
2916 4984 3195 5053 pertinere
3240 4986 3593 5055 conﬁrmant.

2005 5070 2321 5142 Ogdoadem
2350 5088 2549 5129 rursus
2592 5073 2700 5129 hoc
2748 5074 2861 5131 fere
2890 5076 3055 5132 modo
3079 5076 3474 5135 demonstrari.
3515 5079 3601 5136 Et-

2004 5163 2150 5218 enim
2211 5170 2408 5219 octavo
2461 5164 2552 5221 die
2600 5165 2896 5222 formatum
2960 5168 3238 5226 hominem
3295 5180 3595 5241 asserunt,

2003 5271 2168 5327 quem
2221 5255 2362 5313 alias
2413 5264 2569 5315 sexto
2610 5259 2795 5329 potius
2834 5261 3164 5330 productum
3214 5262 3439 5333 volunt;
3490 5265 3595 5321 nisi

2007 5351 2148 5407 forte
2193 5359 2512 5407 terrestrem
2552 5353 2828 5410 hominem
2862 5362 3049 5422 sexto,
3079 5356 3361 5413 carnalem
3401 5366 3600 5415 octavo

2007 5444 2096 5500 die
2152 5444 2479 5499 fabricatum
2539 5447 2873 5520 intelligunt.
2922 5446 3051 5504 Haec
3090 5448 3238 5504 enim
3289 5449 3435 5523 apud
3474 5453 3598 5508 illos

2006 5536 2270 5595 distincta
2326 5543 2476 5595 sunt.
2536 5536 2641 5595 Sed
2690 5539 2938 5595 nonnulli
2995 5538 3276 5601 diversum
3327 5545 3479 5599 illum
3513 5544 3596 5598 fa-

376 5698 390 5727 ί
429 5697 567 5751 lreu.
596 5695 812 5777 τὸ-ᾱιόρἶ
841 5706 923 5765 et,
953 5697 1013 5752 τὸ
1246 5699 1265 5729 ⁸
1297 5698 1533 5777 Iren._év
1561 5694 1641 5763 οἷς
1674 5699 1782 5777 sic:
1817 5699 1901 5753 xal

2010 5738 2029 5777 ε
2102 5698 2291 5777 ‘lren.
2328 5699 2420 5752 ἐπὶ
2459 5700 2594 5777 fcch
2639 5700 2869 5777 τούτοις.
2952 5701 2973 5733 ⁸
3002 5702 3169 5777 irem.
3221 5703 3593 5777 Τριακοντάδα

292 5768 317 5841 ξ
355 5767 494 5841 irent.
538 5768 1005 5841 myﬁgoﬁvzptv.
1058 5771 1174 5824 Mos
1216 5786 1313 5839 pro
1376 5770 1569 5841 ταῦτα,
1630 5770 1861 5841 ταύτην.

290 5840 315 5871 ’
351 5837 485 5893 Gen.
527 5854 563 5903 t,
600 5837 649 5892 1.
683 5837 686 5838 ⁷
742 5840 781 5869 “
811 5837 978 5894 Exod.
1017 5857 1162 5902 xxvi.
1205 5837 1249 5895 ι.

1940 5770 1960 5800 ⁸
1988 5768 2116 5824 For.
2143 5770 2379 5842 ἔχοντος.

1335 5843 1371 5871 ¹¹
1409 5840 1577 5895 Exod.
1614 5840 1808 5905 “rm,
1843 5840 1875 5895 4
1913 5857 2036 5910 sqq.

2460 5771 2478 5802 ⁷
2516 5772 2659 5829 lrcn.
2698 5771 2861 5844 σῶμα
2900 5776 3047 5847 περί.
3104 5776 3125 5808 ⁸
3159 5771 3294 5831 lren.
3340 5775 3591 5848 στοίχοις.
