3934 6436
461 381 565 436 615
1893 379 1931 435 S

1995 379 2337 436 EPIPllANll
3612 377 3701 434 (1‘8

461 502 636 564 clunt,
670 499 763 572 qui
810 498 877 553 ad
908 499 1219 570 imaginem,
1257 499 1786 571 similitudinemque
1825 510 2043 557 creatus

2150 500 2410 564 πλάσθαι,
2466 498 2555 552 τὸν
2609 497 2664 552 δὲ
2715 494 2977 568 σαρκικδν
3012 497 3070 549 iv
3098 498 3162 567 τῇ
3198 489 3375 566 ὀγδόῃ.
3415 491 3704 552 Διέσταλται

462 599 548 647 est
577 588 710 655 Dei,
758 606 920 660 quem
957 589 1340 662 androgynem
1386 592 1754 650 constituunt.
1796 592 1866 647 ab
1906 593 2047 659 alio,

463 684 556 755 qui
591 698 655 738 ex
696 683 864 737 humo
909 681 1177 738 formatus
1214 694 1321 738 est.
1368 682 1512 750 Quin
1543 691 1597 739 et
1625 699 1753 739 arca
1785 685 1934 739 illius
1963 685 2051 738 di-

467 775 595 829 luvii
621 784 886 844 tempore,
914 773 1333 844 dispositionem
1354 818 1369 841 ,
1412 776 1468 830 in
1511 792 1619 847 qua
1650 777 1900 832 homines
1927 787 2052 831 octo

466 866 678 922 liberali
716 874 843 921 sunt
879 866 918 931 ¹,
968 868 1257 922 manifeste
1302 870 1601 924 salutarem
1635 869 1702 923 ad
1731 868 2048 940 Ogdoadem

465 969 714 1031 spectare
750 961 1127 1030 pronuntiant,
1187 970 1247 1014 ut
1291 972 1341 1016 et
1395 962 1651 1017 Davidem
1706 963 1924 1032 ipsum,
1954 963 2046 1032 qui

464 1060 659 1107 octavo
685 1061 810 1122 post
852 1052 1052 1109 fratres
1084 1054 1207 1109 loco
1240 1055 1295 1108 in
1326 1055 1500 1109 lucem
1530 1064 1616 1110 est
1646 1055 1830 1110 editus
1862 1058 1903 1110 ⁸.
1935 1053 2050 1108 Ad-

465 1147 604 1200 dunt
632 1153 687 1199 et
714 1146 1194 1200 circumcisionem
1228 1156 1424 1201 octavo
1458 1147 1545 1201 die
1577 1157 1893 1216 susceptam
1928 1164 2048 1203 ca:-

468 1238 619 1292 lestis
644 1234 920 1311 dioadis
946 1238 1428 1294 circumeisiouem
1457 1240 1751 1294 ostendere
1780 1239 1821 1292 ³.
1848 1241 2046 1308 Atque,

467 1338 525 1382 ut
553 1345 662 1385 uno
708 1330 883 1385 verbo
933 1329 1151 1391 dicam,
1193 1346 1533 1400 quaecunque
1572 1332 1748 1386 sacris
1790 1330 1843 1385 in
1891 1331 2047 1387 libris

467 1422 853 1484 reperiuntur,
909 1437 1030 1491 qua:
1079 1423 1146 1476 ad
1195 1425 1541 1477 octonarium
1576 1440 1864 1478 numerum
1904 1424 2044 1478 trahi

468 1520 747 1583 utrunque
792 1523 1044 1583 possunt,
1086 1515 1151 1569 ad
1188 1517 1588 1571 conficiendum
1616 1515 1889 1586 Ogdoadis
1930 1532 2049 1587 my-

468 1606 695 1659 sterium
745 1613 1036 1675 usurpant.
1100 1606 1392 1663 Enimvero
1440 1608 1705 1663 DeCadem
1739 1623 1833 1677 per
1860 1608 2047 1662 decem

468 1695 590 1749 itlas
620 1697 868 1751 nationes
907 1697 1136 1751 indicari
1180 1714 1289 1752 non
1321 1700 1619 1762 dubitant,
1651 1715 1881 1769 quarum
1918 1716 2048 1769 pos-

468 1786 767 1843 sessionem
794 1788 934 1843 Deus
966 1788 1273 1844 Abrahamo
1308 1794 1637 1860 promiserat
1658 1796 1699 1846 δ.
1735 1790 2047 1863 Eodemque

469 1875 620 1934 Sara:
656 1880 947 1935 consilium
998 1882 1296 1951 applicant,
1339 1898 1463 1936 cum
1497 1890 1618 1953 post
1646 1899 1824 1938 annos
1858 1885 2044 1939 decem

468 1970 720 2026 ancillam
753 1972 827 2025 ilii
868 1987 1024 2027 suam
1055 1974 1286 2043 Agarem
1309 1975 1607 2037 concessit,
1643 1976 1850 2030 liberos
1889 1984 1948 2030 ut
1976 1993 2044 2031 ex

466 2074 529 2113 ea
583 2062 912 2131 susciperet.
962 2062 1104 2128 Quin
1159 2074 1211 2119 et
1266 2062 1565 2119 Ahrahami
1612 2082 1808 2121 servus
1838 2067 1905 2120 ad
1946 2068 2050 2122 Re-

468 2149 690 2204 becram
747 2152 981 2216 missus,
1012 2152 1103 2222 qui
1143 2154 1388 2209 armillas
1420 2156 1467 2210 ei
1516 2155 1705 2209 decem
1738 2171 1937 2212 aureas
1980 2156 2047 2211 ad

466 2238 628 2313 252
661 2253 885 2314 puteum
940 2245 1138 2300 obtulit
1163 2246 1204 2310 ⁸,
1235 2262 1448 2301 necnon
1504 2247 1705 2304 fratres
1747 2250 1918 2312 illius,
1954 2251 2048 2319 qui

464 2336 651 2389 decem
679 2333 800 2390 dies
825 2350 945 2390 eam
990 2336 1355 2394 retinuerunt.
1392 2337 1633 2410 Itemque
1659 2338 2046 2410 Jeroboamus,

465 2427 553 2480 cui
585 2426 772 2481 decem
818 2429 998 2483 tribus
1026 2430 1321 2501 assignauit
1352 2433 1396 2486 ⁸.
1428 2432 1797 2489 Tabernaculi
1831 2452 2049 2506 quoque

463 2521 692 2574 cortina
718 2519 940 2588 decem;
976 2522 1357 2593 columnaque
1388 2526 1701 2580 cubitorum
1735 2528 1956 2595 decem;
1986 2542 2051 2582 ac

462 2610 654 2669 Jacobi
693 2614 918 2669 totidem
973 2614 1066 2668 lilii
1115 2618 1402 2671 coemeudi
1461 2617 1722 2675 frumenti
1776 2636 1943 2677 causa
1993 2622 2050 2677 in

465 2701 762 2774 Egyptum
800 2704 1033 2774 profecti
1068 2722 1082 2757 :
1127 2706 1321 2761 decem
1372 2708 1604 2778 insuper
1632 2710 1889 2779 apostoli,
1922 2712 2050 2781 qui-

466 2797 568 2852 hus
607 2797 833 2851 absente
860 2795 1071 2853 Thema
1110 2798 1380 2856 Dominus
1418 2807 1544 2870 post
1579 2802 2049 2858 resurrectionem

465 2889 719 2959 apparuit
744 2889 786 2955 ⁷,
828 2888 903 2955 hi,
938 2891 1183 2961 inquam,
1206 2907 1400 2948 onmes
1426 2891 1695 2949 Decadem
1723 2894 1893 2961 illam,
1924 2911 2049 2968 quae

464 2977 636 3034 videri
670 2980 881 3050 nequit,
907 2995 973 3036 ex
1008 2981 1227 3037 illorum
1256 2984 1516 3054 opinione
1546 2983 1924 3042 declararunt.

2151 593 2260 665 γὰρ
2287 591 2461 646 ταῦτα
2514 589 2645 662 παρ’
2671 590 2876 654 αὐτοῖς.
2905 589 3081 643 Ἔνιοι
3119 586 3176 640 δὲ
3208 585 3364 641 ἄλλον
3390 585 3592 641 θέλουσι
3629 587 3705 643 τὸν

2151 686 2272 739 κατ’
2294 685 2481 738 εἰκόνα
2521 684 2618 737 καὶ
2640 683 2900 753 ὁμοίωσιν
2922 679 3057 735 Θεοῦ
3083 679 3343 749 γεγονότα
3373 679 3709 751 ἀρσενόθηλυν

2151 776 2465 847 ἀιθρωπον,
2495 776 2590 828 καὶ
2616 775 2806 828 τοῦτον
2839 768 2979 827 εἶναι
3020 772 3111 825 τὸν
3151 769 3513 842 πνευματικόν
3534 786 3547 829 ;
3568 769 3707 824 ἄλλον

2149 869 2205 922 δὲ
2234 870 2327 923 τὸν
2355 871 2419 923 ἐκ
2461 867 2563 938 τῆς
2608 869 2710 938 γῆς
2741 867 3066 920 πλασθέντα.
3105 864 3214 918 Καὶ
3241 863 3338 935 τὴν
3366 862 3464 933 τῆς
3499 861 3707 916 κιϐωτοῦ

2149 961 2205 1015 δὲ
2235 962 2547 1032 οἰκονομίαν
2578 963 2634 1013 ἐν
2668 960 2745 1031 τῷ
2783 957 3175 1029 κατακλυσμῷ,
3212 950 3323 1030 ὲνῇ
3351 952 3492 1009 ὀκτὼ
3520 954 3705 1027 ἅνθρω-

2152 1073 2243 1109 ποι
2299 1054 2673 1126 διεσώθησαν,
2730 1052 3086 1125 φανερώτατα
3146 1068 3278 1120 φασι
3328 1049 3427 1121 τὴν
3474 1049 3709 1119 σωτήριον

2163 1148 2424 1215 Ὀγδοάδα
2469 1144 2710 1218 μηνύειν.
2755 1144 2829 1198 Τὸ
2863 1144 2993 1198 αὐτὸ
3017 1143 3074 1197 δὲ
3115 1142 3210 1196 καὶ
3243 1140 3333 1195 τὸν
3366 1140 3525 1193 Δαϐὶδ
3549 1138 3710 1207 ὃγδοον

2149 1239 2277 1293 ὄντα
2299 1240 2366 1310 τῇ
2394 1238 2606 1308 γενέσει
2639 1236 2747 1290 τῶν
2797 1234 3043 1305 ἀδελφῶν
3083 1233 3247 1287 αὐτοῦ
3289 1232 3584 1304 σημαίνειν.
3609 1231 3711 1284 Ἔτι

2154 1331 2260 1403 μὴν
2290 1332 2384 1383 καὶ
2454 1330 2553 1402 τὴν
2589 1330 2896 1400 περιτομὴν
2948 1327 3294 1398 ὁκταήμερον
3341 1324 3623 1393 γινομένην
3661 1322 3710 1375 τὸ

2149 1421 2476 1495 περίτμημα
2529 1420 2631 1490 τῆς
2686 1420 2799 1473 ἄνω
2844 1416 3125 1487 Ὀγδοέιδος
3165 1412 3379 1488 δηλοῦν.
3414 1413 3520 1468 Καὶ
3549 1411 3709 1476 ἁπλῶς

2148 1514 2249 1567 ὅσα
2292 1512 2606 1584 εὑρίσκεται
2667 1514 2723 1564 ὲν
2760 1514 2878 1574 ταῖς
2932 1511 3198 1582 Γραφχῖς,
3243 1506 3547 1576 ὑπάγεσθαι
3577 1505 3708 1559 δυνά-

2152 1619 2286 1673 μενα
2340 1603 2420 1662 είς
2452 1601 2543 1655 τὸν
2583 1600 2815 1672 ἀριθμὸν
2854 1598 2960 1652 τῶν
2992 1597 3158 1663 ὀκτὼ,
3201 1598 3262 1651 τὸ
3298 1597 3589 1667 μυστήριον
3624 1594 3710 1664 τῆς

2162 1694 2442 1763 ’θγδοάδος
2463 1693 2770 1767 ἐκπληροῦν
2792 1692 3064 1761 λέγουσιν.
3100 1690 3262 1745 Ἀλλὰ
3292 1689 3388 1742 καὶ
3421 1688 3514 1760 τὴν
3538 1688 3710 1741 δεκάδα

2151 1786 2513 1858 σημαίνεσθαι
2562 1784 2650 1837 διὰ
2681 1784 2788 1837 τῶν
2821 1784 2953 1838 δέκα
2985 1781 3153 1836 ἐθνῶν
3185 1775 3260 1835 ὧν
3306 1779 3655 1850 ἐπηγγείλατο
3685 1779 3710 1831 6

2080 1849 2121 1907 Β
2150 1849 2282 1942 Θέδς
2303 1877 2383 1949 τῷ
2418 1877 2691 1951 Ἀϐραὰμ,
2723 1880 2801 1941 είς
2822 1877 3152 1947 κατάσχεσιν
3173 1873 3357 1929 δοῦναι
3372 1849 3598 1941 λέγουσι.
3621 1871 3710 1924 Καὶ

2149 1974 2249 2044 τὴν
2288 1972 2415 2043 περὶ
2449 1971 2666 2043 Σάρραν
2714 1970 2772 2023 δὲ
2814 1968 3146 2039 οίκονομίαν,
3191 1967 3269 2031 ῶς
3310 1966 3447 2038 μετὰ
3475 1965 3565 2034 ἒτη
3599 1964 3709 2016 δέκα

2150 2065 2364 2120 δίδωσιν
2395 2064 2543 2135 αύτῷ
2576 2064 2675 2136 τὴν
2693 2063 2892 2133 ἑαυτῆς
2919 2062 3113 2130 δούλην
3135 2062 3338 2133 Ἅγαρ,
3371 2060 3455 2113 ἵνα
3477 2060 3532 2125 ἐξ
3562 2055 3708 2125 αὐτῆς

2149 2158 2628 2228 τεκνοποιήσηται,
2678 2154 2738 2208 τὸ
2794 2153 2927 2207 αὐτὸ
2982 2151 3195 2224 δηλοῦν.
3232 2152 3345 2206 Καὶ
3391 2154 3419 2204 ὁ
3474 2150 3642 2212 δοῦλος
3663 2148 3708 2201 δὲ

2162 2248 2415 2319 ’Δὸραὰμ
2444 2247 2714 2318 πεμφθεὶς
2742 2245 2837 2298 ἐπὶ
2863 2243 3179 2309 Ῥεϐέκκαν,
3210 2243 3308 2295 καὶ
3330 2241 3422 2296 ἐπὶ
3445 2240 3519 2311 τῷ
3544 2240 3708 2310 φρέατι

2148 2339 2325 2403 διδοὺς
2359 2339 2495 2412 αὐτῇ
2517 2339 2679 2409 ψέλια
2708 2337 2927 2410 χρυσῶν
2950 2338 3105 2402 δέκα,
3135 2336 3228 2390 καὶ
3254 2336 3305 2390 οἱ
3338 2334 3550 2403 ἀδελφοὶ
3566 2331 3707 2401 αὐτῆς

2151 2431 2473 2500 κατέχοντες
2505 2429 2675 2501 αὐτὴν
2710 2430 2801 2482 ἐπὶ
2827 2429 2961 2483 δέκα
3005 2427 3246 2500 ἡμέρας·
3295 2426 3377 2480 ἔτι
3416 2424 3471 2479 δὲ
3505 2421 3708 2490 Ῥοῆοὰμ

2149 2523 2178 2576 ὁ
2212 2522 2281 2576 τὰ
2327 2522 2460 2575 δέκα
2519 2522 2776 2593 σκῆπτρα
2817 2521 3135 2590 λαμϐάνων,
3184 2520 3281 2573 καὶ
3315 2519 3415 2588 τῆς
3452 2516 3637 2587 σκηνῆς
3662 2515 3707 2567 αἱ

2151 2615 2284 2669 δέκα
2299 2614 2655 2678 αὑλαῖαι,κα“ι
2680 2612 2737 2668 ὀί
2766 2614 2948 2668 στύλοι
2967 2612 3013 2666 οἱ
3032 2614 3387 2683 δεκαπήχεις,
3416 2611 3506 2664 καὶ
3534 2611 3578 2663 οἱ
3601 2608 3708 2661 δέκα

2150 2707 2257 2760 υἱοὶ
2302 2705 2518 2769 ’1ακὼ6,
2560 2707 2653 2759 ἐπὶ
2686 2704 2782 2777 τὴν
2823 2704 2969 2776 ὠνὴν
3015 2704 3109 2758 τοῦ
3143 2703 3291 2757 σίτου
3319 2704 3380 2757 τὸ
3405 2703 3605 2775 πρῶτον
3644 2701 3708 2761 είς

2150 2799 2428 2868 Αἴγυπτον
2473 2798 2841 2869 πεμφθέντες,
2891 2798 2984 2852 καὶ
3029 2798 3079 2851 οἱ
3125 2798 3257 2852 δέκα
3301 2796 3596 2857 ἀπόστολοι,
3643 2788 3709 2856 οἷς

2152 2889 2483 2963 φανεροῦται
2539 2890 2677 2962 μετὰ
2723 2891 2821 2962 τὴν
2873 2888 3095 2963 ἔγερσιν
3122 2890 3150 2943 ὁ
3183 2888 3411 2961 Κύριος,
3439 2888 3529 2941 τοῦ
3566 2885 3709 2956 Θωμᾰ

2154 2981 2231 3051 μὴ
2261 2981 2548 3053 παρόντος,
2575 2979 2673 3052 τὴν
2706 2980 2938 3051 ἀόρατον
2965 2979 3249 3034 διετύπουν
3270 2980 3396 3033 κατ’
3431 2977 3611 3039 αὐτούς
3631 2977 3708 3028 Δε-

2152 3075 2312 3130 κάδα.

534 3153 696 3210 XVll.
750 3156 818 3210 At
847 3173 979 3213 vero
1019 3156 1360 3225 Dodecadis,
1409 3164 1464 3217 in
1514 3179 1620 3236 qua
1654 3164 1907 3223 defectus
1955 3168 2043 3224 illa

2224 3168 2323 3221 IZ'.
2357 3167 2469 3238 Τὴν
2512 3164 2805 3220 δυοδεκάδα
2833 3163 2910 3231 δὲ,
2951 3165 3080 3236 περὶ
3112 3165 3179 3237 ῆν
3214 3164 3316 3218 καὶ
3353 3166 3414 3219 τδ
3442 3163 3706 3259 μὶιστήριον

460 3248 744 3304 calamitas
793 3265 856 3304 ac
891 3252 1212 3322 mysterium
1259 3255 1491 3326 contigit
1520 3297 1534 3323 ,
1567 3273 1680 3326 qua
1717 3275 1785 3315 ex
1817 3261 2046 3317 calami-

457 3347 568 3393 tate
599 3340 844 3394 omnium
891 3358 1014 3412 qua:
1044 3343 1303 3399 videntur
1352 3348 1621 3417 Originem
1660 3365 1916 3407 manasse
1947 3354 2045 3408 de—

458 3431 692 3497 ﬁniunt,
726 3435 934 3503 ubique
973 3436 1121 3490 clara
1164 3453 1227 3493 ac
1264 3441 1558 3497 manifesta
1612 3446 1842 3511 vestigia
1888 3460 2046 3516 repe-

459 3525 554 3578 riri
590 3525 916 3596 praedicant.
952 3526 1277 3595 Cuiusmodi
1333 3542 1464 3586 sunt
1508 3524 1808 3590 duodecim
1855 3535 2043 3592 Jacobi

457 3618 588 3682 lilii,
628 3633 657 3671 a
696 3619 896 3688 quibus
930 3619 1221 3675 duodecim
1256 3633 1568 3694 propagata:
1591 3637 1723 3680 sunt
1752 3628 1964 3695 tribus;
1993 3636 2047 3683 et

457 3709 730 3763 rationale
755 3725 922 3779 opere
954 3710 1109 3765 vario
1131 3718 1446 3767 contextum
1465 3713 1508 3778 ⁸,
1538 3717 1628 3771 cui
1652 3716 1942 3773 duodecim
1975 3719 2048 3773 la-

457 3799 611 3868 pides
649 3801 845 3868 assuti,
881 3816 946 3856 ac
977 3802 1347 3858 tintinnabula
1399 3807 1647 3862 totidem.
1699 3810 1855 3865 Adde
1895 3812 2040 3882 lapi-

455 3892 552 3947 des
589 3892 878 3948 duodecim
912 3910 941 3948 a
976 3894 1160 3967 Moyse
1205 3897 1311 3951 sub
1341 3907 1528 3955 monte
1569 3902 1899 3969 collocatos,
1944 3920 2044 3975 pa-

455 3985 614 4055 rique
656 4002 886 4042 numero
915 3990 1112 4058 partim
1143 3990 1325 4047 medio
1371 3993 1425 4047 in
1476 3991 1724 4058 ﬂumine,
1756 3998 1956 4066 partim
1988 3998 2045 4053 in

456 4078 716 4133 ulteriore
763 4078 881 4149 ripa
923 4081 994 4134 ah
1045 4079 1212 4138 Josue
1243 4084 1458 4155 positos
1489 4087 1510 4119 ⁸
1545 4102 1558 4140 :
1596 4088 1803 4159 quique
1846 4087 2044 4145 Testa--

454 4170 623 4225 mcnti
670 4186 857 4225 arcam
906 4172 1342 4230 sustinuerunt:
1377 4185 1545 4246 atque
1592 4178 1719 4235 illos
1780 4179 2041 4251 insuper,

452 4279 593 4333 quos
642 4264 696 4317 iu
748 4264 904 4319 vituli
957 4264 1284 4322 holocausto
1320 4268 1468 4324 Elias
1498 4273 1860 4341 supposuisse
1909 4275 2043 4344 legi—

452 4363 544 4408 tur
575 4356 641 4410 ”.
674 4354 888 4421 Quibus
914 4364 964 4409 ct
996 4361 1371 4426 apostolorum
1399 4376 1661 4417 numerus
1684 4365 1915 4419 accedit.
1938 4364 2042 4421 De-

451 4448 617 4517 nique
649 4448 966 4518 ubicunque
1002 4452 1327 4507 duodenarii
1364 4455 1577 4508 numeri
1616 4470 1843 4524 aspersa
1884 4472 2041 4511 men-

2150 3258 2245 3311 τοῦ
2274 3256 2480 3321 πάθους
2502 3256 2596 3310 τοῦ
2627 3257 3007 3329 ὑστερήματος
3034 3256 3342 3327 γεγονέναι,
3368 3255 3427 3323 εξ
3446 3249 3504 3311 οὗ
3534 3254 3705 3316 πάθους

2148 3349 2215 3402 τὰ
2271 3348 2576 3418 βλεπόμενα
2622 3347 3061 3403 κατεσκευάσθαι
3106 3346 3390 3414 θέλουσιν,
3455 3347 3705 3416 ἐπισήμως

2150 3443 2245 3496 καὶ
2300 3442 2549 3515 φανερῶς
2607 3445 2852 3515 πανταχῆ
2906 3443 3120 3497 κεῖσθαι
3167 3442 3438 3511 λέγουσιν.
3487 3443 3568 3507 Ὠς
3603 3439 3705 3503 τοὺς

2148 3533 2357 3587 δώδεκα
2385 3535 2534 3599 υἱοὺς
2568 3533 2662 3590 τοῦ
2698 3533 2914 3600 Ἰακὼϐ,
2959 3534 3017 3602 ἐξ
3048 3528 3123 3589 ὧν
3153 3535 3249 3589 καὶ
3296 3535 3520 3590 δεκαδύο
3548 3532 3703 3605 φυλαὶ.

2149 3626 2244 3679 καὶ
2273 3625 2334 3679 τὸ
2361 3625 2540 3693 λόγιον
2578 3624 2641 3678 τὸ
2681 3625 2959 3680 ποικιλτὸν
3000 3624 3212 3680 δώδεκα
3253 3626 3438 3691 λίθους
3474 3627 3603 3697 ἔχον,
3630 3622 3704 3677 καὶ

2146 3716 2276 3777 τοὺς
2328 3713 2538 3768 δώδεκα
2582 3713 2842 3779 κώδωνας
2866 3729 2878 3745 ⁶
2910 3716 3004 3769 καὶ
3029 3716 3157 3779 τοὺς
3185 3715 3292 3769 ὑπὸ
3335 3717 3602 3778 Μωῡσέως
3633 3729 3704 3765 τε·

2148 3805 2339 3870 θέντας
2392 3804 2498 3859 ὑπὸ
2525 3805 2584 3859 τὸ
2618 3805 2744 3877 ὅρος
2780 3806 2988 3861 δώδεκα
3023 3804 3204 3872 λίθους
3226 3824 3241 3838 ·
3267 3807 3526 3872 ὡσαύτως
3553 3807 3602 3861 δὲ
3629 3803 3703 3858 καὶ

2147 3899 2273 3963 τοὺς
2339 3897 2446 3951 ὑπὸ
2492 3897 2667 3968 Ἰησοῦ
2720 3900 2778 3951 ὲν
2830 3898 2907 3970 τῷ
2942 3899 3195 3971 ποταμῷ,
3229 3902 3323 3955 καὶ
3356 3902 3542 3963 ἄλλους
3563 3902 3631 3962 εἰς
3657 3896 3704 3950 τὺ

2148 3990 2343 4062 πέραν,
2375 3991 2469 4045 καὶ
2501 3992 2627 4055 τοὺς
2665 3990 3035 4061 βαστάζοντας
3069 3993 3169 4066 τὴν
3207 3992 3441 4047 κ.6ωτὺν
3469 3996 3564 4062 τῆς
3596 3993 3701 4044 Δια·

2147 4080 2341 4154 θήκης,
2388 4082 2483 4137 καὶ
2513 4082 2640 4146 τοὺς
2685 4082 2790 4136 ὑπὸ
2830 4083 2988 4137 Ἠλία
3027 4084 3376 4156 τεθειμένους
3413 4087 3471 4138 έν
3505 4087 3566 4156 τῇ
3609 4081 3705 4134 όλο-

2146 4174 2417 4229 καυτώσει
2454 4174 2549 4228 τοῦ
2582 4175 2813 4245 μόσχου·
2846 4175 2941 4229 καὶ
2968 4182 3060 4230 τὴν
3088 4175 3323 4248 ἀριθμὸν
3362 4178 3419 4231 δὲ
3445 4177 3548 4231 τῶν
3592 4176 3702 4228 ἀπο-

2148 4265 2349 4319 στόλων
2373 4282 2386 4295 ’
2423 4267 2518 4318 καὶ
2534 4266 2714 4319 πάντα
2740 4265 2925 4330 ἅπλῶς
2944 4267 3045 4319 ὅσα
3064 4266 3155 4320 τὸν
3180 4267 3478 4322 δωδέκατον
3504 4262 3701 4339 ἀριθμὸν

2142 4356 2422 4420 διασώζει,
2470 4356 2569 4429 τὴν
2622 4358 2908 4411 Δωδεκάδα
2952 4356 3131 4411 αὐτῶν
3178 4358 3596 4432 χαρακτηρίζειν
3631 4354 3699 4407 λέ-

2144 4465 2322 4517 γουσι.
2351 4448 2462 4521 Τὴν
2499 4448 2556 4502 δὲ
2585 4449 2792 4504 τούτων
2828 4450 3046 4503 πάντων
3098 4450 3293 4504 ἕνωσιν
3326 4447 3699 4523 ὀνομαζομένην

453 4537 532 4592 ιίο
570 4546 674 4603 est,
714 4540 765 4593 id
809 4548 1071 4609 tanquam
1112 4541 1419 4598 Dodecadis
1459 4559 1573 4598 sua:
1628 4547 1858 4615 tiguram
1896 4549 2041 4602 arri-

2147 4544 2523 4615 Τριακοντάδα
2562 4542 2650 4595 διὰ
2691 4542 2791 4614 τῆς
2825 4544 3121 4614 τριάκοντα
3155 4543 3346 4615 πηχῶν
3382 4545 3442 4597 τὸ
3472 4542 3594 4612 ὕψος
3623 4536 3700 4591 ἐπὶ

451 4630 630 4701 piunt.
669 4629 786 4684 Jam
849 4632 1207 4687 tricenarium
1235 4673 1249 4698 ,
1299 4635 1393 4703 qui
1426 4650 1492 4689 ex
1530 4636 1753 4691 illorum
1789 4640 2037 4694 omnium

449 4721 844 4792 conjunctione
901 4723 1187 4787 nascitur,
1222 4724 1347 4793 ejus
1387 4740 1549 4788 arcae,
1587 4742 1750 4796 quam
1799 4727 2039 4786 Noemus

449 4814 758 4876 exsrruxit,
817 4814 1086 4867 tricenum
1147 4813 1462 4869 cubitorum
1521 4817 1754 4871 altitudo
1807 4819 2037 4874 deluun-

449 4913 591 4961 strat
624 4906 687 4958 “.
720 4904 920 4959 Deinde
955 4902 1175 4958 Samuel
1208 4905 1300 4974 qui
1330 4903 1550 4962 Saulem
1579 4923 1744 4977 supra
1772 4910 1993 4978 triginta
2016 4949 2032 4973 ,

447 5013 587 5068 quos
617 4997 682 5051 ad
696 4997 916 5068 epulum
950 4995 1421 5065 invitarat,jussit
1442 5000 1774 5053 accumbere
1800 5001 1865 5053 ".
1894 4998 2032 5054 Tum

448 5092 676 5161 insuper
711 5088 903 5150 David,
924 5095 1197 5158 quatenus
1229 5089 1452 5158 triginta
1478 5098 1625 5146 totos
1659 5092 1779 5146 dies
1813 5092 1869 5146 in
1901 5108 2033 5163 agro

445 5183 664 5238 delituit
692 5183 736 5215 "
763 5202 779 5250 ;
812 5194 869 5236 ut
904 5189 959 5235 et
990 5184 1066 5237 illi
1094 5183 1185 5253 qui
1224 5182 1292 5237 ad
1325 5183 1500 5253 ipsum
1527 5200 1585 5239 se
1621 5184 1674 5238 in
1716 5186 2031 5255 speluncam

518 5341 531 5369 ¹
566 5338 702 5414 gen.
727 5357 817 5414 τι,
838 5344 898 5398 ιι
926 5359 1047 5414 sqq.

1129 5345 1162 5415 "
1188 5343 1209 5415 1
1237 5341 1508 5415 negaui.
1545 5345 1626 5398 ll.
1707 5344 1727 5375 ³
1752 5343 1890 5398 Gen.
1922 5361 2057 5407 xm,
2096 5344 2182 5403 ιο.
2260 5348 2280 5379 ⁵
2311 5347 2449 5405 Gen.
2485 5364 2598 5414 xvi.
2624 5350 2675 5405 3.
2752 5353 2773 5384 '
2805 5351 2940 5406 Gen.
2979 5369 3127 5414 xxtv,
3155 5353 3244 5415 5'5,
3279 5352 3365 5408 55.

2149 4634 2271 4687 Νῶε
2328 4632 2586 4695 κιϐωτοῦ.
2634 4636 2728 4689 καὶ
2764 4635 2851 4689 διὰ
2895 4637 3149 4708 Σαμουὴλ
3188 4637 3596 4698 κατακλίναντος
3624 4630 3699 4685 τὸν

2148 4727 2321 4782 Σαοὺλ
2343 4730 2400 4780 ἐν
2427 4731 2538 4792 τοῖς
2564 4729 2863 4799 τριάκοντα
2890 4727 3109 4800 κλητοῖς
3129 4730 3241 4802 (55)
3274 4730 3505 4803 πρῶτον,
3532 4721 3697 4781 καὶδιὰ

2144 4819 2328 4884 Δαϐὶδ,
2362 4821 2449 4873 ὅτε
2505 4822 2597 4873 ἐπὶ
2620 4821 2915 4893 τριάκοντα
2961 4822 3197 4895 ἡμέραις
3230 4822 3345 4893 (56)
3386 4820 3627 4889 ὲκρύὸετο
3650 4818 3696 4868 ἐν

2143 4908 2221 4980 τῷ
2264 4911 2441 4983 ἀγρῷ,
2476 4911 2572 4965 καὶ
2615 4911 2703 4966 διὰ
2740 4913 2850 4966 τῶν
2894 4913 3347 4968 συνεισελθόντων
3381 4912 3523 4985 αὐτῷ
3549 4912 3620 4974 εἰς
3646 4906 3695 4960 τὺ

2144 5003 2407 5073 σπήλαιον
2435 5003 2707 5075 (Ἰσραήλ)
2726 5021 2740 5034 ο
2763 5006 2857 5058 καὶ
2882 5003 2972 5058 διὰ
3002 5005 3181 5068 τοῦτο,
3199 5007 3261 5060 τὸ
3290 5008 3461 5079 μῆκος
3484 5002 3693 5075 γίνεσθαι

2140 5093 2241 5163 τῆς
2299 5095 2459 5164 ἁγίας
2512 5096 2726 5167 Σκηνῆς
2761 5098 3058 5168 τριάκοντα
3107 5098 3313 5170 πηχῶν.
3363 5098 3467 5152 Καὶ
3513 5094 3564 5148 εἴ
3594 5107 3693 5145 τινα

2141 5186 2278 5241 ἄλλα
2304 5188 2570 5261 ἰσάριθμα
2609 5189 2818 5253 τούτοις
2853 5189 3189 5261 εὑρίσκουσι,
3224 5192 3322 5264 τὴν
3356 5182 3691 5263 Τριακοντάεα

3443 5352 3462 5383 ⁸
3494 5347 3549 5401 llt
3576 5343 3686 5402 89';-

451 5409 666 5493 ξέ..
743 5409 1227 5493 ’.ΙοξιρᾙίκηΞ-β.
1304 5409 1525 5493 “Exod.
1574 5431 1763 5478 xxrm,
1820 5415 1855 5468 4
1918 5431 2040 5487 sqq.

2166 5416 2283 5475 los.
2336 5436 2410 5484 tv,
2455 5421 2508 5475 5.
2587 5409 2633 5452 λθ
2665 5420 2729 5476 111
2759 5421 2892 5493 Heg.
2924 5434 3078 5492 κνιιι,
3118 5409 3205 5480 3t.
3233 5409 3242 5415 ⁷
3284 5423 3323 5454 ¹¹
3356 5418 3487 5476 Gen.
3517 5433 3583 5477 vn,
3617 5414 3688 5465 ιε).

448 5478 496 5510 ⁸³
526 5477 544 5532 1
579 5478 707 5548 Reg.
748 5497 823 5543 Ix,
854 5484 945 5537 22.
1025 5485 1068 5515 "
1100 5483 1118 5537 l
1157 5481 1291 5555 Reg.
1327 5501 1417 5549 xx,
1446 5485 1532 5539 15.

520 5619 660 5693 (55),
687 5620 790 5674 Ἐν
834 5621 956 5693 τοῖς
991 5625 1309 5693 τριάκοντα
1347 5625 1615 5692 κλητοῖς.
1658 5624 1923 5683 Tricenos
1962 5627 2030 5682 ad

442 5690 759 5771 convivium
786 5690 1061 5749 adhibitos
1089 5694 1253 5751 Hebr.
1282 5690 1513 5767 aeVulg.
1540 5690 1765 5752 codices
1793 5697 2029 5764 habent;

442 5759 628 5905 argi?)
651 5775 776 5885 ιιξιῖἱ
800 5830 898 5886 διὰ
929 5832 1126 5900 Δαϐὶδ,
1148 5833 1249 5887 ὅτε
1270 5835 1368 5890 ἐπὶ
1402 5834 1723 5904 τριάκοντα
1756 5836 2023 5906 ἡμέραις.

2146 5627 2913 5706 Ubiscriptum.i_l_lurl‘exstet
2945 5632 3078 5688 mihi
3111 5644 3231 5706 ιιοιιΔ
3247 5626 3495 5685 occurrit.

2142 5699 2306 5782 nugis
2334 5699 2656 5758 ac'somniis
2705 5701 2910 5761 frustra
2958 5701 3322 5760 constantiam
3360 5713 3421 5754 ac
3454 5699 3681 5750 rationem

2142 5785 2349 5842 eligas.
