3934 6418
220 375 349 434 ,61⁸1

245 498 426 555 αὐτῶν
458 496 551 554 διὰ
589 497 701 554 τῶν
731 501 991 557 τοιούτων
1021 503 1387 559 ἐπιδεικνύναι
1420 504 1843 577 φιλεριστοῢσιν.

891 376 1268 451 ADVERSUS
1306 380 1652 445 HERESES
1692 377 1822 441 LIB.

1948 377 2115 444 τοιι.
2157 387 2245 445 ιιι.
2287 417 2357 427 -
2399 380 2668 441 ιιΑειιιεε..
2702 381 2954 461 xxxw.

3437 386 3544 442 618

1959 514 2346 580 aggregarunt.
2397 505 2571 573 Quam
2604 507 2770 562 etiam
2818 505 2889 561 ob
2927 518 3154 560 causam
3185 503 3409 577 triginta
3442 522 3545 563 cu-

246 592 395 649 bilos
426 594 774 651 tabernaculi
808 596 1091 669 longitudo
1119 600 1316 670 patuit.
1346 601 1426 656 Ae
1476 603 1523 657 si
1566 617 1675 673 qua
1732 609 1864 659 sunt
1904 603 2009 657 alia
2059 605 2177 675 pari
2234 603 2634 676 comprehensa
2670 616 2939 670 numero,
3008 616 3171 658 suum
3200 602 3268 658 ad
3305 603 3543 661 tricena-

245 689 392 744 rium
429 691 899 748 accommodanda
931 708 1056 750 esse
1085 686 1355 751 acerrime
1384 699 1750 753 contendunt.

316 784 429 837 IH'.
486 785 811 855 Ἀναγκαῖον
870 789 884 819 ί
937 789 1234 860 ἡγησάμην
1287 790 1604 863 προσθεῖναι
1641 793 1833 857 τούτοις

2026 784 2216 841 XVIII.
2256 785 2470 853 Quibus
2524 785 2783 842 omnibus
2840 782 3188 857 adiungenda
3242 786 3543 861 Scriptura

242 876 342 931 καὶ
372 878 475 932 ὅσα
511 880 642 950 περὶ
686 879 780 941 τοῦ
814 882 1172 954 Προπάτορος
1221 884 1421 951 αὐτῶν,
1463 887 1523 950 ὃς
1565 888 1846 957 ἄγνωστος

241 963 314 1040 ἦν
337 972 454 1033 τοῖς
481 973 615 1025 πᾶσι
652 972 759 1044 πρὸ
796 973 897 1045 τῆς
923 974 1018 1028 τοῦ
1056 975 1293 1047 Χριστοῦ
1324 979 1648 1052 παρουσίας,
1686 980 1844 1035 ἐκλέο

241 1078 440 1130 γοντες
470 1065 533 1117 ὲκ
557 1064 665 1118 τῶν
702 1066 938 1137 Γραφῶν
968 1066 1177 1122 πείθειν
1201 1071 1593 1142 ἐπιχειροῦσιν,
1624 1072 1690 1125 ἵν’
1724 1074 1842 1126 ἐπι-

238 1153 464 1222 δείξωσι
496 1155 587 1209 τὸν
622 1155 821 1228 Κύριον
861 1157 1021 1229 ήμῶν
1056 1159 1215 1214 ἄλλον
1242 1163 1682 1232 καταγγέλλοντα
1733 1166 1846 1219 Πα-

240 1244 383 1317 τέρα
418 1244 571 1317 παρὰ
596 1247 689 1300 τὸν
721 1249 951 1320 ποιητὴν
984 1248 1138 1303 τοῦδε
1166 1250 1260 1304 τοῦ
1296 1254 1499 1320 παντός
1518 1269 1531 1284 ³
1556 1256 1635 1324 ὃν,
1660 1255 1845 1321 καθὼς

241 1338 589 1410 προέφαμεν,
642 1332 967 1406 ἀσεϐοῦντες
990 1384 1004 1408 ,
1056 1344 1432 1416 ὑστερήματος
1461 1348 1672 1420 καρπὸν
1702 1345 1843 1403 εἶναι

239 1429 486 1498 λέγουσι.
546 1430 651 1486 Τὸν
714 1433 845 1502 γοῦν
911 1436 1198 1507 προφήτην
1282 1438 1512 1494 Ἡσαΐαν
1578 1441 1838 1504 εἰπόντα,

253 1522 507 1591 Ἰσραὴλ
537 1523 605 1577 δέ
623 1541 700 1593 με
738 1526 850 1578 οὐκ
884 1525 1059 1595 ἔγνω,
1093 1527 1193 1580 καὶ
1226 1531 1259 1581 ό
1293 1531 1443 1596 λαός
1464 1549 1541 1601 με
1583 1537 1655 1588 οὐ
1688 1548 1841 1589 συν-

239 1613 381 1683 ῆκε,
433 1615 533 1686 τὴν
577 1614 673 1668 τοῦ
718 1617 954 1688 ἀοράτου
1003 1619 1177 1673 Βυθοῦ
1230 1624 1507 1691 ἀγνωσίαν
1559 1627 1841 1697 εἰρηκέναι

242 1706 677 1779 μεθαρμόζουσι.
731 1709 844 1763 Καὶ
885 1709 973 1764 διὰ
1036 1712 1196 1783 Ὠσηὲ
1245 1714 1305 1768 τὸ
1357 1716 1669 1789 εἰρημένον,
1719 1721 1842 1775 Οὐκ

235 1798 503 1853 ἐστινέν
530 1799 736 1866 αὐτοῖς
767 1801 1021 1870 ἀλήθεια
1047 1804 1190 1858 οὐδὲ
1212 1805 1538 1877 ἐπίγνωσις
1568 1810 1735 1876 Θεοῦ,
1761 1812 1842 1875 είς

234 1890 301 1944 τὸ
356 1891 489 1944 αὐτὸ
546 1892 841 1946 συντείνειν
888 1892 1187 1963 βιάζονται.
1233 1898 1366 1958 Καὶ,
1422 1902 1544 1954 Οὐκ
1593 1902 1767 1955 ἔστιν
1806 1905 1841 1956 δ

236 1981 495 2048 συνιὼν,
539 1982 577 2050 ἣ
609 1980 872 2050 ἐκζητῶν
900 1985 1012 2039 τὸν
1036 1989 1204 2042 Θεόν.
1224 1989 1458 2051 Πάντες
1488 1991 1835 2061 ἐξέκλιναν,

236 2074 365 2143 ἅμα
428 2075 865 2144 ἠχρειώθησαν,
914 2078 1150 2151 ἐπὶμτῆς
1194 2080 1290 2134 τοῦ
1342 2082 1517 2137 Βυθοῦ
1561 2086 1839 2153 ἀγνωσίας

233 2168 516 2221 τάττουσι.
544 2167 655 2220 Καὶ
686 2166 747 2220 τὸ
780 2168 867 2221 διὰ
893 2171 1176 2234 Μωύσέως
1204 2171 1260 2224 δὲ
1283 2173 1595 2246 εἰρημένον,
1626 2176 1838 2243 Οὐδεὶς

235 2260 453 2329 ὄψεται
485 2259 595 2314 τὸν
622 2261 790 2324 Θεὸν,
815 2262 916 2315 καὶ
935 2260 1198 2330 ζήσεται,
1218 2266 1298 2329 είς
1318 2268 1523 2320 ἐκεῖνον
1548 2267 1691 2339 ἔχειν
1721 2270 1837 2322 πεί-

233 2351 394 2405 θουσι
419 2352 517 2423 τὴν
554 2352 855 2426 ἀναφοράν.
886 2353 991 2407 Τὸν
1022 2356 1125 2426 μὲν
1151 2356 1261 2427 γὰρ
1284 2357 1525 2429 Ποιητὴν
1557 2358 1838 2430 ἐπιψευδό-

235 2460 396 2514 μενοι
451 2442 556 2496 ὑπὸ
594 2443 704 2497 τῶν
736 2445 1035 2516 προφητῶν
1078 2446 1356 2516 ἑωρᾶσθαι
1383 2446 1603 2517 λέγουσι
1625 2465 1637 2478 ·
1662 2448 1725 2503 τὸ
1755 2449 1833 2515 δὲ,

235 2534 455 2602 Οὐδείς
505 2536 716 2605 ὄψεται
758 2536 868 2592 τὸν
898 2532 1077 2602 Θεὸν,
1119 2537 1219 2591 καί
1264 2536 1523 2605 ζήσεται,
1568 2541 1698 2612 περὶ
1738 2538 1835 2593 τοῦ

230 2627 475 2699 ἀοράτου
510 2628 776 2699 μεγέθους
812 2628 906 2682 καὶ
932 2626 1215 2698 ἀγνώστου
1251 2631 1363 2694 τοῖς
1388 2632 1554 2684 πᾶσιν
1581 2631 1834 2704 εἰρῆσθαι

233 2719 470 2773 θέλουσι.
500 2721 614 2774 Καὶ
661 2721 743 2774 ὅτι
793 2720 890 2791 μὲν
918 2720 1047 2792 περὶ
1074 2719 1171 2773 τοῦ
1213 2721 1446 2792 ἀοράτου
1488 2723 1700 2795 Πατρὸς
1743 2724 1837 2777 καὶ

231 2807 466 2882 ποιητοῦ
517 2810 626 2864 τῶν
676 2809 815 2864 ὅλων
871 2809 1086 2881 εἴρηται
1118 2809 1200 2874 τὸ,
1237 2810 1448 2877 Οὐδεὶς
1490 2811 1701 2880 ὄψεται
1727 2812 1838 2867 τόν

235 2903 410 2967 Θεὸν,
454 2904 621 2957 πᾶσιν
655 2905 789 2975 ἡμῖν
840 2902 1074 2973 φανερόν
1115 2903 1297 2956 ἐστιν’
1326 2903 1408 2956 ὅτι
1454 2904 1512 2957 δὲ
1559 2905 1680 2958 οὐδὲ
1705 2904 1835 2975 περὶ

232 2993 331 3048 τοῦ
373 2994 466 3048 ἐπὶ
487 2996 507 3026 ⁸
540 2995 744 3049 τούτων
776 2995 1282 3066 παρεπινοουμένου
1311 2994 1508 3062 Πυθοῖ),
1537 2997 1685 3051 ἀλλὰ
1704 3000 1833 3071 περὶ

230 3086 332 3141 τοῦ
390 3086 755 3161 Δημιουργοῦ,
808 3088 901 3142 καὶ
940 3087 1102 3152 αὑτός
1149 3089 1297 3141 ἐστιν
1333 3090 1362 3141 ὁ
1396 3087 1630 3160 ἀόρατος
1678 3091 1831 3156 Θεὸς,

230 3178 580 3250 δειχθήσεται
606 3178 698 3233 τοῦ
747 3177 910 3247 λόγου
944 3180 1246 3249 προίόντος.
1291 3179 1403 3233 Καὶ
1432 3179 1524 3234 τὸν
1556 3181 1756 3253 Δανιὴλ
1775 3181 1832 3235 δὲ

228 3270 296 3324 τὸ
316 3270 449 3324 αὐτὸ
469 3270 626 3323 τοῦτο
657 3270 943 3340 σημαίνειν
981 3273 1038 3324 ἐν
1072 3270 1150 3341 τῷ
1175 3271 1454 3343 ἐπερωτᾷν
1487 3271 1578 3325 τὸν
1606 3272 1833 3341 ἄγγελον

229 3364 338 3428 τὰς
373 3362 649 3427 ὲπιλύσεις
678 3362 785 3417 τῶν
813 3361 1162 3433 παραϐολῶν,
1197 3362 1273 3426 ὼς
1313 3363 1389 3433 μὴ
1439 3364 1635 3419 εἰδότα.
1674 3365 1834 3420 Ἀλλὰ

1949 879 2270 937 testimonia
2340 879 2567 949 putavi,
2618 879 2823 949 quibus
2868 893 2968 934 sua
3020 879 3116 934 illa
3176 880 3246 936 de
3276 897 3542 954 supremo

1946 967 2183 1025 Parente
2216 969 2429 1024 somnia
2485 964 2735 1025 stabilire
2767 977 3075 1035 conantur,
3102 972 3197 1041 qui
3240 966 3539 1046 antequam

1947 1058 2205 1117 Christus
2237 1060 2538 1125 adveniret,
2561 1060 2818 1117 omnibus
2840 1070 2959 1117 erat
2983 1063 3223 1133 ignotus.
3256 1063 3372 1121 Hoc
3393 1068 3538 1123 enim

1947 1152 2328 1208 demonstrare
2354 1150 2576 1208 student
2603 1168 2616 1202 :
2649 1150 2867 1208 Patrem
2892 1154 3082 1219 alium,
3110 1171 3273 1226 quam
3296 1162 3539 1215 universi

1947 1244 2320 1309 conditorem,
2351 1258 2382 1297 a
2409 1243 2637 1299 Christo
2671 1242 2901 1300 Domino
2931 1244 3105 1302 fuisse
3130 1249 3484 1319 prmdicatum
3522 1271 3536 1319 ;

1945 1351 2108 1405 quem
2140 1336 2329 1401 etiam,
2365 1344 2423 1389 ut
2461 1343 2589 1391 ante
2621 1336 2895 1402 diximus,
2928 1352 2995 1392 cx
3026 1338 3241 1395 defectu
3278 1351 3537 1414 tanquam

1946 1428 2185 1484 fructum
2226 1428 2534 1485 eﬂloruisse
2585 1430 2948 1485 contendunt.
2992 1430 3153 1503 253
3207 1432 3364 1500 Quod
3392 1437 3537 1490 enim

1944 1520 2117 1579 Isaias
2151 1524 2417 1594 propheta
2448 1522 2588 1578 dixit
2619 1538 2633 1575 :
2669 1520 2846 1577 Israel
2876 1540 2995 1579 vero
3024 1542 3106 1579 me
3138 1543 3240 1581 non
3267 1531 3534 1599 cognovit,

1944 1622 1997 1667 et
2014 1614 2239 1682 populus
2272 1628 2352 1665 me
2384 1628 2488 1665 non
2521 1610 2852 1675 intellexit‘,
2880 1611 2933 1665 id
2959 1612 3027 1667 ad
3056 1612 3205 1667 illius
3232 1612 3415 1685 Bythi,
3443 1617 3537 1685 qui

1943 1702 2187 1759 discerni
2216 1702 2396 1758 oculis
2426 1702 2636 1771 nequit,
2664 1700 3066 1771 ignorationem
3094 1704 3534 1761 accommodant.

1945 1794 2085 1850 Tum
2122 1795 2279 1860 illud,
2312 1794 2459 1865 quod
2488 1801 2572 1849 est
2602 1794 2746 1865 apud
2771 1792 2973 1849 Oscam
3008 1812 3021 1848 :
3058 1795 3184 1850 Non
3213 1806 3292 1851 est
3314 1798 3372 1851 in
3403 1798 3538 1869 ipsis

1943 1888 2174 1953 veritas,
2219 1900 2399 1956 neque
2425 1885 2653 1956 cognitio
2697 1884 2798 1940 Dei
2842 1886 2900 1950 ⁸,
2943 1885 3136 1942 eodem
3186 1886 3536 1944 referendum

1943 1976 2280 2033 existimant.
2316 1975 2450 2031 Item
2485 1992 2498 2028 :
2534 1975 2659 2031 Non
2692 1984 2773 2031 est
2800 1977 2891 2047 qui
2924 1977 3209 2047 intelligat,
3239 1987 3333 2031 aut
3357 1980 3537 2049 requi-

1943 2079 2031 2124 rat
2062 2069 2249 2125 Deum.
2283 2067 2476 2123 Omnes
2509 2068 2926 2132 declinaverunt,
2961 2069 3121 2123 simul
3159 2070 3375 2126 inutiles
3402 2072 3535 2141 facti

1942 2173 2063 2215 sunt
2087 2162 2139 2228 ⁶;
2172 2161 2238 2216 ad
2262 2161 2511 2216 eamdem
2542 2159 2702 2231 Bytbi
2737 2158 3140 2229 ignorationem
3168 2159 3532 2215 transferunt.

1942 2250 2079 2306 Illud
2107 2252 2336 2321 insuper
2358 2266 2425 2306 eo
2455 2250 2730 2320 pertinere
2752 2257 3001 2315 censent,
3034 2247 3179 2319 quod
3204 2248 3349 2320 apud
3380 2250 3534 2322 Moy-

1943 2357 2038 2397 sen
2065 2342 2262 2412 legitur
2293 2359 2307 2393 :
2344 2340 2514 2395 Nemo
2545 2340 2737 2395 videbit
2765 2338 2955 2405 Deum,
2985 2348 3035 2393 et
3074 2340 3207 2395 vivet
3237 2341 3281 2395 ".
3320 2340 3532 2398 Etenim

1940 2434 2297 2490 Conditorem
2336 2433 2415 2487 illi
2452 2433 2722 2488 duntaxat
2768 2446 2798 2485 a
2836 2431 3122 2503 prophetis
3169 2442 3530 2504 conspectum

1941 2522 2117 2579 fuisse
2155 2538 2446 2595 perperam
2479 2522 2694 2578 volunt.
2726 2520 2877 2578 Istud
2909 2537 3042 2577 vero
3076 2537 3090 2574 :
3125 2521 3297 2578 Nemo
3335 2524 3534 2580 videbit

1942 2617 2110 2673 Deum
2133 2658 2148 2684 ,
2204 2626 2253 2674 et
2284 2619 2451 2684 vivet,
2505 2617 2573 2673 de
2613 2616 2905 2688 majestate
2942 2617 3033 2671 illa
3064 2633 3186 2689 qua:
3219 2634 3323 2675 nec
3356 2621 3531 2691 aspici

1941 2710 2139 2780 possit,
2176 2718 2231 2766 et
2276 2711 2463 2780 ignota
2512 2710 2585 2767 sit
2629 2709 2891 2766 omnibus
2938 2712 3355 2778 pronuntiatum
3387 2712 3533 2768 atlir-

1940 2808 2115 2855 mant.
2152 2802 2356 2857 Verum
2395 2802 2465 2857 de
2514 2818 2735 2859 summo
2770 2803 2886 2866 illo,
2920 2801 3015 2872 qui
3064 2803 3238 2858 videri
3275 2819 3385 2858 non
3432 2821 3533 2875 po-

1940 2899 2071 2957 test,
2100 2891 2263 2948 Patre
2291 2908 2357 2947 ac
2388 2894 2686 2949 Conditore
2711 2894 2956 2951 omnium
2985 2895 3120 2950 illud
3164 2897 3345 2968 ipsum
3374 2912 3544 2953 usur-

1940 2986 2059 3055 pari
2088 3001 2101 3038 :
2135 2984 2308 3039 Nemo
2337 2985 2529 3040 videbit
2554 2985 2746 3051 Deum,
2772 2987 2936 3043 facile
2956 3004 3155 3043 omnes
3194 2989 3531 3060 intelligunt.

1937 3077 2085 3135 Idem
2115 3094 2245 3135 vero
2278 3095 2388 3135 non
2422 3078 2489 3133 ad
2524 3080 2823 3134 contietum
2849 3081 3001 3135 illum
3023 3082 3091 3136 ab
3117 3080 3241 3137 istis
3265 3082 3494 3153 Byllium
3515 3125 3530 3147 ,

1940 3171 2035 3227 sed
2082 3169 2150 3224 ad
2206 3186 2392 3226 rerum
2426 3172 2674 3225 omnium
2703 3171 2958 3242 opiﬁcem
3002 3174 3336 3237 convenire,
3373 3188 3532 3229 eum-

1938 3275 2045 3331 que
2092 3274 2196 3314 nec
2241 3260 2627 3330 aspectabilem
2657 3275 2779 3316 esse
2828 3259 3001 3316 Deum
3024 3303 3039 3328 ,
3069 3277 3098 3315 a
3130 3261 3292 3318 nobis
3339 3272 3530 3334 postea

1939 3352 2434 3409 demonstrabitur.
2466 3351 2693 3406 Addunt
2739 3352 2793 3407 id
2833 3353 2998 3408 etiam
3049 3354 3393 3425 signiﬁcasse
3422 3355 3531 3409 Da-

230 3456 334 3509 καὶ
366 3454 457 3508 τὸν
490 3455 721 3523 ἄγγελον
752 3455 1239 3527 ἀποκρυπτόμενον
1267 3457 1360 3508 ἀπ’
1390 3455 1555 3509 αὑτοῦ
1589 3456 1651 3510 τὸ
1684 3458 1827 3528 μέγα

1943 3444 2160 3511 nielem,
2193 3459 2317 3499 cum
2351 3444 2418 3497 ab
2446 3444 2664 3514 angelo.
2686 3444 3075 3515 parabolarum
3117 3447 3531 3516 interpretatio-

234 3548 538 3618 μυστήριον
566 3546 659 3600 τοῦ
702 3546 875 3601 Βυθοῦ
919 3550 1096 3601 εἰπεῖν
1125 3547 1273 3617 αὐτῷ
1294 3563 1308 3575 '
1365 3548 1695 3618 Ἀπότρεχε,
1722 3555 1830 3604 Δα-

229 3639 413 3704 νιήλ’
451 3634 619 3695 οὗτοι
653 3640 763 3709 γὰρ
822 3644 875 3694 οἱ
921 3641 1092 3709 λόγοι
1131 3640 1611 3710 ἑμπεφραγμένοι
1650 3643 1828 3707 εἰσίν,

226 3732 344 3797 ἕως
371 3734 425 3785 ol
448 3730 763 3799 συνιέντες
809 3730 1090 3795 συνιῶσι,
1113 3731 1209 3784 καὶ
1236 3732 1291 3785 ol
1322 3733 1529 3787 λευκοὶ
1568 3736 1829 3787 λευκαν-

228 3822 385 3879 θῶσι
411 3823 527 3894 (37)
554 3841 567 3855 ·
606 3825 700 3877 καὶ
745 3825 942 3890 αὐτοὺς
988 3819 1285 3887 εἶναιτοὺς
1321 3824 1582 3892 λευκοὺς,
1626 3830 1719 3881 καὶ
1768 3822 1827 3882 εὗ

231 3915 517 3979 συνιέντας
549 3915 796 3987 αύχούσι.

303 4099 453 4171 Πρὸς
500 4099 556 4152 δὲ
609 4099 830 4165 τούτους
893 4101 1183 4174 ἀμύθητον·
1229 4102 1434 4175 πλῆθος
1494 4104 1830 4177 ἀποκρύφων

230 4191 333 4247 καὶ
357 4191 525 4246 νόθων
556 4191 797 4264 γραφῶν,
816 4192 882 4257 ἃς
900 4195 1055 4249 αὐτοὶ
1085 4195 1345 4261 ἔπλασαν,
1372 4197 1831 4268 παρεισφέρουσιν

230 4286 317 4348 είς
346 4284 689 4356 κατάπληξιν
728 4284 838 4355 τῶν
874 4286 1142 4357 ἀνοήτων,
1197 4289 1292 4341 καὶ
1339 4287 1410 4340 τὰ
1434 4288 1535 4357 τῆς
1572 4286 1831 4359 ἀληθείας

235 4377 318 4450 μὴ
372 4376 753 4447 ἐπισταμένων
806 4378 1132 4449 γράμματα.
1184 4374 1830 4450 Προσπαραλαμϐἀνουσι

229 4469 292 4524 δὲ
327 4472 406 4533 είς
451 4469 610 4524 τοῦτο
639 4472 860 4525 κάκεῖνο
911 4471 973 4524 τὸ
1025 4470 1426 4543 ῥᾳδιούργημα.
1473 4470 1547 4536 ὡς
1586 4470 1681 4523 τοῦ
1722 4472 1829 4524 Κυ-

236 4560 355 4633 ρίου
387 4560 458 4616 τὰ
490 4561 578 4616 διὰ
609 4562 703 4615 τοῦ
732 4562 1053 4616 διδασκάλου
1086 4564 1106 4594 ³
1132 4559 1283 4633 αὐτῷ
1322 4563 1616 4634 φήσαντος,
1648 4562 1829 4626 καθὼς

232 4653 357 4716 ἔθος
382 4654 551 4716 ἐστὶν,
581 4653 717 4706 Εἰπὲ
744 4652 909 4723 ἄλφα,
941 4654 1341 4726 ἀποκρίνασθαι
1372 4653 1433 4708 τὸ
1464 4653 1630 4723 ἄλφα.
1662 4654 1833 4709 Πάλιν

1940 3551 2066 3592 nem
2123 3537 2270 3591 velut
2314 3536 2539 3607 ignarus
2591 3537 2851 3608 postulat.
2906 3536 3172 3609 Angelum
3221 3553 3356 3595 vero
3411 3557 3531 3595 ma-

1936 3644 2103 3693 gnum
2144 3630 2302 3701 Bytlii
2338 3632 2660 3702 mysterium
2708 3631 2889 3686 celare
2940 3632 3251 3703 cupientem
3301 3634 3375 3688 ita
3442 3650 3531 3690 re-

1936 3723 2228 3794 spondisse
2252 3742 2263 3777 :
2300 3723 2465 3791 Vade,
2490 3724 2712 3789 Daniel;
2733 3726 2856 3795 quia
2887 3724 3056 3778 clausi
3080 3725 3531 3797 sunt,signatique

1936 3832 2205 3871 sermones
2227 3857 2241 3881 ,
2268 3833 2538 3887 quousque
2578 3816 2931 3887 intelligentes
2966 3817 3305 3888 intelligant,
3334 3829 3383 3874 et
3417 3821 3547 3874 albi-

1940 3908 2255 3964 dealbentur
2283 3909 2326 3963 ⁸.
2368 3907 2438 3966 Se
2498 3909 2643 3965 enim
2681 3909 2837 3964 albos
2886 3909 3009 3966 illos
3052 3917 3109 3966 et
3160 3910 3528 3984 intelligentes

1935 4016 2060 4056 esse
2089 3999 2419 4071 gloriantur.

2006 4094 2457 4167 Apocrypliarum
2487 4102 2774 4166 prteterea,
2810 4101 2864 4151 et
2899 4094 3329 4152 adulterinarum
3377 4097 3531 4153 scri—
3636 4156 3643 4163 ,

1935 4194 2259 4260 pt’urarum,
2307 4203 2444 4258 quas
2496 4188 2716 4259 ipsimet
2767 4188 3065 4243 commenti
3125 4199 3274 4254 sunt,
3340 4190 3521 4245 inﬁni-

1936 4288 2047 4334 tam
2100 4279 2505 4335 multitudinem
2549 4279 2869 4347 obtrudunt,
2915 4280 3116 4350 quibus
3172 4282 3441 4353 imperitis
3465 4297 3529 4337 ac

1936 4382 2323 4443 germanarum
2365 4370 2776 4442 Scripturarum
2822 4371 3029 4440 ignaris
3067 4380 3348 4444 stuporem
3382 4374 3528 4445 obji-

1937 4463 2106 4519 ciant.
2148 4463 2290 4529 Quin
2333 4462 2466 4519 illud
2507 4463 2773 4519 scelerate
2806 4464 3099 4520 conﬁctum
3141 4464 3430 4534 proferunt
3474 4469 3528 4521 in

1937 4555 2176 4610 medium
2222 4554 2571 4620 :Christum,
2625 4568 2758 4626 puer
2823 4571 2948 4610 cum
2988 4566 3175 4622 esset,
3210 4557 3531 4631 litterasque

1936 4645 2197 4712 disceret,
2231 4648 2468 4719 jubenti,
2502 4657 2561 4703 ut
2591 4649 2817 4714 assolet,
2844 4650 3192 4720 praceptori,
3215 4652 3311 4705 Dic
3341 4653 3527 4725 alpha,

232 4762 296 4799 τε
329 4744 391 4798 τὸ
423 4743 561 4817 βῆτα
590 4746 682 4799 τοῦ
718 4745 1040 4802 διδασκάλου
1072 4746 1428 4811 κελεύσαντος
1463 4749 1664 4811 εἰπεῖν,
1699 4750 1833 4801 ἀπο-

1941 4741 2141 4812 Alplia,
2168 4742 2541 4812 respondisse.
2580 4739 2824 4797 Rursum
2851 4748 2909 4795 ut
2939 4743 3064 4797 beta
3091 4742 3299 4799 diceret
3332 4745 3531 4827 praei-.-

230 4835 523 4909 κρίνασθαι
545 4837 637 4891 τὸν
666 4837 871 4907 Κύριον
898 4854 912 4868 ⁶
946 4834 1019 4890 Σύ
1066 4855 1155 4907 μοι
1181 4837 1447 4910 πρότερον
1482 4839 1601 4892 εἰπὲ
1636 4838 1690 4892 τί
1713 4836 1831 4893 ἐστι

1941 4835 2148 4907 pienti,
2200 4834 2560 4905 respondisse
2620 4833 2953 4889 Dominum:
2989 4833 3070 4889 Tu
3112 4836 3246 4891 mihi
3289 4821 3526 4907 primum

230 4929 293 4981 τὸ
316 4928 482 4998 ἄλφα,
516 4930 609 4982 καὶ
631 4928 752 4981 τότε
782 4947 864 4983 σοι
892 4928 999 5000 έρᾶ,
1031 4929 1082 4982 τί
1114 4930 1230 4983 ἐστι
1257 4929 1317 4983 τὸ
1346 4930 1500 5001 βῆτα.
1533 4930 1646 4984 Καὶ
1668 4929 1828 4984 τοῦτο

228 5018 578 5089 ἐξηγοῦνται,
613 5020 689 5084 ὡς
722 5019 887 5073 αὐτοῦ
924 5020 1089 5090 μόνου
1116 5019 1175 5073 τὸ
1208 5019 1485 5089 ἄγνωστον
1523 5021 1826 5092 ἐπισταμέ-

228 5130 349 5175 νου,
378 5109 409 5165 ὃ
450 5114 797 5183 ἐφανέρωσεν
840 5115 896 5166 ἐν
936 5113 1013 5184 τῷ
1046 5112 1202 5183 τύπῳ
1247 5111 1342 5166 τοῦ
1391 5114 1555 5183 ἄλφα.
1591 5115 1747 5167 Ἔνια
1771 5114 1827 5167 δὲ

229 5206 332 5260 καί
372 5204 481 5258 τῶν
518 5207 576 5258 ὲν
615 5205 692 5276 τῷ
722 5206 1042 5275 Εύαγγελίῳ
1086 5205 1358 5276 κειμένων
1401 5206 1483 5268 εἰς
1514 5205 1703 5259 τοῦτον
1736 5205 1829 5259 τὸν

227 5296 563 5369 χαρακτῆρα
605 5296 1081 5369 μεθαρμόζουσινσ
1142 5297 1219 5360 ὡς
1267 5295 1365 5368 τὴν
1405 5296 1542 5371 πρὸς
1579 5298 1678 5368 τὴν
1725 5316 1830 5370 μη-

224 5389 369 5460 τέρα
405 5387 572 5443 αὑτοῦ
615 5388 980 5453 ὼδεκαετοῦς
1022 5384 1176 5452 ὄντος
1227 5389 1520 5463 ἀπόκρισιν
1547 5406 1560 5418 ·
1599 5391 1721 5445 Οὐκ
1744 5390 1834 5443 οἷ-

312 5567 329 5598 ¹
353 5567 507 5622 Adtle
529 5566 607 5624 δέ.

723 5569 922 5639 ’Iren.
970 5567 1031 5622 ού
1078 5569 1204 5639 περὶ
1251 5566 1365 5639 τοῦθ
1396 5567 1522 5622 ὑπό.

226 5637 514 5703 θάνοντος,
544 5639 637 5692 καὶ
686 5638 782 5692 τοῦ
820 5640 991 5695 διδασ.
1071 5639 1094 5671 ’⁵
1128 5637 1233 5695 Isa.
1270 5654 1308 5704 ι,
1344 5638 1399 5694 5.

1473 5640 1495 5672 ⁸
1521 5637 1648 5694 (ise.
1684 5655 1755 5705 ιν,
1790 5645 1841 5691 1.

1937 4929 2071 4998 quid
2112 4928 2185 4983 sit
2223 4927 2385 4997 alpha
2443 4926 2637 4989 dicito,
2670 4934 2786 4981 tum
2826 4942 2927 4997 ego
2975 4927 3104 4998 quid
3150 4928 3224 4985 sit
3268 4930 3393 4986 beta
3438 4946 3528 4986 re-

1939 5020 2244 5090 spondebo.
2279 5019 2437 5086 Quod
2472 5019 2549 5073 illi
2575 5018 2657 5074 sic
2698 5019 3156 5089 interpretantur,
3185 5022 3342 5093 quasi
3375 5023 3527 5078 solus

1941 5108 2093 5182 quod
2146 5118 2268 5165 erat
2323 5110 2570 5179 ignotum
2604 5108 2960 5180 intelligeret;
2990 5108 3157 5179 idque
3203 5110 3529 5167 sublitterm

1940 5203 2103 5274 alpha
2164 5200 2347 5271 specie
2403 5200 2688 5255 declarare
2733 5200 2920 5255 vellet.
2979 5198 3254 5255 Nonnulla
3304 5217 3529 5274 quoque

1940 5310 2062 5366 quae
2107 5295 2163 5349 in
2213 5292 2507 5365 Evangelio
2560 5294 2846 5365 leguntur,
2892 5293 2960 5348 ad
3000 5291 3247 5350 eamdem
3296 5293 3526 5350 formam

1945 5386 2244 5460 applicant.
2290 5383 2451 5443 Velut
2482 5386 2627 5459 quod
2680 5385 2846 5442 matri
2890 5400 3006 5442 suae
3036 5385 3325 5444 duodecim
3364 5396 3528 5445 natus

1634 5568 1656 5599 ³
1685 5565 1833 5637 Supp

1941 5568 2189 5644 dqm_ex
2253 5567 2397 5644 lre_n.
2441 5567 2841 5644 παιδὸς-ὄντος,
2896 5569 3008 5644 κοιὶῄ
3038 5569 3349 5644 γράμματα
3392 5589 3528 5642 μαν-

1929 5639 1950 5671 ⁶
1973 5636 2121 5695 Psal.
2158 5654 2281 5703 XIII,
2313 5639 2366 5694 5.
2442 5642 2462 5673 ⁷
2508 5638 2677 5696 Exod.
2717 5655 2913 5706 χχχιιι,
2949 5636 3094 5698 20.”
3120 5636 3311 5697 δ’ῧίιιι.
3342 5636 3445 5706 xu,
3469 5644 3523 5697 9.

306 5843 424 5917 (37)
468 5844 579 5899 Kal
624 5847 678 5900 οι
722 5848 932 5906 λευκοὶ
984 5842 1388 5904 λευκανθῶσι.
1426 5844 1484 5904 In
1526 5846 1716 5903 Graeco
1754 5853 1833 5902 est

1941 5845 1983 5899 ιὶ
2014 5842 2438 5899 ὲκλευκανθῶσι.

447 5939 721 6002 Pauor.
756 5940 873 6001 Gn.
908 5944 1050 6005 XLI

3079 5937 3159 5997 20
