3934 6430
511 366 624 422 M9

1929 364 1987 420 S.
2030 363 2373 422 EPIPHANH

3657 377 3742 432 ερο

517 502 696 548 annos
725 487 1008 559 respondit
1046 505 1060 542 :
1097 485 1426 542 Nesciebatis
1455 485 1594 556 quod
1636 486 1692 540 in
1722 486 1790 540 iis
1820 501 1938 556 qua:
1968 485 2074 540 Pa-

2188 487 2348 551 ὃατε,
2387 489 2475 542 ὅτι
2516 489 2586 544 ἐν
2628 489 2752 558 τοῖς
2790 491 2895 546 τοῦ
2924 494 3155 560 Πατρός
3188 511 3307 563 μου
3352 494 3445 548 δεῖ
3471 511 3546 564 με
3583 492 3743 559 sirm;

507 584 616 637 tris
647 583 749 637 mei
777 590 922 644 sunt.
966 587 1167 649 oportet
1195 595 1277 633 me
1303 594 1417 633 esse
1447 579 1500 632 ‘?
1538 577 1703 649 254
1731 575 1905 643 Quem
1940 576 2088 632 enim

515 673 856 736 nesciebant,
885 671 1162 741 inquiunt,
1185 668 1399 723 Patrem
1428 667 1537 723 illis
1559 668 1870 722 nuntiabat.
1893 668 2093 733 Quam-

511 765 704 821 obrem
733 771 793 819 ut
825 764 1067 834 ignotum
1103 761 1366 817 hactenus
1422 759 1641 816 Patrem
1690 759 2088 830 praedicarent,

511 854 802 912 duodecim
835 855 903 909 ad
938 855 1114 910 tribus
1156 853 1376 909 misisse
1408 852 1560 907 illum
1595 851 1894 922 discipulos
1937 866 2090 906 asse-

514 955 664 1003 runt.
699 945 906 1003 Deinde
929 960 1056 1001 cum
1107 945 1273 1010 alius,
1305 944 1610 1014 Praeceptor
1634 942 1798 998 bone!
1836 942 2087 1007 dixisset,

505 1031 766 1110 eumqui
815 1053 942 1096 vere
999 1039 1179 1094 bonus
1207 1044 1294 1093 est
1331 1037 1500 1092 Deum
1545 1037 1746 1092 diserte
1773 1035 2087 1091 confessum

513 1128 703 1187 fuisse.
735 1129 877 1197 Quid
915 1145 1018 1194 me,
1047 1128 1245 1198 inquit,
1280 1127 1413 1182 dicis
1445 1126 1680 1183 bonum?
1713 1127 1858 1182 Unus
1888 1137 1966 1181 est
1997 1128 2086 1182 bo-

510 1221 824 1287 nus,Pater
871 1222 962 1292 qui
1007 1221 1061 1274 in
1111 1220 1253 1275 caelis
1281 1229 1358 1274 est
1403 1221 1446 1273 ².
1495 1218 1771 1274 ϐωἰοτυηι
1803 1233 1967 1288 porro
1998 1234 2091 1274 no-

508 1314 660 1369 mine
701 1312 912 1369 Eonas
950 1311 1115 1368 modo
1161 1311 1512 1382 accipiendos
1547 1325 1689 1366 esse.
1722 1309 1879 1376 Quod
1908 1319 2088 1365 autem

510 1407 966 1479 percontantibus
999 1425 1013 1462 :
1045 1405 1109 1460 In
1150 1422 1256 1476 qua
1311 1413 1566 1474 potestate
1624 1405 1721 1458 hoc
1749 1405 1883 1474 facis
1915 1405 1969 1458 '?
1998 1421 2083 1461 re-

496 1499 729 1570 spondit
755 1498 923 1564 nihil,
948 1496 1042 1552 sed
1055 1497 1217 1551 aliam
1239 1496 1360 1566 ejus
1381 1496 1736 1567 quaestionem
1766 1496 2084 1568 proposuit;

507 1591 852 1648 declaratum
885 1589 1020 1644 illud
1061 1603 1127 1644 eo
1158 1588 1374 1644 silentio
1408 1595 1624 1658 putant,
1674 1602 1946 1643 summum
1979 1586 2087 1641 Pa-

509 1693 648 1738 trem
687 1681 853 1736 nullis
895 1695 1059 1750 posse
1102 1679 1284 1734 verbis
1314 1680 1600 1748 explicari.
1628 1679 1790 1736 Velut
1819 1683 1981 1737 etiam
2010 1683 2085 1736 ita

508 1787 631 1830 cum
655 1774 875 1828 locutus
905 1779 990 1826 est
1022 1787 1034 1823 :
1065 1769 1215 1838 Swpe
1238 1787 1331 1841 ego
1370 1771 1672 1826 desideravi
1693 1789 1853 1826 unum
1877 1789 1943 1828 ea:
1972 1774 2083 1827 illis

2197 581 2291 633 Ὃν
2317 580 2416 634 ούκ
2440 581 2684 652 ᾔδεισαν,
2710 583 2864 651 φασὶ,
2896 583 3117 656 Πατέρα
3159 586 3523 656 κατήγγελλεν
3554 589 3744 650 αὐτοῖς·

2190 671 2283 724 καὶ
2319 671 2408 724 διὰ
2437 671 2594 726 τοῦτο
2645 675 2926 745 ἐκπέμψαι
2968 677 3096 740 τοὺς
3131 677 3378 747 μαθητὰς
3411 678 3495 740 εἰς
3537 677 3632 741 τὰς
3659 678 3748 732 δὼ-

2189 761 2320 815 δεκα
2350 763 2542 831 φυλὰς,
2573 765 2950 836 κηρύσσοντας
2981 764 3072 818 τὸν
3096 766 3372 834 ἄγνωστον
3408 767 3587 830 αὐτοῖς
3614 767 3745 822 Θεόν.

2188 854 2297 907 Kal
2320 853 2396 924 τῷ
2427 855 2633 909 εἰπόντι
2657 857 2826 927 αὐτῷ,
2855 857 3194 913 Διδάσκαλε
3215 859 3420 927 ἀγαθὲ,
3443 859 3533 912 τὸν
3558 859 3748 929 ἀληθῶς

2187 945 2392 1014 ἀγαθὸν
2443 945 2575 1001 Θεὸν
2627 946 3076 1019 ὡμολογηκέναι,
3129 949 3369 1002 εἰπόντα·
3403 949 3466 1003 Τί
3479 965 3556 1017 με
3578 949 3748 1019 λέγεις

2187 1034 2446 1104 ἀναδύη
2472 1031 2755 1102 Εἷςέστιν
2788 1036 3034 1106 ἀγαθὸς,
3069 1040 3102 1091 ό
3127 1038 3329 1105 Πατὴρ
3351 1039 3422 1091 ἐν
3451 1038 3572 1104 τοῖς
3594 1041 3745 1107 obpa-

2187 1127 2335 1191 γοῖς.
2365 1127 2640 1197 Ούρανοὺς
2667 1127 2722 1180 δὲ
2750 1129 2844 1181 νῦν
2867 1131 2992 1192 τοὺς
3017 1129 3230 1192 Ait?)an
3260 1131 3508 1201 εἰρῆσθαι
3534 1130 3747 1199 λέγουσι.

2187 1217 2298 1270 Kal
2323 1217 2411 1269 διὰ
2438 1218 2500 1270 τὸ
2529 1218 2602 1289 μὴ
2643 1219 3011 1290 ἀποκριθῆναι
3040 1223 3153 1284 τοῖς
3191 1221 3436 1274 εἰποῦσιν
3467 1221 3628 1291 αύτῷ,
3669 1224 3748 1274 Ἐν

2188 1308 2330 1374 ποίᾳ
2369 1308 2619 1377 δυνάμει
2649 1310 2827 1364 τοῦτο
2861 1311 3090 1376 ποιεῖς;
3119 1310 3253 1363 άλλὰ
3289 1315 3356 1382 τῇ
3397 1313 3746 1383 ἀντεπερωτή-

2189 1417 2270 1453 σει
2300 1401 2572 1473 ἀπορῆσαι
2606 1404 2804 1467 αὐτοὺς
2844 1405 2888 1467 ⁸,
2935 1403 2998 1456 τὸ
3046 1406 3286 1477 ἄρρητον
3330 1404 3428 1457 τοῦ
3456 1405 3675 1475 Πατρὸς,
3699 1406 3744 1456 ὲν

2186 1491 2263 1563 τῷ
2287 1495 2460 1546 εἰπεῖν
2492 1495 2555 1559 ¹⁰,
2595 1495 2890 1565 δεδειχέναι
2923 1497 3082 1549 αὑτὸν
3116 1495 3462 1566 ἐξηγοῦνται.
3501 1496 3650 1550 Ἀλλὰ
3669 1497 3744 1550 καί

2186 1582 2244 1634 ὲν
2285 1581 2362 1652 τῷ
2389 1581 2688 1653 εἰρηκέναι,
2719 1583 3026 1651 Πολλάκις
3068 1585 3421 1653 ἐπεθύμησα
3452 1584 3562 1656 (58)
3589 1585 3743 1639 ἀκοῦ-

2185 1690 2288 1728 σαι
2318 1673 2427 1728 ἕνα
2478 1673 2595 1728 τῶν
2625 1679 2824 1746 λόγων
2864 1677 3109 1743 τούτων,
3152 1676 3250 1730 καί
3290 1679 3404 1730 οὐκ
3442 1677 3627 1746 ἔσχον
3656 1677 3743 1731 τὸν

2185 1764 2459 1832 ἐροῦντα,
2511 1767 2876 1836 ’ὲμιραίνοντός
2920 1785 3052 1836 φασι
3109 1767 3218 1820 δεῖν
3269 1767 3359 1821 διὰ
3396 1767 3490 1820 τοῦ
3531 1768 3640 1831 ἑνὸς
3667 1769 3741 1821 τὸν

507 1862 834 1919 sermonibus
857 1860 1063 1925 audire,
1090 1837 1182 1914 nec
1206 1837 1296 1930 qui
1316 1859 1511 1914 diceret
1542 1861 1726 1926 habui,
1760 1870 1967 1932 aperte,
1989 1861 2074 1914 in-

2181 1855 2393 1926 ἀληθῶς
2439 1856 2535 1910 ἕνα
2574 1858 2728 1922 Θεὸν,
2774 1858 2833 1911 ὃν
2881 1858 2982 1910 ούκ
3033 1857 3392 1927 ὲγνώκεισαν.
3430 1859 3548 1911 Ἔτι
3591 1859 3644 1910 ὲν
3680 1859 3742 1927 τῷ

507 1957 727 2023 quiunt,
762 1967 930 2008 unum
970 1951 1209 2008 ostendit
1241 1967 1365 2009 esse
1405 1951 1613 2017 Deum,
1649 1968 1811 2023 quem
1857 1953 2082 2008 minime

507 2045 583 2098 illi
615 2050 970 2111 cognoscent.
1013 2041 1094 2096 Ad
1130 2042 1244 2096 haec
1273 2057 1398 2096 cum
1430 2041 1772 2099 Hierusalem
1813 2045 2081 2100 accedens

504 2135 643 2202 ﬂevit
669 2149 823 2200 super
875 2149 1013 2197 eam,
1041 2141 1092 2186 et
1124 2131 1263 2185 dixit
1299 2147 1318 2186 :
1364 2132 1426 2188 Si
1455 2135 1785 2204 cognovisses
1831 2147 1883 2191 et
1913 2146 1970 2190 tu
1991 2179 2004 2202 ,
2035 2150 2082 2189 et

503 2225 712 2298 quidem
755 2229 815 2280 in
859 2226 956 2278 hac
985 2224 1088 2290 die,
1135 2241 1254 2296 quae
1283 2224 1351 2278 ad
1382 2239 1565 2294 pacem
1599 2235 1723 2280 sunt
1758 2226 1850 2280 tibi
1884 2243 1902 2282 :
1938 2245 2076 2282 nunc

501 2330 678 2374 autem
735 2317 1049 2373 abscondita
1081 2325 1206 2371 sunt
1257 2315 1354 2369 tibi
1379 2317 1401 2348 ⁵
1430 2332 1444 2369 :
1473 2317 1737 2375 vocabulo
1777 2317 1918 2383 isto,
1960 2316 2080 2370 abs-

500 2408 714 2463 condita
745 2416 888 2474 sunt,
928 2405 1199 2462 occultam
1239 2404 1399 2476 Bythi
1442 2413 1696 2460 naturam
1737 2407 2081 2462 abstrusam-

499 2515 606 2569 que
631 2498 1053 2555 demonstravit.
1083 2496 1552 2563 Quemadmodum
1579 2505 1632 2552 ct
1669 2498 1821 2553 hisce
1854 2496 2032 2553 verbis
2059 2513 2073 2550 :

507 2592 688 2647 Venite
715 2593 784 2646 ad
812 2609 892 2646 me
934 2606 1112 2646 omnes
1180 2591 1271 2661 qui
1300 2589 1577 2654 laboratis,
1612 2599 1661 2646 et
1684 2591 1891 2645 onerati
1925 2591 2074 2654 estis,

492 2693 545 2739 et
566 2701 658 2756 ego
676 2685 913 2754 reﬁciam
942 2699 1030 2737 vos
1059 2683 1080 2716 '
1102 2701 1117 2750 ;
1157 2690 1214 2738 et
1239 2701 1252 2736 :
1277 2681 1476 2737 Discite
1494 2700 1524 2736 a
1543 2701 1622 2739 me
1645 2685 1686 2748 °,
1707 2696 1839 2749 etc.,
1860 2683 2080 2739 Verita-

496 2779 565 2833 tis
589 2776 878 2832 Parentem
903 2775 1176 2831 indicasse
1191 2772 1537 2829 conﬁrmant.
1562 2774 1718 2841 Quod
1741 2776 1885 2830 enim
1919 2776 2077 2846 igno-

494 2869 712 2934 rabant,
743 2867 1020 2939 inquiunt,
1053 2867 1158 2922 hoc
1208 2882 1268 2922 se
1313 2869 1436 2922 illos
1483 2867 1806 2922 edocturum
1839 2869 2068 2939 recepit.

493 2961 780 3019 Postremo
827 2961 969 3016 hanc
1023 2960 1172 3016 velut
1221 2975 1403 3016 arcem
1449 2961 1791 3030 probationis
1849 2977 1962 3018 sua:
2007 2979 2072 3019 ac

495 3048 775 3119 fastigium
834 3047 1150 3119 proferunt,
1187 3050 1334 3119 quod
1393 3049 1536 3104 idem
1586 3051 1851 3106 Dominus
1884 3052 2068 3110 dixit:

492 3139 760 3209 Conﬁteor
791 3140 906 3207 tibi,
942 3139 1102 3194 Pater
1125 3139 1349 3194 Domine
1364 3141 1479 3194 caeli
1496 3157 1559 3195 ac
1590 3151 1766 3206 teme,
1793 3143 1918 3212 quia
1947 3144 2070 3198 abs-
2095 3175 2139 3234 ο

499 3233 728 3288 condisti
780 3250 812 3286 a
878 3231 1201 3302 sapientibus
1239 3243 1289 3287 et
1333 3232 1703 3301 prudentibus,
1733 3243 1782 3287 et
1821 3234 2064 3290 revelasti

493 3342 560 3381 ea
593 3325 846 3393 parvulis.
877 3322 986 3389 Ita,
1015 3322 1198 3386 Pater,
1215 3324 1465 3392 quoniam
1496 3340 1674 3376 coram
1704 3332 1752 3378 te
1781 3323 2068 3393 beneplaci-

490 3426 604 3469 tum
626 3425 703 3470 est
730 3415 878 3468 mihi.
915 3415 1105 3469 Omnia
1124 3414 1254 3468 mihi
1277 3414 1479 3468 tradita
1499 3424 1621 3468 sunt
1653 3432 1686 3468 a
1717 3414 1881 3470 Patre
1911 3433 2022 3471 meo
2050 3433 2069 3472 :

490 3517 544 3562 et
589 3522 738 3560 nemo
769 3507 910 3559 novit
949 3503 1168 3559 Patrem
1223 3505 1327 3558 nisi
1359 3503 1559 3569 Filius,
1607 3514 1655 3559 et
1688 3503 1888 3559 Filium
1921 3523 2072 3561 nemo

489 3598 630 3654 novit
648 3597 752 3652 nisi
769 3596 932 3650 Pater
953 3603 1003 3650 et
1034 3597 1119 3649 cui
1151 3597 1368 3650 voluerit
1406 3595 1455 3649 F
1458 3597 1582 3651 ilius
1618 3599 1905 3652 revelare'.
1944 3596 2073 3663 Qui-

492 3691 596 3746 bus
625 3689 804 3744 verbis
845 3687 1128 3744 evidenter
1164 3688 1269 3742 hoc
1301 3689 1369 3743 ab
1401 3689 1494 3743 illo
1523 3689 1862 3744 declaratum
1889 3689 2075 3746 existi-

489 3789 664 3846 mant,
696 3796 858 3853 quem
909 3780 1016 3850 ipsi
1056 3779 1316 3836 Veritatis
1353 3779 1645 3837 Parentem
1679 3790 1886 3838 temere
1915 3797 2070 3838 com-

489 3873 666 3928 menti
700 3883 863 3939 sunt,
897 3872 1046 3926 hunc
1080 3879 1370 3942 antequam
1397 3871 1654 3928 Christus
1691 3875 1931 3930 venisset
1971 3887 2069 3928 ne-

489 3963 626 4017 mini
685 3963 856 4018 fuisse
889 3958 1205 4034 cognitum;
1245 3971 1437 4018 contra
1485 3979 1616 4018 vero
1665 3964 1810 4019 istud
1845 3965 2064 4035 colligi,

485 4053 841 4111 Conditorem
895 4067 960 4108 ac
1017 4052 1334 4108 Creatorem
1389 4060 1659 4124 perpetuo
1709 4053 2065 4110 manifestum

485 4251 593 4291 non
633 4236 908 4290 dubitant.

561 4331 707 4386 XIX.
740 4331 761 4364 ⁸
796 4329 952 4397 Quod
993 4336 1177 4386 autem
1210 4330 1280 4386 ad
1306 4328 1760 4400 Redemptionem
1792 4331 2059 4401 pertinet,

2179 1953 2485 2019 προσχόντα
2513 1949 2672 2003 αὑτὸν
2703 1952 2769 2020 τῇ
2813 1950 3187 2021 Ἰερουσαλὴμ,
3220 1950 3519 2019 δακρῦσαι
3544 1952 3628 2003 ἐπ’
3657 1953 3742 2004 αὺ-

2178 2039 2303 2103 τὸν,
2341 2039 2437 2093 καὶ
2488 2039 2708 2094 εἰπεῖν·
2756 2043 2825 2094 Εἰ
2877 2041 3068 2111 ἔγνως
3109 2042 3210 2096 καὶ
3258 2043 3342 2098 σὺ
3385 2041 3642 2112 σήμερον
3684 2043 3739 2094 τὰ

2179 2130 2324 2198 πρὸς
2378 2131 2656 2198 εἰρήνην·
2697 2132 2915 2200 ἐκρύϐη
2946 2132 3012 2186 δέ
3057 2149 3172 2188 σου
3200 2134 3265 2198 ¹¹,
3299 2133 3391 2188 διὰ
3431 2133 3523 2186 τοῦ
3551 2133 3736 2200 ἐκρύϐη

2181 2221 2421 2290 ῥήματος
2455 2222 2514 2275 τὸ
2547 2223 2870 2294 ἀπόκρυφον
2904 2224 2997 2277 τοῦ
3039 2224 3211 2278 Βυθοῦ
3244 2225 3625 2297 δεδηλωκέναι.
3649 2224 3738 2276 Καὶ

2179 2311 2340 2364 πάλιν
2371 2312 2613 2367 εἰπόντα’
2645 2314 2822 2369 Δεῦτε
2849 2316 2999 2382 πρός
3023 2333 3119 2385 με,
3147 2315 3734 2382 πάντεςοίκοπιῶντες

2177 2403 2279 2456 καί
2301 2404 2773 2474 πεφορτισμένοι,
2795 2405 2956 2474 κάγὼ
2977 2405 3308 2460 ἀναπαύσω
3326 2404 3501 2475 ὑμᾶς·
3516 2403 3734 2470 καὶ,Μά-

2177 2493 2309 2546 θετε
2327 2493 2426 2548 ἀπ’
2458 2495 2628 2562 ἐμοῦ,
2651 2495 2746 2551 καὶ
2777 2495 2845 2548 τὰ
2871 2495 3018 2564 £55,:-
3038 2495 3127 2549 τὸν
3149 2497 3246 2566 τῆς
3271 2496 3530 2567 ἀληθείας
3550 2493 3734 2564 Πατέρα

2177 2587 2634 2658 κατηγγελκέναι.
2674 2590 2739 2642 Ὃ
2764 2587 2873 2659 γὰρ
2901 2589 3001 2642 ούκ
3029 2590 3270 2660 ᾔδεισαν,
3303 2590 3461 2660 φησὶ,
3489 2588 3636 2641 τοῦτο
3653 2587 3732 2640 αύ-

2173 2684 2286 2743 τοϊς
2315 2680 2600 2751 ὑπέσχετο,
2633 2678 2862 2745 διδάξειν
2893 2682 2934 2713 ¹²
2961 2681 3016 2735 δὲ
3031 2680 3128 2753 τὴν
3158 2682 3444 2736 ἀνωτάτω.
3469 2681 3574 2734 Καὶ
3598 2678 3732 2732 οἱονεί

2179 2772 2445 2844 κορωνίδα
2499 2773 2601 2844 τῆς
2661 2775 2972 2840 ὑποθέσεως
3035 2775 3216 2831 αὐτῶν
3270 2776 3500 2849 φέρουσι
3552 2773 3728 2828 ταῦτα·

2187 2865 2735 2937 Ἐξομολογήσομαί
2760 2885 2882 2934 σοι,
2915 2870 3108 2938 Πάτερ
3140 2870 3324 2938 Κύριε
3358 2869 3478 2924 τῶν
3496 2864 3728 2936 οὐρανῶν

2174 2959 2274 3012 καί
2299 2957 2406 3027 τῆς
2436 2959 2571 3028 γῆς,
2596 2959 2685 3012 ὅτι
2710 2960 3067 3029 ἀπέκρυψας
3098 2960 3219 3015 ἀπὸ
3247 2959 3463 3030 σοφῶν
3485 2960 3576 3015 καί
3603 2973 3727 3011 συν-

2172 3050 2343 3115 ετῶν,
2392 3051 2489 3105 καί
2541 3051 2942 3120 ἀπεκάλυψας
2983 3051 3138 3106 αὐτὰ
3178 3053 3440 3118 νηπίοις.
3487 3050 3529 3082 ¹³
3561 3049 3667 3103 Οὺὰ
3702 3051 3727 3099 ό

2172 3138 2374 3209 Πατήρ
2401 3159 2543 3211 μου,
2576 3142 2665 3195 ὅτι
2697 3142 3040 3212 ἔμπροσθέν
3078 3159 3194 3197 σου
3233 3143 3486 3198 εὐδοκία
3513 3160 3607 3212 μοι
3628 3138 3727 3209 ἐγέ-

2170 3250 2325 3288 νετο.
2359 3233 2562 3289 Πάντα
2585 3254 2686 3305 μοι
2707 3236 3003 3304 παρεδόθη
3043 3237 3162 3291 ὑπὸ
3206 3236 3314 3291 τοῦ
3353 3237 3578 3303 Πατρός
3610 3249 3721 3302 μου·

2171 3327 2267 3380 καὶ
2288 3328 2488 3394 οὐδεὶς
2515 3329 2669 3398 ἔγνω
2713 3329 2822 3384 τὸν
2847 3329 3079 3398 Πατέρα
3105 3333 3156 3383 εἰ
3173 3329 3260 3398 μὴ
3293 3332 3327 3383 ὀ
3360 3329 3509 3394 Υἱὸς,
3532 3327 3617 3380 καὶ
3643 3324 3725 3377 τεν

2175 3421 2314 3474 Υἱὸν
2338 3422 2392 3473 εἰ
2419 3420 2504 3490 μὴ
2531 3425 2564 3476 ό
2590 3421 2815 3489 Πατὴρ,
2856 3422 2956 3476 καὶ
2981 3415 3028 3488 ᾧ
3049 3421 3126 3476 ἂν
3153 3425 3186 3475 ό
3218 3423 3352 3488 mg
3371 3419 3720 3485 ἀποκαλύψῃ.

2181 3510 2269 3565 Ἐν
2316 3511 2529 3576 τούτοις
2580 3511 2880 3585 διαρρήδην
2939 3514 3071 3582 φασὶ
3120 3513 3419 3584 δεδειχέναι
3466 3511 3633 3574 αὐτὸν,
3663 3508 3722 3568 ὡς

2170 3601 2260 3654 τὸν
2288 3603 2378 3655 ὑπ’
2419 3603 2580 3656 αὑτὸν
2609 3603 2653 3644 ιδ
2686 3603 3162 3675 παρεξευρημένον
3211 3604 3438 3675 Πατέρα
3480 3598 3721 3669 ’Δληθείας

2175 3695 2281 3766 πρὸ
2305 3694 2407 3764 τῆς
2444 3696 2748 3766 παρουσίας
2794 3695 2959 3749 αὑτοῦ
3000 3695 3226 3766 μηδενὸς
3260 3695 3480 3749 πώποτε
3516 3691 3718 3762 ἐγνωκὸ-

2169 3803 2288 3851 τος’
2325 3789 2418 3840 καὶ
2452 3789 2884 3853 κατασκευάζειν
2937 3788 3203 3852 θέλουσιν,
3250 3787 3328 3852 ὡς
3385 3786 3478 3840 τοῦ
3521 3785 3716 3853 Ποιητοῦ

2169 3877 2264 3929 καὶ
2310 3876 2538 3930 Κτίστου
2569 3878 2656 3931 ἀεὶ
2685 3879 2790 3930 ὑπὸ
2819 3879 3033 3933 πάντων
3067 3879 3434 3949 ἐγνωσμένου.
3453 3877 3557 3930 Kal
3579 3873 3718 3928 ταῦτα

2166 3968 2256 4020 τὸν
2287 3967 2484 4040 Κύριον
2522 3971 2803 4042 εἰρηκέναι
2855 3973 2982 4044 περὶ
3012 3971 3104 4024 τοῦ
3151 3970 3434 4040 ἀγνώστου
3478 3971 3582 4033 τοῖς
3609 3967 3716 4019 πᾶσι

2167 4059 2400 4130 Πατρὸς,
2435 4060 2493 4113 ὂν
2518 4062 2672 4116 αὐτοὶ
2703 4064 3150 4132 καταγγέλλουσι.
3594 4046 3605 4054 ’

372 4139 377 4144 ’
485 4146 744 4201 omnibus
767 4144 962 4201 fuisse.
991 4142 1116 4199 Haec
1139 4145 1284 4200 enim
1317 4145 1503 4200 omnia
1549 4145 1618 4200 de
1649 4145 1838 4216 ignoto
1872 4147 1965 4202 illo
2014 4145 2274 4218 Parente,
2304 4166 2466 4221 quem
2532 4153 2634 4222 ipsi
2675 4155 2994 4224 praedicant,
3039 4171 3070 4209 a
3124 4155 3349 4213 Christo
3397 4150 3711 4228 pronuntiata

2234 4331 2334 4388 16’.
2366 4330 2477 4402 Τὴν
2517 4332 2574 4385 δὲ
2602 4331 2701 4403 τῆς
2742 4332 3194 4405 ’Λπολυτρὼσεως
3228 4334 3412 4399 αὐτοῖς
3454 4333 3710 4406 παράδοσιν

481 4435 605 4478 eam
631 4438 809 4492 neque
831 4421 1025 4491 aspici,
1053 4436 1232 4492 neque
1255 4421 1646 4492 comprehendi
1669 4423 1852 4477 animo
1901 4437 2063 4492 posse

2177 4423 2516 4495 συμϐέϐηκεν
2569 4423 2798 4496 ἀόρατον
2852 4420 2991 4478 εἰναι
3047 4425 3141 4478 καὶ
3179 4427 3588 4497 ἀκατάληπτον,
3635 4422 3708 4475 ἅτε

481 4511 796 4578 deﬁniunt;
827 4519 1036 4582 utpote,
1074 4528 1196 4582 quae
1229 4527 1420 4567 eorum
1456 4520 1631 4566 mater
1656 4512 1749 4575 sit,
1784 4529 1906 4582 qum
1935 4528 2060 4582 pcr-

481 4619 637 4674 atque
673 4603 943 4658 contineri
989 4617 1054 4657 ac
1079 4603 1252 4657 videri
1282 4611 1576 4672 nequeant.
1609 4604 1790 4668 Quare
1816 4619 1939 4659 cum
1971 4606 2060 4659 in-

483 4699 746 4748 constans
770 4701 934 4762 atque
960 4690 1240 4745 instabilis
1267 4691 1364 4755 sit,
1390 4707 1498 4745 non
1530 4707 1636 4744 una
1656 4691 1802 4746 illam
1834 4708 1898 4747 ac
1925 4694 2060 4748 sim-

483 4780 608 4854 plex
637 4780 815 4836 oratio
841 4781 1126 4850 complecti
1162 4788 1377 4848 potest;
1407 4780 1665 4849 quoniam
1699 4781 1767 4836 ab
1806 4798 2058 4853 unoquo-

482 4889 590 4944 que
643 4873 864 4928 illorum
895 4885 1000 4943 pro
1046 4887 1146 4926 suo
1192 4879 1329 4925 nutu
1372 4885 1436 4924 ac
1476 4871 1759 4928 voluntate
1801 4873 2057 4932 traditur.

481 4963 642 5035 255
659 4963 803 5031 Quot
820 4961 966 5018 enim
987 4967 1116 5018 sunt
1139 4961 1284 5015 illius
1303 4961 1570 5032 dogmatis
1591 4976 1654 5015 ac
1675 4965 2058 5033 mysteriorum

481 5055 775 5120 antistites,
796 5053 1021 5108 totidem
1036 5061 1089 5106 et
1104 5051 1508 5122 redemptioncs
1520 5067 1638 5107 esse
1657 5053 1865 5108 dicunt.
1884 5054 2062 5109 Enim-

485 5163 610 5202 vero
651 5155 819 5202 totam
854 5145 1000 5199 illam
1041 5143 1276 5213 speciem
1327 5150 1490 5213 atque
1519 5159 1772 5214 pompam
1809 5144 2060 5216 ejurandi

480 5235 826 5306 baptismatis
874 5236 1188 5306 iterataque
1238 5234 1385 5289 illius
1439 5249 1470 5288 a
1529 5237 1640 5291 Deo
1694 5240 2062 5308 generationis

483 5330 677 5396 gratia,
708 5341 763 5385 et.
787 5327 1107 5400 abjiciendte
1140 5325 1263 5382 ﬁdei
1297 5342 1328 5380 a
1362 5325 1566 5382 Satana
1591 5328 1884 5383 conﬁctam
1913 5346 2057 5397 esse,

564 5463 748 5534 *.__I.uc.
776 5480 838 5530 tt,
873 5467 960 5522 42.
1033 5470 1054 5501 ⁸
1085 5467 1274 5520 Matth.
1307 5483 1421 5527 nx,
1452 5465 1540 5521 l7.
1616 5467 1637 5500 ⁸
1669 5467 1802 5524 Luc.
1837 5486 1928 5530 xx,
1958 5470 2014 5525 2.

2177 5484 2264 5525 uc.
2289 5486 2402 5534 xu,
2435 5469 2524 5523 42.
2600 5469 2622 5501 ⁸
2647 5468 2833 5523 Matth.
2877 5484 2953 5534 χι,
2982 5469 3072 5524 28.

2161 4511 2270 4566 τῶν
2311 4515 2634 4585 ἀκρατήτων
2676 4513 2770 4566 καὶ
2813 4513 3060 4584 ἀοράτων
3107 4514 3316 4585 μητέρα
3373 4514 3704 4584 ὑπάρχουσαν.

2162 4605 2273 4659 Kal
2296 4605 2384 4659 διὰ.
2409 4605 2568 4659 τοῦτο
2593 4607 2824 4660 ἄστατον
2854 4601 3039 4670 οὖσαν,
3071 4607 3171 4676 οὐχ
3199 4606 3406 4671 ἁπλῶς,
3436 4606 3550 4660 οὐδὲ
3578 4602 3646 4654 ἐνὶ
3672 4597 3704 4628 ¹¹

2162 4696 2303 4769 λόγῳ
2336 4698 2662 4768 ἀπαγγεῖλαι
2695 4698 2808 4751 ἐστι
2841 4698 2926 4751 διὰ
2954 4698 3015 4750 τὸ
3047 4699 3106 4750 ἒν
3123 4699 3351 4752 ἕκαστον
3378 4697 3567 4759 αὐτῶν,
3598 4691 3704 4746 καθ-

2160 4789 2234 4854 ὼς
2266 4791 2419 4844 αὐτοὶ
2460 4789 2772 4859 βούλονται,
2820 4788 3174 4859 παραδιδόναι
3210 4789 3402 4860 αύτὴν.
3449 4788 3591 4840 Ὅσοι
3617 4780 3702 4850 γάρ

2164 4879 2270 4932 εἰσι
2295 4877 2499 4948 ταύτης
2545 4877 2645 4947 τῆς
2688 4877 2913 4947 γνώμης
2954 4877 3322 4946 μυσταγωγοὶ.
3365 4875 3602 4930 τοσαῦται
3629 4868 3705 4922 καὶ

2165 4968 2586 5038 ἀπολυτρώσεις.
2616 4967 2725 5019 Kal
2758 4968 2836 5019 ὃτι
2868 4966 2965 5037 μὲν
2994 4968 3074 5030 εἰς
3103 4966 3389 5036 ὲξάρνησιν
3416 4965 3504 5018 τοῦ
3543 4957 3702 5032 βαπτέ-

2169 5075 2372 5130 σματος
2403 5057 2504 5127 τῆς
2535 5059 2632 5120 ἐἰς
2675 5055 2807 5108 Θεὸν
2835 5057 3267 5126 ἀναγεννήσεως,
3309 5055 3403 5108 καὶ
3441 5055 3604 5120 πάσης
3623 5047 3701 5114 τῆς

2167 5147 2403 5211 πίστεως
2449 5144 2732 5210 ἀπόθεσιν,
2784 5145 3148 5215 ὑποϐέϐληται
3176 5143 3236 5197 τὸ
3265 5140 3401 5207 εἶδος
3440 5139 3526 5196 τοῦ
3557 5138 3594 5168 ¹⁵
3616 5132 3699 5187 ὑπὸ

2167 5240 2262 5290 τοῦ
2289 5237 2524 5300 Σατανᾶ,
2555 5234 2867 5305 ἐλέγχοντες
2907 5234 3104 5296 αὐτοὺς
3124 5230 3530 5302 ἀπαγγελοῦμεν
3561 5226 3613 5278 ἐν
3637 5217 3698 5287 τῷ

2170 5329 2498 5400 προσήκοντι
2524 5327 2692 5397 τόπῳ.
2727 5326 2958 5395 Λέγουσι
2986 5324 3043 5380 δὲ
3079 5325 3249 5397 αὐτὴν
3281 5319 3562 5392 ἀναγκαίαν
3583 5309 3694 5366 εἶναι

3177 5471 3198 5502 ⁸
3227 5468 3355 5524 ibid.
3385 5467 3468 5522 29.
3537 5463 3555 5493 ⁷
3580 5458 3687 5512 Lllc-

486 5545 538 5620 ξ,
568 5531 662 5620 Si,
904 5535 1045 5620 Iren.
1318 5538 1338 5570 ’
1367 5526 1503 5620 Feta,
1534 5537 1669 5620 πρὸς
1699 5541 1790 5620 αὑ.
1811 5611 1846 5620 Π
1871 5526 2074 5620 'ilren.

2177 5557 2189 5610 ι
2217 5526 2409 5620 εἰπεῖῂ
2494 5541 2536 5620 ξι
2564 5538 2839 5620 Ιτοηᾈάπὸ
2871 5526 3020 5620 σού.-
3056 5540 3096 5570 ¹¹
3119 5537 3258 5596 Iren.
3292 5540 3539 5609 ὑπέσχετο
3571 5526 3687 5583 διδά·

485 5599 619 5661 ξειν.
707 5601 1019 5670 Ἀπόδειξιν.

1130 5605 1172 5636 ¹³
1206 5605 1384 5662 Lucas
1415 5606 1503 5659 ναί
1553 5605 1734 5663 habet.
1811 5611 1854 5642 ”
1883 5609 1945 5666 F.
2004 5610 2072 5663 αὑ

2177 5605 2202 5662 ἶ.
2279 5609 2322 5641 ³⁸
2366 5608 2429 5663 F.
2494 5608 2611 5664 ἕνα.
2692 5609 2736 5640 ¹⁶
2775 5608 3106 5680 Ιιθε.τοῦτο.

547 5759 668 5831 (58)
707 5763 1003 5834 Πολλάκις
1032 5767 1402 5838 ἐπεθύμησα.
1450 5769 1730 5843 Nusquam
1778 5771 1894 5828 haec
1935 5778 2074 5829 sentt

2177 5786 2204 5828 a
2234 5771 2288 5827 in
2319 5772 2493 5828 sacris
2525 5770 2745 5830 Litteris
2774 5773 3063 5844 reperitur.
