  <div class='ocr_page' id='page_1' title='image "/cluster/home/n/w/nwhite01/storage/ocr_20150623/41:no.1/coo.31924054869387/317.png"; bbox 0 0 3934 6420; ppageno 0'>
   <div class='ocr_carea' id='block_1_1' title="bbox 412 382 517 439">
    <p class='ocr_par' dir='ltr' id='par_1_1' title="bbox 412 382 517 439">
     <span class='ocr_line' id='line_1_1' title="bbox 412 382 517 439; baseline -0.019 0"><span class='ocrx_word' id='word_1_1' title='bbox 412 382 517 439; x_wconf 74' lang='lat'><strong>623</strong></span> 
     </span>
    </p>
   </div>
   <div class='ocr_carea' id='block_1_2' title="bbox 1838 377 2285 439">
    <p class='ocr_par' dir='ltr' id='par_1_2' title="bbox 1838 377 2285 439">
     <span class='ocr_line' id='line_1_2' title="bbox 1838 377 2285 439; baseline 0.007 -5"><span class='ocrx_word' id='word_1_2' title='bbox 1838 378 1895 435; x_wconf 86' lang='lat' dir='ltr'><strong>S.</strong></span> <span class='ocrx_word' id='word_1_3' title='bbox 1937 377 2285 439; x_wconf 81' lang='lat' dir='ltr'><strong>EPIPHANII</strong></span> 
     </span>
    </p>
   </div>
   <div class='ocr_carea' id='block_1_3' title="bbox 3604 379 3703 434">
    <p class='ocr_par' dir='ltr' id='par_1_3' title="bbox 3604 379 3703 434">
     <span class='ocr_line' id='line_1_3' title="bbox 3604 379 3703 434; baseline 0 0"><span class='ocrx_word' id='word_1_4' title='bbox 3604 379 3703 434; x_wconf 63' lang='grc' dir='ltr'><strong>εει</strong></span> 
     </span>
    </p>
   </div>
   <div class='ocr_carea' id='block_1_4' title="bbox 410 494 1998 569">
    <p class='ocr_par' dir='ltr' id='par_1_4' title="bbox 410 495 1998 568">
     <span class='ocr_line' id='line_1_4' title="bbox 410 495 1998 568; baseline -0.001 -15"><span class='ocrx_word' id='word_1_5' title='bbox 410 499 674 568; x_wconf 76' lang='lat' dir='ltr'><strong>Spiritum</strong></span> <span class='ocrx_word' id='word_1_6' title='bbox 717 495 934 563; x_wconf 85' lang='lat' dir='ltr'><strong>bonum,</strong></span> <span class='ocrx_word' id='word_1_7' title='bbox 966 505 1016 552; x_wconf 84' lang='lat' dir='ltr'><strong>et</strong></span> <span class='ocrx_word' id='word_1_8' title='bbox 1057 495 1249 552; x_wconf 84' lang='lat' dir='ltr'><strong>Vitam.</strong></span> <span class='ocrx_word' id='word_1_9' title='bbox 1281 511 1531 568; x_wconf 74' lang='lat' dir='ltr'><strong>quoniam</strong></span> <span class='ocrx_word' id='word_1_10' title='bbox 1573 496 1631 552; x_wconf 88' lang='lat' dir='ltr'><strong>in</strong></span> <span class='ocrx_word' id='word_1_11' title='bbox 1672 511 1891 567; x_wconf 86' lang='lat' dir='ltr'><strong>corpore</strong></span> <span class='ocrx_word' id='word_1_12' title='bbox 1928 513 1998 551; x_wconf 87' lang='lat' dir='ltr'><strong>re-</strong></span> 
     </span>
    </p>
   </div>
   <div class='ocr_carea' id='block_1_5' title="bbox 2105 494 3709 569">
    <p class='ocr_par' dir='ltr' id='par_1_5' title="bbox 2113 494 3709 569">
     <span class='ocr_line' id='line_1_5' title="bbox 2113 494 3709 569; baseline 0.001 -18"><span class='ocrx_word' id='word_1_13' title='bbox 2113 497 2515 568; x_wconf 68' lang='grc' dir='ltr'><strong>ἐπικαλοῦμαι</strong></span> <span class='ocrx_word' id='word_1_14' title='bbox 2543 497 2673 564; x_wconf 76' lang='grc' dir='ltr'><strong>Φῶς</strong></span> <span class='ocrx_word' id='word_1_15' title='bbox 2696 495 3154 569; x_wconf 79' lang='grc' dir='ltr'>ὀνομαζόμενον,</span> <span class='ocrx_word' id='word_1_16' title='bbox 3181 494 3280 551; x_wconf 75' lang='grc' dir='ltr'>καὶ</span> <span class='ocrx_word' id='word_1_17' title='bbox 3300 494 3546 567; x_wconf 79' lang='grc' dir='ltr'><strong>Πνεῦμα</strong></span> <span class='ocrx_word' id='word_1_18' title='bbox 3571 496 3709 567; x_wconf 72' lang='grc' dir='ltr'>ἀγα-</span> 
     </span>
    </p>
   </div>
   <div class='ocr_carea' id='block_1_6' title="bbox 406 588 1996 663">
    <p class='ocr_par' dir='ltr' id='par_1_6' title="bbox 406 588 1996 663">
     <span class='ocr_line' id='line_1_6' title="bbox 406 588 1996 663; baseline -0.001 -18"><span class='ocrx_word' id='word_1_19' title='bbox 406 592 610 663; x_wconf 71' lang='lat' dir='ltr'><strong>guasti.</strong></span> <span class='ocrx_word' id='word_1_20' title='bbox 642 588 877 657; x_wconf 83' lang='lat' dir='ltr'><strong>Quidam</strong></span> <span class='ocrx_word' id='word_1_21' title='bbox 901 588 1067 662; x_wconf 73' lang='lat'><strong>256</strong></span> <span class='ocrx_word' id='word_1_22' title='bbox 1086 590 1161 646; x_wconf 90' lang='lat' dir='ltr'><strong>ita</strong></span> <span class='ocrx_word' id='word_1_23' title='bbox 1193 589 1630 660; x_wconf 74' lang='lat' dir='ltr'><strong>redemptionem</strong></span> <span class='ocrx_word' id='word_1_24' title='bbox 1660 588 1996 661; x_wconf 89' lang='lat' dir='ltr'><strong>concipiunt.</strong></span> 
     </span>
    </p>
   </div>
   <div class='ocr_carea' id='block_1_7' title="bbox 409 678 2005 739">
    <p class='ocr_par' dir='ltr' id='par_1_7' title="bbox 409 678 2005 739">
     <span class='ocr_line' id='line_1_7' title="bbox 409 678 2005 739; baseline -0.004 0"><span class='ocrx_word' id='word_1_25' title='bbox 409 686 685 739; x_wconf 78' lang='lat' dir='ltr'><strong>Arcanum</strong></span> <span class='ocrx_word' id='word_1_26' title='bbox 728 689 785 737; x_wconf 84' lang='lat' dir='ltr'><strong>et</strong></span> <span class='ocrx_word' id='word_1_27' title='bbox 822 682 1104 738; x_wconf 85' lang='lat' dir='ltr'><strong>occultum</strong></span> <span class='ocrx_word' id='word_1_28' title='bbox 1142 681 1213 736; x_wconf 88' lang='lat' dir='ltr'><strong>ab</strong></span> <span class='ocrx_word' id='word_1_29' title='bbox 1241 680 1392 735; x_wconf 89' lang='lat' dir='ltr'><strong>omni</strong></span> <span class='ocrx_word' id='word_1_30' title='bbox 1419 678 1708 735; x_wconf 84' lang='lat' dir='ltr'><strong>divinitate</strong></span> <span class='ocrx_word' id='word_1_31' title='bbox 1750 680 2005 735; x_wconf 83' lang='lat' dir='ltr'><strong>domina-</strong></span> 
     </span>
    </p>
   </div>
   <div class='ocr_carea' id='block_1_8' title="bbox 408 768 2004 851">
    <p class='ocr_par' dir='ltr' id='par_1_8' title="bbox 408 768 2004 851">
     <span class='ocr_line' id='line_1_8' title="bbox 408 768 2004 851; baseline -0.006 -16"><span class='ocrx_word' id='word_1_32' title='bbox 408 794 576 851; x_wconf 86' lang='lat' dir='ltr'><strong>tuque</strong></span> <span class='ocrx_word' id='word_1_33' title='bbox 624 789 690 832; x_wconf 94' lang='lat' dir='ltr'><strong>ac</strong></span> <span class='ocrx_word' id='word_1_34' title='bbox 719 775 951 831; x_wconf 84' lang='lat' dir='ltr'><strong>veritate</strong></span> <span class='ocrx_word' id='word_1_35' title='bbox 994 787 1218 838; x_wconf 90' lang='lat' dir='ltr'><strong>nomen,</strong></span> <span class='ocrx_word' id='word_1_36' title='bbox 1271 771 1417 843; x_wconf 90' lang='lat' dir='ltr'><strong>quod</strong></span> <span class='ocrx_word' id='word_1_37' title='bbox 1462 768 1626 829; x_wconf 84' lang='lat' dir='ltr'><strong>Jesus</strong></span> <span class='ocrx_word' id='word_1_38' title='bbox 1678 769 2004 826; x_wconf 84' lang='lat' dir='ltr'><strong>Nazarenus</strong></span> 
     </span>
    </p>
   </div>
   <div class='ocr_carea' id='block_1_9' title="bbox 409 863 2001 936">
    <p class='ocr_par' dir='ltr' id='par_1_9' title="bbox 409 863 2001 936">
     <span class='ocr_line' id='line_1_9' title="bbox 409 863 2001 936; baseline -0.008 -8"><span class='ocrx_word' id='word_1_39' title='bbox 409 872 612 936; x_wconf 78' lang='lat' dir='ltr'><strong>induit,</strong></span> <span class='ocrx_word' id='word_1_40' title='bbox 648 869 705 924; x_wconf 90' lang='lat' dir='ltr'><strong>in</strong></span> <span class='ocrx_word' id='word_1_41' title='bbox 751 867 882 923; x_wconf 83' lang='lat' dir='ltr'><strong>vitis</strong></span> <span class='ocrx_word' id='word_1_42' title='bbox 927 864 1157 921; x_wconf 91' lang='lat' dir='ltr'><strong>luminis</strong></span> <span class='ocrx_word' id='word_1_43' title='bbox 1199 863 1432 933; x_wconf 78' lang='lat' dir='ltr'><strong>Christi,</strong></span> <span class='ocrx_word' id='word_1_44' title='bbox 1483 863 1715 930; x_wconf 81' lang='lat' dir='ltr'><strong>Christi,</strong></span> <span class='ocrx_word' id='word_1_45' title='bbox 1754 866 2001 935; x_wconf 89' lang='lat' dir='ltr'><strong>inquam,</strong></span> 
     </span>
    </p>
   </div>
   <div class='ocr_carea' id='block_1_10' title="bbox 408 953 2003 1029">
    <p class='ocr_par' dir='ltr' id='par_1_10' title="bbox 408 953 2003 1029">
     <span class='ocr_line' id='line_1_10' title="bbox 408 953 2003 1029; baseline -0.006 -12"><span class='ocrx_word' id='word_1_46' title='bbox 408 960 643 1017; x_wconf 78' lang='lat' dir='ltr'><strong>viventis</strong></span> <span class='ocrx_word' id='word_1_47' title='bbox 683 972 780 1029; x_wconf 91' lang='lat' dir='ltr'><strong>per</strong></span> <span class='ocrx_word' id='word_1_48' title='bbox 820 955 1088 1027; x_wconf 88' lang='lat' dir='ltr'><strong>Spiritum</strong></span> <span class='ocrx_word' id='word_1_49' title='bbox 1136 960 1414 1020; x_wconf 90' lang='lat' dir='ltr'><strong>sanetum,</strong></span> <span class='ocrx_word' id='word_1_50' title='bbox 1464 953 1519 1008; x_wconf 91' lang='lat' dir='ltr'><strong>in</strong></span> <span class='ocrx_word' id='word_1_51' title='bbox 1569 954 2003 1024; x_wconf 81' lang='lat' dir='ltr'><strong>redemptionem</strong></span> 
     </span>
    </p>
   </div>
   <div class='ocr_carea' id='block_1_11' title="bbox 404 1041 2001 1126">
    <p class='ocr_par' dir='ltr' id='par_1_11' title="bbox 404 1041 2001 1126">
     <span class='ocr_line' id='line_1_11' title="bbox 404 1041 2001 1126; baseline -0.008 -17"><span class='ocrx_word' id='word_1_52' title='bbox 404 1052 729 1126; x_wconf 74' lang='lat' dir='ltr'><strong>angelicam,</strong></span> <span class='ocrx_word' id='word_1_53' title='bbox 773 1061 975 1103; x_wconf 91' lang='lat' dir='ltr'><strong>nomen</strong></span> <span class='ocrx_word' id='word_1_54' title='bbox 1025 1043 1435 1101; x_wconf 86' lang='lat' dir='ltr'><strong>restitutionis:</strong></span> <span class='ocrx_word' id='word_1_55' title='bbox 1465 1041 1718 1111; x_wconf 80' lang='lat' dir='ltr'><strong>Messias,</strong></span> <span class='ocrx_word' id='word_1_56' title='bbox 1748 1043 2001 1113; x_wconf 81' lang='lat' dir='ltr'><strong>uphareg,</strong></span> 
     </span>
    </p>
   </div>
   <div class='ocr_carea' id='block_1_12' title="bbox 402 1135 2000 1212">
    <p class='ocr_par' dir='ltr' id='par_1_12' title="bbox 402 1135 2000 1212">
     <span class='ocr_line' id='line_1_12' title="bbox 402 1135 2000 1212; baseline -0.006 -12"><span class='ocrx_word' id='word_1_57' title='bbox 402 1156 871 1212; x_wconf 73' lang='lat' dir='ltr'><strong>namempstzman,</strong></span> <span class='ocrx_word' id='word_1_58' title='bbox 917 1136 1222 1201; x_wconf 73' lang='lat' dir='ltr'><strong>ehatdteau,</strong></span> <span class='ocrx_word' id='word_1_59' title='bbox 1265 1135 1661 1201; x_wconf 83' lang='lat' dir='ltr'><strong>mosomedaca,</strong></span> <span class='ocrx_word' id='word_1_60' title='bbox 1702 1136 2000 1204; x_wconf 73' lang='lat' dir='ltr'><strong>acphranw,</strong></span> 
     </span>
    </p>
   </div>
   <div class='ocr_carea' id='block_1_13' title="bbox 400 1226 2001 1307">
    <p class='ocr_par' dir='ltr' id='par_1_13' title="bbox 400 1226 2001 1307">
     <span class='ocr_line' id='line_1_13' title="bbox 400 1226 2001 1307; baseline -0.007 -14"><span class='ocrx_word' id='word_1_61' title='bbox 400 1253 592 1307; x_wconf 81' lang='lat' dir='ltr'><strong>psaua,</strong></span> <span class='ocrx_word' id='word_1_62' title='bbox 620 1233 752 1290; x_wconf 83' lang='lat' dir='ltr'><strong>Jesu</strong></span> <span class='ocrx_word' id='word_1_63' title='bbox 798 1231 1045 1287; x_wconf 76' lang='lat' dir='ltr'><strong>nazaria.</strong></span> <span class='ocrx_word' id='word_1_64' title='bbox 1087 1229 1221 1297; x_wconf 67' lang='lat' dir='ltr'><strong>Quae</strong></span> <span class='ocrx_word' id='word_1_65' title='bbox 1267 1228 1371 1284; x_wconf 90' lang='lat' dir='ltr'><strong>boc</strong></span> <span class='ocrx_word' id='word_1_66' title='bbox 1433 1228 1603 1285; x_wconf 91' lang='lat' dir='ltr'><strong>modo</strong></span> <span class='ocrx_word' id='word_1_67' title='bbox 1649 1226 2001 1298; x_wconf 89' lang='lat' dir='ltr'><strong>interpretari</strong></span> 
     </span>
    </p>
   </div>
   <div class='ocr_carea' id='block_1_14' title="bbox 400 1314 2003 1400">
    <p class='ocr_par' dir='ltr' id='par_1_14' title="bbox 400 1314 2003 1400">
     <span class='ocr_line' id='line_1_14' title="bbox 400 1314 2003 1400; baseline -0.009 -14"><span class='ocrx_word' id='word_1_68' title='bbox 400 1342 737 1400; x_wconf 89' lang='lat' dir='ltr'><strong>possumus:</strong></span> <span class='ocrx_word' id='word_1_69' title='bbox 766 1322 891 1378; x_wconf 82' lang='lat' dir='ltr'><strong>Non</strong></span> <span class='ocrx_word' id='word_1_70' title='bbox 940 1322 1119 1377; x_wconf 82' lang='lat' dir='ltr'><strong>divido</strong></span> <span class='ocrx_word' id='word_1_71' title='bbox 1151 1319 1430 1388; x_wconf 80' lang='lat' dir='ltr'><strong>Spiritum,</strong></span> <span class='ocrx_word' id='word_1_72' title='bbox 1470 1314 1600 1387; x_wconf 85' lang='lat' dir='ltr'><strong>Cor,</strong></span> <span class='ocrx_word' id='word_1_73' title='bbox 1644 1318 2003 1388; x_wconf 82' lang='lat' dir='ltr'><strong>Virtutemque</strong></span> 
     </span>
    </p>
   </div>
   <div class='ocr_carea' id='block_1_15' title="bbox 400 1412 2002 1484">
    <p class='ocr_par' dir='ltr' id='par_1_15' title="bbox 400 1412 2002 1484">
     <span class='ocr_line' id='line_1_15' title="bbox 400 1412 2002 1484; baseline -0.009 -7"><span class='ocrx_word' id='word_1_74' title='bbox 400 1423 528 1479; x_wconf 67' lang='grc' dir='ltr'>(σξιο</span> <span class='ocrx_word' id='word_1_75' title='bbox 570 1419 956 1484; x_wconf 65' lang='lat' dir='ltr'><strong>sublimiorem,</strong></span> <span class='ocrx_word' id='word_1_76' title='bbox 993 1412 1623 1469; x_wconf 70' lang='lat' dir='ltr'><strong>misericordemnnacte</strong></span> <span class='ocrx_word' id='word_1_77' title='bbox 1654 1412 1754 1466; x_wconf 82' lang='lat' dir='ltr'><strong>sim</strong></span> <span class='ocrx_word' id='word_1_78' title='bbox 1793 1412 2002 1464; x_wconf 82' lang='lat' dir='ltr'><strong>nomine</strong></span> 
     </span>
    </p>
   </div>
   <div class='ocr_carea' id='block_1_16' title="bbox 402 1503 2002 1583">
    <p class='ocr_par' dir='ltr' id='par_1_16' title="bbox 402 1503 2002 1583">
     <span class='ocr_line' id='line_1_16' title="bbox 402 1503 2002 1583; baseline -0.009 -11"><span class='ocrx_word' id='word_1_79' title='bbox 402 1529 512 1583; x_wconf 90' lang='lat' dir='ltr'><strong>tuo,</strong></span> <span class='ocrx_word' id='word_1_80' title='bbox 538 1513 790 1570; x_wconf 80' lang='lat' dir='ltr'><strong>Salvator</strong></span> <span class='ocrx_word' id='word_1_81' title='bbox 808 1509 1068 1566; x_wconf 82' lang='lat' dir='ltr'><strong>veritatis.</strong></span> <span class='ocrx_word' id='word_1_82' title='bbox 1096 1506 1222 1563; x_wconf 82' lang='lat' dir='ltr'><strong>Haec</strong></span> <span class='ocrx_word' id='word_1_83' title='bbox 1252 1509 1380 1563; x_wconf 89' lang='lat' dir='ltr'><strong>dum</strong></span> <span class='ocrx_word' id='word_1_84' title='bbox 1408 1505 1477 1561; x_wconf 89' lang='lat' dir='ltr'><strong>ab</strong></span> <span class='ocrx_word' id='word_1_85' title='bbox 1502 1503 1846 1561; x_wconf 88' lang='lat' dir='ltr'><strong>antistitibus</strong></span> <span class='ocrx_word' id='word_1_86' title='bbox 1872 1518 2002 1574; x_wconf 92' lang='lat' dir='ltr'><strong>pro-</strong></span> 
     </span>
    </p>
   </div>
   <div class='ocr_carea' id='block_1_17' title="bbox 400 1597 1998 1674">
    <p class='ocr_par' dir='ltr' id='par_1_17' title="bbox 400 1597 1998 1674">
     <span class='ocr_line' id='line_1_17' title="bbox 400 1597 1998 1674; baseline -0.009 -11"><span class='ocrx_word' id='word_1_87' title='bbox 400 1609 512 1665; x_wconf 86' lang='lat' dir='ltr'><strong>lata</strong></span> <span class='ocrx_word' id='word_1_88' title='bbox 548 1613 700 1671; x_wconf 89' lang='lat' dir='ltr'><strong>sunt,</strong></span> <span class='ocrx_word' id='word_1_89' title='bbox 733 1612 853 1660; x_wconf 90' lang='lat' dir='ltr'><strong>tum</strong></span> <span class='ocrx_word' id='word_1_90' title='bbox 899 1602 996 1674; x_wconf 92' lang='lat' dir='ltr'><strong>qui</strong></span> <span class='ocrx_word' id='word_1_91' title='bbox 1043 1601 1219 1657; x_wconf 85' lang='lat' dir='ltr'><strong>sacris</strong></span> <span class='ocrx_word' id='word_1_92' title='bbox 1257 1600 1505 1655; x_wconf 86' lang='lat' dir='ltr'><strong>initiatur</strong></span> <span class='ocrx_word' id='word_1_93' title='bbox 1542 1599 1617 1653; x_wconf 89' lang='lat' dir='ltr'><strong>ita</strong></span> <span class='ocrx_word' id='word_1_94' title='bbox 1660 1597 1998 1669; x_wconf 85' lang='lat' dir='ltr'><strong>respondet:</strong></span> 
     </span>
    </p>
   </div>
   <div class='ocr_carea' id='block_1_18' title="bbox 400 1688 1999 1771">
    <p class='ocr_par' dir='ltr' id='par_1_18' title="bbox 400 1688 1999 1771">
     <span class='ocr_line' id='line_1_18' title="bbox 400 1688 1999 1771; baseline -0.009 -15"><span class='ocrx_word' id='word_1_95' title='bbox 400 1700 764 1771; x_wconf 80' lang='lat' dir='ltr'><strong>Con/innatus</strong></span> <span class='ocrx_word' id='word_1_96' title='bbox 812 1713 952 1761; x_wconf 86' lang='lat' dir='ltr'><strong>sum,</strong></span> <span class='ocrx_word' id='word_1_97' title='bbox 996 1711 1059 1750; x_wconf 86' lang='lat' dir='ltr'><strong>ac</strong></span> <span class='ocrx_word' id='word_1_98' title='bbox 1094 1693 1390 1765; x_wconf 78' lang='lat' dir='ltr'><strong>redemptus</strong></span> <span class='ocrx_word' id='word_1_99' title='bbox 1420 1709 1438 1747; x_wconf 89' lang='lat'><strong><em>:</em></strong></span> <span class='ocrx_word' id='word_1_100' title='bbox 1468 1704 1519 1747; x_wconf 85' lang='lat' dir='ltr'><strong>et</strong></span> <span class='ocrx_word' id='word_1_101' title='bbox 1547 1692 1728 1746; x_wconf 84' lang='lat' dir='ltr'><strong>anima</strong></span> <span class='ocrx_word' id='word_1_102' title='bbox 1773 1707 1888 1746; x_wconf 88' lang='lat' dir='ltr'><strong>mea</strong></span> <span class='ocrx_word' id='word_1_103' title='bbox 1932 1688 1999 1743; x_wconf 81' lang='lat' dir='ltr'><strong>ab</strong></span> 
     </span>
    </p>
   </div>
   <div class='ocr_carea' id='block_1_19' title="bbox 399 1775 1998 1860">
    <p class='ocr_par' dir='ltr' id='par_1_19' title="bbox 399 1775 1998 1860">
     <span class='ocr_line' id='line_1_19' title="bbox 399 1775 1998 1860; baseline -0.008 -11"><span class='ocrx_word' id='word_1_104' title='bbox 399 1795 496 1849; x_wconf 79' lang='lat' dir='ltr'><strong>hoc</strong></span> <span class='ocrx_word' id='word_1_105' title='bbox 526 1793 725 1849; x_wconf 79' lang='lat' dir='ltr'><strong>sa&#39;culo</strong></span> <span class='ocrx_word' id='word_1_106' title='bbox 758 1790 1102 1860; x_wconf 82' lang='lat' dir='ltr'><strong>omnibusque</strong></span> <span class='ocrx_word' id='word_1_107' title='bbox 1135 1805 1253 1860; x_wconf 71' lang='lat' dir='ltr'><strong>qua:</strong></span> <span class='ocrx_word' id='word_1_108' title='bbox 1280 1787 1345 1842; x_wconf 88' lang='lat' dir='ltr'><strong>ab</strong></span> <span class='ocrx_word' id='word_1_109' title='bbox 1368 1775 1428 1842; x_wconf 77' lang='lat' dir='ltr'><strong>eo</strong></span> <span class='ocrx_word' id='word_1_110' title='bbox 1455 1795 1601 1852; x_wconf 82' lang='lat' dir='ltr'><strong>sunt,</strong></span> <span class='ocrx_word' id='word_1_111' title='bbox 1638 1785 1919 1841; x_wconf 84' lang='lat' dir='ltr'><strong>redimitur</strong></span> <span class='ocrx_word' id='word_1_112' title='bbox 1944 1783 1998 1836; x_wconf 83' lang='lat' dir='ltr'><strong>iu</strong></span> 
     </span>
    </p>
   </div>
   <div class='ocr_carea' id='block_1_20' title="bbox 2110 587 3706 659">
    <p class='ocr_par' dir='ltr' id='par_1_20' title="bbox 2110 587 3706 659">
     <span class='ocr_line' id='line_1_20' title="bbox 2110 587 3706 659; baseline -0.001 -15"><span class='ocrx_word' id='word_1_113' title='bbox 2110 588 2238 654; x_wconf 71' lang='grc' dir='ltr'>θὸν,</span> <span class='ocrx_word' id='word_1_114' title='bbox 2264 590 2361 644; x_wconf 79' lang='grc' dir='ltr'>λαὶ</span> <span class='ocrx_word' id='word_1_115' title='bbox 2393 588 2566 658; x_wconf 81' lang='grc' dir='ltr'>Ζωήν</span> <span class='ocrx_word' id='word_1_116' title='bbox 2589 602 2605 620; x_wconf 83' lang='grc'>⁶</span> <span class='ocrx_word' id='word_1_117' title='bbox 2642 590 2732 644; x_wconf 85' lang='grc' dir='ltr'>ὅτι</span> <span class='ocrx_word' id='word_1_118' title='bbox 2760 587 2832 644; x_wconf 78' lang='grc' dir='ltr'><strong>ἐν</strong></span> <span class='ocrx_word' id='word_1_119' title='bbox 2860 588 3088 659; x_wconf 78' lang='grc' dir='ltr'>σώματι</span> <span class='ocrx_word' id='word_1_120' title='bbox 3110 589 3544 658; x_wconf 71' lang='grc' dir='ltr'>ἐϐασίλευσας.</span> <span class='ocrx_word' id='word_1_121' title='bbox 3582 588 3706 642; x_wconf 76' lang='grc' dir='ltr'><strong>’Λλ-</strong></span> 
     </span>
    </p>
   </div>
   <div class='ocr_carea' id='block_1_21' title="bbox 2109 678 3709 752">
    <p class='ocr_par' dir='ltr' id='par_1_21' title="bbox 2109 678 3709 752">
     <span class='ocr_line' id='line_1_21' title="bbox 2109 678 3709 752; baseline 0 -18"><span class='ocrx_word' id='word_1_122' title='bbox 2109 679 2190 734; x_wconf 91' lang='grc' dir='ltr'><strong>λοι</strong></span> <span class='ocrx_word' id='word_1_123' title='bbox 2235 678 2293 733; x_wconf 80' lang='grc' dir='ltr'><strong>δὲ</strong></span> <span class='ocrx_word' id='word_1_124' title='bbox 2347 680 2510 734; x_wconf 90' lang='grc' dir='ltr'>πάλιν</span> <span class='ocrx_word' id='word_1_125' title='bbox 2548 680 2647 752; x_wconf 77' lang='grc' dir='ltr'><strong>τὴν</strong></span> <span class='ocrx_word' id='word_1_126' title='bbox 2684 679 2954 752; x_wconf 81' lang='grc' dir='ltr'><strong>λύτρωσιν</strong></span> <span class='ocrx_word' id='word_1_127' title='bbox 2998 678 3347 749; x_wconf 77' lang='grc' dir='ltr'><strong>ἐπιλέγουσιν</strong></span> <span class='ocrx_word' id='word_1_128' title='bbox 3390 679 3570 744; x_wconf 77' lang='grc' dir='ltr'>οὕτως</span> <span class='ocrx_word' id='word_1_129' title='bbox 3595 695 3611 712; x_wconf 75' lang='grc' dir='ltr'><strong>ο</strong></span> <span class='ocrx_word' id='word_1_130' title='bbox 3650 679 3709 734; x_wconf 77' lang='grc' dir='ltr'>τὸ</span> 
     </span>
    </p>
   </div>
   <div class='ocr_carea' id='block_1_22' title="bbox 2107 770 3710 844">
    <p class='ocr_par' dir='ltr' id='par_1_22' title="bbox 2107 770 3710 844">
     <span class='ocr_line' id='line_1_22' title="bbox 2107 770 3710 844; baseline 0 -16"><span class='ocrx_word' id='word_1_131' title='bbox 2107 773 2278 844; x_wconf 74' lang='grc' dir='ltr'>ὄνομα</span> <span class='ocrx_word' id='word_1_132' title='bbox 2313 771 2376 825; x_wconf 83' lang='grc' dir='ltr'><strong>τὺ</strong></span> <span class='ocrx_word' id='word_1_133' title='bbox 2411 771 2908 844; x_wconf 77' lang='grc' dir='ltr'><strong>ἀποκεκρυμμένον</strong></span> <span class='ocrx_word' id='word_1_134' title='bbox 2936 770 3044 826; x_wconf 75' lang='grc' dir='ltr'>ἀπὸ</span> <span class='ocrx_word' id='word_1_135' title='bbox 3083 771 3268 844; x_wconf 81' lang='grc' dir='ltr'><strong>πάσης</strong></span> <span class='ocrx_word' id='word_1_136' title='bbox 3304 771 3582 844; x_wconf 84' lang='grc' dir='ltr'><strong>θεότητος,</strong></span> <span class='ocrx_word' id='word_1_137' title='bbox 3617 775 3710 828; x_wconf 66' lang='grc' dir='ltr'>καὶ</span> 
     </span>
    </p>
   </div>
   <div class='ocr_carea' id='block_1_23' title="bbox 2108 862 3705 936">
    <p class='ocr_par' dir='ltr' id='par_1_23' title="bbox 2108 862 3705 936">
     <span class='ocr_line' id='line_1_23' title="bbox 2108 862 3705 936; baseline 0 -17"><span class='ocrx_word' id='word_1_138' title='bbox 2108 865 2452 936; x_wconf 79' lang='grc' dir='ltr'><strong>κυριότητος,</strong></span> <span class='ocrx_word' id='word_1_139' title='bbox 2482 864 2578 917; x_wconf 88' lang='lat' dir='ltr'><strong>xui.</strong></span> <span class='ocrx_word' id='word_1_140' title='bbox 2606 862 2889 934; x_wconf 90' lang='grc' dir='ltr'>ἀληθείας,</span> <span class='ocrx_word' id='word_1_141' title='bbox 2926 863 2955 917; x_wconf 82' lang='grc' dir='ltr'><strong>ὃ</strong></span> <span class='ocrx_word' id='word_1_142' title='bbox 2981 863 3272 919; x_wconf 73' lang='grc' dir='ltr'><strong>ἐνεδύσατο</strong></span> <span class='ocrx_word' id='word_1_143' title='bbox 3307 863 3518 936; x_wconf 80' lang='grc' dir='ltr'>Ἰησοῦς</span> <span class='ocrx_word' id='word_1_144' title='bbox 3539 866 3570 919; x_wconf 86' lang='grc' dir='ltr'><strong>ό</strong></span> <span class='ocrx_word' id='word_1_145' title='bbox 3596 865 3705 919; x_wconf 78' lang='lat' dir='ltr'><strong>Nu-</strong></span> 
     </span>
    </p>
   </div>
   <div class='ocr_carea' id='block_1_24' title="bbox 2108 952 3705 1029">
    <p class='ocr_par' dir='ltr' id='par_1_24' title="bbox 2108 952 3705 1029">
     <span class='ocr_line' id='line_1_24' title="bbox 2108 952 3705 1029; baseline 0.003 -22"><span class='ocrx_word' id='word_1_146' title='bbox 2108 954 2342 1026; x_wconf 81' lang='grc' dir='ltr'>ζαρηνὸς</span> <span class='ocrx_word' id='word_1_147' title='bbox 2369 956 2426 1009; x_wconf 79' lang='grc' dir='ltr'><strong>ὲν</strong></span> <span class='ocrx_word' id='word_1_148' title='bbox 2458 957 2579 1019; x_wconf 88' lang='grc' dir='ltr'>ταῖς</span> <span class='ocrx_word' id='word_1_149' title='bbox 2605 953 2772 1019; x_wconf 78' lang='grc' dir='ltr'><strong>ζωαῖς</strong></span> <span class='ocrx_word' id='word_1_150' title='bbox 2796 952 2891 1007; x_wconf 81' lang='grc' dir='ltr'>τοῦ</span> <span class='ocrx_word' id='word_1_151' title='bbox 2929 954 3113 1020; x_wconf 77' lang='grc' dir='ltr'>Φωτὸς</span> <span class='ocrx_word' id='word_1_152' title='bbox 3142 955 3235 1009; x_wconf 74' lang='grc' dir='ltr'>τοῦ</span> <span class='ocrx_word' id='word_1_153' title='bbox 3270 956 3536 1029; x_wconf 81' lang='grc' dir='ltr'><strong>Χριστοῦ,</strong></span> <span class='ocrx_word' id='word_1_154' title='bbox 3574 956 3705 1027; x_wconf 86' lang='grc' dir='ltr'>Χρι-</span> 
     </span>
    </p>
   </div>
   <div class='ocr_carea' id='block_1_25' title="bbox 2109 1046 3705 1122">
    <p class='ocr_par' dir='ltr' id='par_1_25' title="bbox 2109 1046 3705 1122">
     <span class='ocr_line' id='line_1_25' title="bbox 2109 1046 3705 1122; baseline 0.002 -21"><span class='ocrx_word' id='word_1_155' title='bbox 2109 1046 2235 1102; x_wconf 83' lang='grc' dir='ltr'>στοῦ</span> <span class='ocrx_word' id='word_1_156' title='bbox 2268 1046 2471 1111; x_wconf 76' lang='grc' dir='ltr'>ζῶντος</span> <span class='ocrx_word' id='word_1_157' title='bbox 2494 1046 2584 1101; x_wconf 88' lang='grc' dir='ltr'><strong>διά</strong></span> <span class='ocrx_word' id='word_1_158' title='bbox 2626 1046 2946 1119; x_wconf 85' lang='grc' dir='ltr'>Πνεύματος</span> <span class='ocrx_word' id='word_1_159' title='bbox 2986 1047 3143 1118; x_wconf 84' lang='grc' dir='ltr'>ἁγίου</span> <span class='ocrx_word' id='word_1_160' title='bbox 3180 1050 3261 1113; x_wconf 77' lang='grc' dir='ltr'><strong>εἰς</strong></span> <span class='ocrx_word' id='word_1_161' title='bbox 3302 1047 3580 1122; x_wconf 82' lang='grc' dir='ltr'><strong>λύτρωσιν</strong></span> <span class='ocrx_word' id='word_1_162' title='bbox 3606 1049 3705 1119; x_wconf 86' lang='grc' dir='ltr'>ἀγ-</span> 
     </span>
    </p>
   </div>
   <div class='ocr_carea' id='block_1_26' title="bbox 2105 1136 3703 1210">
    <p class='ocr_par' dir='ltr' id='par_1_26' title="bbox 2105 1136 3703 1210">
     <span class='ocr_line' id='line_1_26' title="bbox 2105 1136 3703 1210; baseline 0.004 -20"><span class='ocrx_word' id='word_1_163' title='bbox 2105 1136 2348 1210; x_wconf 77' lang='grc' dir='ltr'>γελικὴν,</span> <span class='ocrx_word' id='word_1_164' title='bbox 2396 1136 2569 1209; x_wconf 78' lang='grc' dir='ltr'>όνομα</span> <span class='ocrx_word' id='word_1_165' title='bbox 2616 1136 2679 1191; x_wconf 80' lang='grc' dir='ltr'><strong>τὸ</strong></span> <span class='ocrx_word' id='word_1_166' title='bbox 2723 1137 2825 1209; x_wconf 83' lang='grc' dir='ltr'>τῆς</span> <span class='ocrx_word' id='word_1_167' title='bbox 2872 1139 3392 1206; x_wconf 78' lang='grc' dir='ltr'><strong>ἀποκαταστάσεως.</strong></span> <span class='ocrx_word' id='word_1_168' title='bbox 3437 1144 3703 1207; x_wconf 70' lang='lat' dir='ltr'><strong>Macula,</strong></span> 
     </span>
    </p>
   </div>
   <div class='ocr_carea' id='block_1_27' title="bbox 2107 1227 3707 1305">
    <p class='ocr_par' dir='ltr' id='par_1_27' title="bbox 2107 1227 3707 1305">
     <span class='ocr_line' id='line_1_27' title="bbox 2107 1227 3707 1305; baseline 0.004 -22"><span class='ocrx_word' id='word_1_169' title='bbox 2107 1228 2376 1300; x_wconf 70' lang='grc' dir='ltr'>οὐφαρέγ</span> <span class='ocrx_word' id='word_1_170' title='bbox 2401 1227 2536 1300; x_wconf 68' lang='grc'><strong>(40),</strong></span> <span class='ocrx_word' id='word_1_171' title='bbox 2561 1231 3020 1300; x_wconf 71' lang='grc' dir='ltr'>ναμεμψαιμὰν,</span> <span class='ocrx_word' id='word_1_172' title='bbox 3073 1231 3399 1300; x_wconf 78' lang='grc' dir='ltr'>χαλὸαιαν,</span> <span class='ocrx_word' id='word_1_173' title='bbox 3433 1249 3707 1305; x_wconf 79' lang='grc' dir='ltr'>μοσομη-</span> 
     </span>
    </p>
   </div>
   <div class='ocr_carea' id='block_1_28' title="bbox 2104 1320 3706 1397">
    <p class='ocr_par' dir='ltr' id='par_1_28' title="bbox 2104 1320 3706 1397">
     <span class='ocr_line' id='line_1_28' title="bbox 2104 1320 3706 1397; baseline 0.006 -23"><span class='ocrx_word' id='word_1_174' title='bbox 2104 1320 2288 1388; x_wconf 84' lang='grc' dir='ltr'>δαέα,</span> <span class='ocrx_word' id='word_1_175' title='bbox 2341 1320 2672 1390; x_wconf 71' lang='grc' dir='ltr'>ἀκφραναὶ,</span> <span class='ocrx_word' id='word_1_176' title='bbox 2728 1323 2967 1392; x_wconf 73' lang='grc' dir='ltr'>ψαούα,</span> <span class='ocrx_word' id='word_1_177' title='bbox 3025 1324 3230 1393; x_wconf 85' lang='grc' dir='ltr'><strong>Ἰησοῦ</strong></span> <span class='ocrx_word' id='word_1_178' title='bbox 3279 1325 3548 1397; x_wconf 81' lang='grc' dir='ltr'>ναζαρια.</span> <span class='ocrx_word' id='word_1_179' title='bbox 3595 1329 3706 1384; x_wconf 75' lang='grc' dir='ltr'><strong>Καὶ</strong></span> 
     </span>
    </p>
   </div>
   <div class='ocr_carea' id='block_1_29' title="bbox 2102 1413 3705 1490">
    <p class='ocr_par' dir='ltr' id='par_1_29' title="bbox 2102 1413 3705 1490">
     <span class='ocr_line' id='line_1_29' title="bbox 2102 1413 3705 1490; baseline 0.006 -25"><span class='ocrx_word' id='word_1_180' title='bbox 2102 1413 2309 1466; x_wconf 91' lang='grc' dir='ltr'>τούτων</span> <span class='ocrx_word' id='word_1_181' title='bbox 2346 1413 2402 1467; x_wconf 84' lang='grc' dir='ltr'><strong>δὲ</strong></span> <span class='ocrx_word' id='word_1_182' title='bbox 2441 1415 2476 1485; x_wconf 76' lang='grc' dir='ltr'>ἡ</span> <span class='ocrx_word' id='word_1_183' title='bbox 2518 1414 2784 1486; x_wconf 74' lang='grc' dir='ltr'><strong>ἑρμηνεία</strong></span> <span class='ocrx_word' id='word_1_184' title='bbox 2815 1416 2933 1469; x_wconf 76' lang='grc' dir='ltr'>ἐστὶ</span> <span class='ocrx_word' id='word_1_185' title='bbox 2957 1417 3211 1490; x_wconf 72' lang='grc' dir='ltr'>τοιαύτηο</span> <span class='ocrx_word' id='word_1_186' title='bbox 3257 1421 3340 1475; x_wconf 86' lang='grc' dir='ltr'><strong>Οὐ</strong></span> <span class='ocrx_word' id='word_1_187' title='bbox 3388 1418 3599 1490; x_wconf 84' lang='grc' dir='ltr'>διαιρῶ</span> <span class='ocrx_word' id='word_1_188' title='bbox 3638 1421 3705 1475; x_wconf 83' lang='grc' dir='ltr'>τὸ</span> 
     </span>
    </p>
   </div>
   <div class='ocr_carea' id='block_1_30' title="bbox 2103 1504 3705 1580">
    <p class='ocr_par' dir='ltr' id='par_1_30' title="bbox 2103 1504 3705 1580">
     <span class='ocr_line' id='line_1_30' title="bbox 2103 1504 3705 1580; baseline 0.005 -22"><span class='ocrx_word' id='word_1_189' title='bbox 2103 1504 2382 1574; x_wconf 84' lang='grc' dir='ltr'><strong>Πνεῦμα,</strong></span> <span class='ocrx_word' id='word_1_190' title='bbox 2421 1505 2539 1574; x_wconf 83' lang='grc' dir='ltr'>τὴν</span> <span class='ocrx_word' id='word_1_191' title='bbox 2593 1507 2892 1577; x_wconf 79' lang='grc' dir='ltr'>Καρδίαν,</span> <span class='ocrx_word' id='word_1_192' title='bbox 2940 1507 3042 1563; x_wconf 73' lang='grc' dir='ltr'>καὶ</span> <span class='ocrx_word' id='word_1_193' title='bbox 3093 1509 3208 1578; x_wconf 82' lang='grc' dir='ltr'>τὴν</span> <span class='ocrx_word' id='word_1_194' title='bbox 3262 1511 3705 1580; x_wconf 81' lang='grc' dir='ltr'>ὐπερουράνιον</span> 
     </span>
    </p>
   </div>
   <div class='ocr_carea' id='block_1_31' title="bbox 2104 1595 3705 1672">
    <p class='ocr_par' dir='ltr' id='par_1_31' title="bbox 2104 1595 3705 1672">
     <span class='ocr_line' id='line_1_31' title="bbox 2104 1595 3705 1672; baseline 0.006 -24"><span class='ocrx_word' id='word_1_195' title='bbox 2104 1597 2387 1666; x_wconf 81' lang='grc' dir='ltr'>Δύναμιν,</span> <span class='ocrx_word' id='word_1_196' title='bbox 2417 1595 2535 1666; x_wconf 75' lang='grc' dir='ltr'>τὴν</span> <span class='ocrx_word' id='word_1_197' title='bbox 2558 1598 2938 1669; x_wconf 68' lang='grc' dir='ltr'>οὶκτίρμονιν</span> <span class='ocrx_word' id='word_1_198' title='bbox 2971 1602 3233 1671; x_wconf 74' lang='grc' dir='ltr'>ρναίμην</span> <span class='ocrx_word' id='word_1_199' title='bbox 3271 1602 3378 1669; x_wconf 84' lang='grc' dir='ltr'><strong>τοῦ</strong></span> <span class='ocrx_word' id='word_1_200' title='bbox 3410 1603 3705 1672; x_wconf 79' lang='grc' dir='ltr'>ὀνόματός</span> 
     </span>
    </p>
   </div>
   <div class='ocr_carea' id='block_1_32' title="bbox 2102 1689 3703 1767">
    <p class='ocr_par' dir='ltr' id='par_1_32' title="bbox 2102 1689 3703 1767">
     <span class='ocr_line' id='line_1_32' title="bbox 2102 1689 3703 1767; baseline 0.005 -25"><span class='ocrx_word' id='word_1_201' title='bbox 2102 1702 2240 1753; x_wconf 88' lang='grc' dir='ltr'>σου,</span> <span class='ocrx_word' id='word_1_202' title='bbox 2272 1689 2478 1759; x_wconf 86' lang='grc' dir='ltr'>Σωτὴρ</span> <span class='ocrx_word' id='word_1_203' title='bbox 2505 1690 2812 1760; x_wconf 80' lang='grc' dir='ltr'><strong>ἀληθείας.</strong></span> <span class='ocrx_word' id='word_1_204' title='bbox 2862 1693 2975 1747; x_wconf 73' lang='grc' dir='ltr'><strong>Καὶ</strong></span> <span class='ocrx_word' id='word_1_205' title='bbox 3014 1694 3187 1749; x_wconf 81' lang='grc' dir='ltr'>ταῦτα</span> <span class='ocrx_word' id='word_1_206' title='bbox 3227 1695 3327 1766; x_wconf 83' lang='grc' dir='ltr'>μὲν</span> <span class='ocrx_word' id='word_1_207' title='bbox 3358 1697 3703 1767; x_wconf 76' lang='grc' dir='ltr'>ἐπιλέγουσιν</span> 
     </span>
    </p>
   </div>
   <div class='ocr_carea' id='block_1_33' title="bbox 2103 1786 3701 1869">
    <p class='ocr_par' dir='ltr' id='par_1_33' title="bbox 2103 1786 3701 1869">
     <span class='ocr_line' id='line_1_33' title="bbox 2103 1786 3701 1869; baseline 0.008 -30"><span class='ocrx_word' id='word_1_208' title='bbox 2103 1786 2153 1839; x_wconf 81' lang='grc' dir='ltr'>οἱ</span> <span class='ocrx_word' id='word_1_209' title='bbox 2180 1787 2334 1843; x_wconf 78' lang='grc' dir='ltr'>αὑτοὶ</span> <span class='ocrx_word' id='word_1_210' title='bbox 2366 1789 2678 1856; x_wconf 53' lang='grc' dir='ltr'>τελοῦντες</span> <span class='ocrx_word' id='word_1_211' title='bbox 2715 1795 2745 1847; x_wconf 89' lang='grc' dir='ltr'><strong>ό</strong></span> <span class='ocrx_word' id='word_1_212' title='bbox 2783 1792 2841 1847; x_wconf 79' lang='grc' dir='ltr'><strong>δὲ</strong></span> <span class='ocrx_word' id='word_1_213' title='bbox 2878 1794 3264 1866; x_wconf 81' lang='grc' dir='ltr'>τετελεσμένος</span> <span class='ocrx_word' id='word_1_214' title='bbox 3303 1796 3701 1869; x_wconf 78' lang='grc' dir='ltr'>ἀποκρίνεταιο</span> 
     </span>
    </p>
   </div>
   <div class='ocr_carea' id='block_1_34' title="bbox 400 1864 1998 1958">
    <p class='ocr_par' dir='ltr' id='par_1_34' title="bbox 400 1874 1998 1953">
     <span class='ocr_line' id='line_1_34' title="bbox 400 1874 1998 1953; baseline -0.009 -12"><span class='ocrx_word' id='word_1_215' title='bbox 400 1886 610 1942; x_wconf 84' lang='lat' dir='ltr'><strong>nomine</strong></span> <span class='ocrx_word' id='word_1_216' title='bbox 638 1883 762 1952; x_wconf 77' lang='lat' dir='ltr'><strong>Jao,</strong></span> <span class='ocrx_word' id='word_1_217' title='bbox 783 1883 874 1953; x_wconf 88' lang='lat' dir='ltr'><strong>qui</strong></span> <span class='ocrx_word' id='word_1_218' title='bbox 897 1881 1063 1950; x_wconf 80' lang='lat' dir='ltr'><strong>ipsius</strong></span> <span class='ocrx_word' id='word_1_219' title='bbox 1088 1878 1306 1933; x_wconf 84' lang='lat' dir='ltr'><strong>redemit</strong></span> <span class='ocrx_word' id='word_1_220' title='bbox 1340 1879 1577 1932; x_wconf 83' lang='lat' dir='ltr'><strong>animum</strong></span> <span class='ocrx_word' id='word_1_221' title='bbox 1604 1876 1659 1930; x_wconf 90' lang='lat' dir='ltr'><strong>in</strong></span> <span class='ocrx_word' id='word_1_222' title='bbox 1684 1874 1998 1943; x_wconf 78' lang='lat' dir='ltr'><strong>redemptio-</strong></span> 
     </span>
    </p>
   </div>
   <div class='ocr_carea' id='block_1_35' title="bbox 2105 1864 3705 1958">
    <p class='ocr_par' dir='ltr' id='par_1_35' title="bbox 2114 1864 3705 1958">
     <span class='ocr_line' id='line_1_35' title="bbox 2114 1864 3705 1958; baseline 0.007 -26"><span class='ocrx_word' id='word_1_223' title='bbox 2114 1878 2517 1952; x_wconf 77' lang='grc' dir='ltr'>Ἑστήριγμαι,</span> <span class='ocrx_word' id='word_1_224' title='bbox 2545 1883 2645 1937; x_wconf 77' lang='grc' dir='ltr'><strong>καί</strong></span> <span class='ocrx_word' id='word_1_225' title='bbox 2679 1885 3074 1954; x_wconf 75' lang='grc' dir='ltr'>λελύτρωμαι,</span> <span class='ocrx_word' id='word_1_226' title='bbox 3105 1864 3207 1939; x_wconf 66' lang='grc' dir='ltr'>καὶ</span> <span class='ocrx_word' id='word_1_227' title='bbox 3231 1864 3566 1958; x_wconf 46' lang='grc' dir='ltr'>λυτροῦλιαι</span> <span class='ocrx_word' id='word_1_228' title='bbox 3592 1888 3705 1956; x_wconf 79' lang='grc' dir='ltr'>τὴν</span> 
     </span>
    </p>
   </div>
   <div class='ocr_carea' id='block_1_36' title="bbox 399 1971 1995 2042">
    <p class='ocr_par' dir='ltr' id='par_1_36' title="bbox 399 1971 1995 2042">
     <span class='ocr_line' id='line_1_36' title="bbox 399 1971 1995 2042; baseline -0.004 -10"><span class='ocrx_word' id='word_1_229' title='bbox 399 1995 518 2033; x_wconf 75' lang='lat' dir='ltr'><strong>nem</strong></span> <span class='ocrx_word' id='word_1_230' title='bbox 558 1977 613 2031; x_wconf 89' lang='lat' dir='ltr'><strong>in</strong></span> <span class='ocrx_word' id='word_1_231' title='bbox 651 1974 864 2031; x_wconf 77' lang='lat' dir='ltr'><strong>Christo</strong></span> <span class='ocrx_word' id='word_1_232' title='bbox 897 1975 1114 2029; x_wconf 79' lang='lat' dir='ltr'><strong>vivente.</strong></span> <span class='ocrx_word' id='word_1_233' title='bbox 1164 1972 1243 2027; x_wconf 82' lang='lat' dir='ltr'><strong>Ad</strong></span> <span class='ocrx_word' id='word_1_234' title='bbox 1298 1971 1415 2027; x_wconf 72' lang='lat' dir='ltr'><strong>bazc</strong></span> <span class='ocrx_word' id='word_1_235' title='bbox 1457 1977 1754 2042; x_wconf 66' lang='lat' dir='ltr'><strong>praesentes</strong></span> <span class='ocrx_word' id='word_1_236' title='bbox 1803 1983 1995 2025; x_wconf 88' lang='lat' dir='ltr'><strong>omnes</strong></span> 
     </span>
    </p>
   </div>
   <div class='ocr_carea' id='block_1_37' title="bbox 399 2056 1993 2141">
    <p class='ocr_par' dir='ltr' id='par_1_37' title="bbox 399 2056 1993 2141">
     <span class='ocr_line' id='line_1_37' title="bbox 399 2056 1993 2141; baseline -0.006 -15"><span class='ocrx_word' id='word_1_237' title='bbox 399 2070 726 2141; x_wconf 77' lang='lat' dir='ltr'><strong>subjiciunt:</strong></span> <span class='ocrx_word' id='word_1_238' title='bbox 750 2067 869 2123; x_wconf 67' lang='lat' dir='ltr'><strong>Pax</strong></span> <span class='ocrx_word' id='word_1_239' title='bbox 884 2066 1127 2121; x_wconf 87' lang='lat' dir='ltr'><strong>omnibus</strong></span> <span class='ocrx_word' id='word_1_240' title='bbox 1142 2065 1397 2136; x_wconf 82' lang='lat' dir='ltr'><strong>inquibus</strong></span> <span class='ocrx_word' id='word_1_241' title='bbox 1416 2080 1603 2119; x_wconf 83' lang='lat' dir='ltr'><strong>nomen</strong></span> <span class='ocrx_word' id='word_1_242' title='bbox 1628 2063 1770 2117; x_wconf 78' lang='lat' dir='ltr'><strong>istud</strong></span> <span class='ocrx_word' id='word_1_243' title='bbox 1788 2056 1993 2132; x_wconf 82' lang='lat' dir='ltr'><strong>requie-</strong></span> 
     </span>
    </p>
   </div>
   <div class='ocr_carea' id='block_1_38' title="bbox 397 2153 1997 2230">
    <p class='ocr_par' dir='ltr' id='par_1_38' title="bbox 397 2153 1997 2230">
     <span class='ocr_line' id='line_1_38' title="bbox 397 2153 1997 2230; baseline -0.004 -15"><span class='ocrx_word' id='word_1_244' title='bbox 397 2163 518 2217; x_wconf 72' lang='lat' dir='ltr'><strong>scit.</strong></span> <span class='ocrx_word' id='word_1_245' title='bbox 553 2158 759 2216; x_wconf 86' lang='lat' dir='ltr'><strong>Deinde</strong></span> <span class='ocrx_word' id='word_1_246' title='bbox 789 2158 1147 2230; x_wconf 79' lang='lat' dir='ltr'><strong>opobalsama</strong></span> <span class='ocrx_word' id='word_1_247' title='bbox 1174 2158 1453 2213; x_wconf 78' lang='lat' dir='ltr'><strong>initiatum</strong></span> <span class='ocrx_word' id='word_1_248' title='bbox 1480 2164 1815 2228; x_wconf 89' lang='lat' dir='ltr'><strong>perungunt,</strong></span> <span class='ocrx_word' id='word_1_249' title='bbox 1847 2153 1997 2226; x_wconf 90' lang='lat' dir='ltr'><strong>quod</strong></span> 
     </span>
    </p>
   </div>
   <div class='ocr_carea' id='block_1_39' title="bbox 400 2246 1997 2326">
    <p class='ocr_par' dir='ltr' id='par_1_39' title="bbox 400 2246 1997 2326">
     <span class='ocr_line' id='line_1_39' title="bbox 400 2246 1997 2326; baseline -0.004 -18"><span class='ocrx_word' id='word_1_250' title='bbox 400 2252 663 2326; x_wconf 80' lang='lat' dir='ltr'><strong>unguenti</strong></span> <span class='ocrx_word' id='word_1_251' title='bbox 690 2266 863 2324; x_wconf 90' lang='lat' dir='ltr'><strong>genus</strong></span> <span class='ocrx_word' id='word_1_252' title='bbox 888 2250 1314 2322; x_wconf 82' lang='lat' dir='ltr'><strong>fragrantissimi</strong></span> <span class='ocrx_word' id='word_1_253' title='bbox 1350 2249 1500 2305; x_wconf 90' lang='lat' dir='ltr'><strong>illius</strong></span> <span class='ocrx_word' id='word_1_254' title='bbox 1535 2248 1745 2313; x_wconf 89' lang='lat' dir='ltr'><strong>odoris,</strong></span> <span class='ocrx_word' id='word_1_255' title='bbox 1771 2246 1865 2316; x_wconf 88' lang='lat' dir='ltr'><strong>qui</strong></span> <span class='ocrx_word' id='word_1_256' title='bbox 1903 2262 1997 2303; x_wconf 85' lang='lat' dir='ltr'><strong>su-</strong></span> 
     </span>
    </p>
   </div>
   <div class='ocr_carea' id='block_1_40' title="bbox 398 2328 1603 2417">
    <p class='ocr_par' dir='ltr' id='par_1_40' title="bbox 398 2328 1603 2417">
     <span class='ocr_line' id='line_1_40' title="bbox 398 2328 1603 2417; baseline -0.003 -19"><span class='ocrx_word' id='word_1_257' title='bbox 398 2362 495 2417; x_wconf 81' lang='lat' dir='ltr'><strong>pra</strong></span> <span class='ocrx_word' id='word_1_258' title='bbox 521 2344 706 2401; x_wconf 83' lang='lat' dir='ltr'><strong>omnia</strong></span> <span class='ocrx_word' id='word_1_259' title='bbox 730 2328 1165 2415; x_wconf 32' lang='lat' dir='ltr'><strong>est,&#39;imaginem</strong></span> <span class='ocrx_word' id='word_1_260' title='bbox 1196 2356 1320 2398; x_wconf 90' lang='lat' dir='ltr'><strong>esse</strong></span> <span class='ocrx_word' id='word_1_261' title='bbox 1355 2347 1603 2397; x_wconf 88' lang='lat' dir='ltr'><strong>censent.</strong></span> 
     </span>
    </p>
   </div>
   <div class='ocr_carea' id='block_1_41' title="bbox 2098 1972 3705 2043">
    <p class='ocr_par' dir='ltr' id='par_1_41' title="bbox 2098 1972 3705 2043">
     <span class='ocr_line' id='line_1_41' title="bbox 2098 1972 3705 2043; baseline 0.004 -16"><span class='ocrx_word' id='word_1_262' title='bbox 2098 1972 2311 2042; x_wconf 67' lang='grc' dir='ltr'>ψυχήν</span> <span class='ocrx_word' id='word_1_263' title='bbox 2330 1992 2451 2043; x_wconf 85' lang='grc' dir='ltr'>μου</span> <span class='ocrx_word' id='word_1_264' title='bbox 2483 1973 2603 2029; x_wconf 82' lang='grc' dir='ltr'>ἀπὸ</span> <span class='ocrx_word' id='word_1_265' title='bbox 2626 1973 2735 2029; x_wconf 86' lang='grc' dir='ltr'><strong>τοῦ</strong></span> <span class='ocrx_word' id='word_1_266' title='bbox 2783 1974 3003 2043; x_wconf 69' lang='grc' dir='ltr'>αἰῶνος</span> <span class='ocrx_word' id='word_1_267' title='bbox 3047 1978 3264 2032; x_wconf 85' lang='grc' dir='ltr'>τούτσυ</span> <span class='ocrx_word' id='word_1_268' title='bbox 3308 1978 3411 2032; x_wconf 77' lang='grc' dir='ltr'>καὶ</span> <span class='ocrx_word' id='word_1_269' title='bbox 3459 1979 3705 2033; x_wconf 75' lang='grc' dir='ltr'>πάντων</span> 
     </span>
    </p>
   </div>
   <div class='ocr_carea' id='block_1_42' title="bbox 2098 2064 3703 2137">
    <p class='ocr_par' dir='ltr' id='par_1_42' title="bbox 2098 2064 3703 2137">
     <span class='ocr_line' id='line_1_42' title="bbox 2098 2064 3703 2137; baseline 0.003 -19"><span class='ocrx_word' id='word_1_270' title='bbox 2098 2064 2218 2118; x_wconf 82' lang='grc' dir='ltr'>τῶν</span> <span class='ocrx_word' id='word_1_271' title='bbox 2243 2065 2381 2134; x_wconf 78' lang='grc' dir='ltr'>παρ’</span> <span class='ocrx_word' id='word_1_272' title='bbox 2413 2065 2602 2121; x_wconf 85' lang='grc' dir='ltr'>αὑτοῦ</span> <span class='ocrx_word' id='word_1_273' title='bbox 2630 2066 2700 2120; x_wconf 81' lang='grc' dir='ltr'><strong>ἐν</strong></span> <span class='ocrx_word' id='word_1_274' title='bbox 2734 2065 2816 2132; x_wconf 83' lang='grc' dir='ltr'>τῷ</span> <span class='ocrx_word' id='word_1_275' title='bbox 2858 2069 3106 2137; x_wconf 81' lang='grc' dir='ltr'>ὀνόματι</span> <span class='ocrx_word' id='word_1_276' title='bbox 3148 2069 3256 2123; x_wconf 85' lang='grc' dir='ltr'>τοῦ</span> <span class='ocrx_word' id='word_1_277' title='bbox 3292 2068 3446 2135; x_wconf 79' lang='grc' dir='ltr'>Ἰαὼ,</span> <span class='ocrx_word' id='word_1_278' title='bbox 3473 2069 3544 2136; x_wconf 83' lang='grc' dir='ltr'>ὃς</span> <span class='ocrx_word' id='word_1_279' title='bbox 3565 2070 3703 2125; x_wconf 72' lang='grc' dir='ltr'><strong>ἐλυ-</strong></span> 
     </span>
    </p>
   </div>
   <div class='ocr_carea' id='block_1_43' title="bbox 2099 2156 3704 2232">
    <p class='ocr_par' dir='ltr' id='par_1_43' title="bbox 2099 2156 3704 2232">
     <span class='ocr_line' id='line_1_43' title="bbox 2099 2156 3704 2232; baseline 0.004 -22"><span class='ocrx_word' id='word_1_280' title='bbox 2099 2156 2368 2225; x_wconf 84' lang='grc' dir='ltr'>τρώσατο</span> <span class='ocrx_word' id='word_1_281' title='bbox 2414 2159 2531 2229; x_wconf 79' lang='grc' dir='ltr'>τὴν</span> <span class='ocrx_word' id='word_1_282' title='bbox 2569 2160 2785 2232; x_wconf 72' lang='grc' dir='ltr'>ψυχὴν</span> <span class='ocrx_word' id='word_1_283' title='bbox 2826 2160 3015 2218; x_wconf 86' lang='grc' dir='ltr'>αὐτοῦ</span> <span class='ocrx_word' id='word_1_284' title='bbox 3055 2163 3143 2227; x_wconf 80' lang='grc' dir='ltr'>εὶς</span> <span class='ocrx_word' id='word_1_285' title='bbox 3173 2162 3606 2230; x_wconf 75' lang='grc' dir='ltr'>ἀπολύτρωσιν</span> <span class='ocrx_word' id='word_1_286' title='bbox 3635 2163 3704 2217; x_wconf 71' lang='grc' dir='ltr'>ἐν</span> 
     </span>
    </p>
   </div>
   <div class='ocr_carea' id='block_1_44' title="bbox 2098 2247 3700 2326">
    <p class='ocr_par' dir='ltr' id='par_1_44' title="bbox 2098 2247 3700 2326">
     <span class='ocr_line' id='line_1_44' title="bbox 2098 2247 3700 2326; baseline 0.004 -25"><span class='ocrx_word' id='word_1_287' title='bbox 2098 2247 2179 2315; x_wconf 83' lang='grc' dir='ltr'>τῷ</span> <span class='ocrx_word' id='word_1_288' title='bbox 2202 2249 2438 2318; x_wconf 84' lang='grc' dir='ltr'>Χριστῷ</span> <span class='ocrx_word' id='word_1_289' title='bbox 2468 2250 2552 2318; x_wconf 82' lang='grc' dir='ltr'>τῷ</span> <span class='ocrx_word' id='word_1_290' title='bbox 2583 2250 2772 2313; x_wconf 79' lang='grc' dir='ltr'>ζῶντι.</span> <span class='ocrx_word' id='word_1_291' title='bbox 2802 2247 2917 2306; x_wconf 80' lang='grc' dir='ltr'>Εἶτ’</span> <span class='ocrx_word' id='word_1_292' title='bbox 2953 2252 3295 2322; x_wconf 80' lang='grc' dir='ltr'>ἐπιλέγουσιν</span> <span class='ocrx_word' id='word_1_293' title='bbox 3316 2256 3365 2308; x_wconf 78' lang='grc' dir='ltr'>οἱ</span> <span class='ocrx_word' id='word_1_294' title='bbox 3395 2254 3700 2326; x_wconf 76' lang='grc' dir='ltr'>παρόντεςο</span> 
     </span>
    </p>
   </div>
   <div class='ocr_carea' id='block_1_45' title="bbox 2093 2338 3703 2414">
    <p class='ocr_par' dir='ltr' id='par_1_45' title="bbox 2093 2338 3703 2414">
     <span class='ocr_line' id='line_1_45' title="bbox 2093 2338 3703 2414; baseline 0.004 -23"><span class='ocrx_word' id='word_1_295' title='bbox 2093 2338 2318 2409; x_wconf 74' lang='grc' dir='ltr'>Εἰρήνη</span> <span class='ocrx_word' id='word_1_296' title='bbox 2348 2340 2559 2409; x_wconf 84' lang='grc' dir='ltr'>πᾶσιν,</span> <span class='ocrx_word' id='word_1_297' title='bbox 2589 2343 2684 2413; x_wconf 74' lang='grc' dir='ltr'><strong>ἐφ’</strong></span> <span class='ocrx_word' id='word_1_298' title='bbox 2730 2343 2839 2409; x_wconf 82' lang='grc' dir='ltr'>οὓς</span> <span class='ocrx_word' id='word_1_299' title='bbox 2888 2343 2959 2398; x_wconf 82' lang='grc' dir='ltr'>τὸ</span> <span class='ocrx_word' id='word_1_300' title='bbox 3008 2343 3197 2414; x_wconf 80' lang='grc' dir='ltr'>ὄνομα</span> <span class='ocrx_word' id='word_1_301' title='bbox 3249 2343 3430 2400; x_wconf 82' lang='grc' dir='ltr'>τοῦτο</span> <span class='ocrx_word' id='word_1_302' title='bbox 3477 2345 3703 2398; x_wconf 77' lang='grc' dir='ltr'>ἐπανα-</span> 
     </span>
    </p>
   </div>
   <div class='ocr_carea' id='block_1_46' title="bbox 397 2431 3705 2514">
    <p class='ocr_par' dir='ltr' id='par_1_46' title="bbox 397 2431 3705 2514">
     <span class='ocr_line' id='line_1_46' title="bbox 397 2431 3705 2514; baseline -0.001 -20"><span class='ocrx_word' id='word_1_303' title='bbox 397 2444 666 2496; x_wconf 78' lang='grc' dir='ltr'>παὺεται.</span> <span class='ocrx_word' id='word_1_304' title='bbox 721 2440 952 2494; x_wconf 85' lang='grc' dir='ltr'>Ἔπειτα</span> <span class='ocrx_word' id='word_1_305' title='bbox 1004 2436 1291 2509; x_wconf 81' lang='grc' dir='ltr'>μυρίζουσι</span> <span class='ocrx_word' id='word_1_306' title='bbox 1348 2436 1439 2490; x_wconf 86' lang='grc' dir='ltr'>τὸν</span> <span class='ocrx_word' id='word_1_307' title='bbox 1494 2434 1879 2506; x_wconf 78' lang='grc' dir='ltr'>τετελεσμένον</span> <span class='ocrx_word' id='word_1_308' title='bbox 1932 2431 2010 2504; x_wconf 80' lang='grc' dir='ltr'><strong>τῷ</strong></span> <span class='ocrx_word' id='word_1_309' title='bbox 2068 2433 2188 2507; x_wconf 80' lang='grc' dir='ltr'><strong>ὀπῷ</strong></span> <span class='ocrx_word' id='word_1_310' title='bbox 2258 2435 2338 2507; x_wconf 85' lang='grc' dir='ltr'><strong>τῷ</strong></span> <span class='ocrx_word' id='word_1_311' title='bbox 2380 2437 2490 2492; x_wconf 80' lang='grc' dir='ltr'>ἀπὸ</span> <span class='ocrx_word' id='word_1_312' title='bbox 2528 2437 2807 2511; x_wconf 84' lang='grc' dir='ltr'>βαλσάμου</span> <span class='ocrx_word' id='word_1_313' title='bbox 2856 2439 2991 2514; x_wconf 79' lang='grc'><strong>(41).</strong></span> <span class='ocrx_word' id='word_1_314' title='bbox 3048 2440 3121 2494; x_wconf 82' lang='grc' dir='ltr'>Τὸ</span> <span class='ocrx_word' id='word_1_315' title='bbox 3169 2440 3279 2514; x_wconf 76' lang='grc' dir='ltr'><strong>γὰρ</strong></span> <span class='ocrx_word' id='word_1_316' title='bbox 3328 2440 3501 2513; x_wconf 84' lang='grc' dir='ltr'>μύρον</span> <span class='ocrx_word' id='word_1_317' title='bbox 3547 2440 3705 2496; x_wconf 77' lang='grc' dir='ltr'>τοῦτο</span> 
     </span>
    </p>
   </div>
   <div class='ocr_carea' id='block_1_47' title="bbox 397 2527 1830 2607">
    <p class='ocr_par' dir='ltr' id='par_1_47' title="bbox 397 2527 1830 2607">
     <span class='ocr_line' id='line_1_47' title="bbox 397 2527 1830 2607; baseline -0.006 -15"><span class='ocrx_word' id='word_1_318' title='bbox 397 2539 564 2592; x_wconf 93' lang='grc' dir='ltr'>τύπον</span> <span class='ocrx_word' id='word_1_319' title='bbox 602 2536 702 2607; x_wconf 76' lang='grc' dir='ltr'>τῆς</span> <span class='ocrx_word' id='word_1_320' title='bbox 733 2535 875 2607; x_wconf 80' lang='grc' dir='ltr'>ὑπὲρ</span> <span class='ocrx_word' id='word_1_321' title='bbox 905 2533 972 2588; x_wconf 65' lang='grc' dir='ltr'>τὰ</span> <span class='ocrx_word' id='word_1_322' title='bbox 998 2532 1095 2587; x_wconf 78' lang='grc' dir='ltr'>ὅλα</span> <span class='ocrx_word' id='word_1_323' title='bbox 1127 2531 1356 2596; x_wconf 77' lang='grc' dir='ltr'>εὐωδίας</span> <span class='ocrx_word' id='word_1_324' title='bbox 1388 2527 1528 2584; x_wconf 76' lang='grc' dir='ltr'>εἶναι</span> <span class='ocrx_word' id='word_1_325' title='bbox 1557 2531 1830 2601; x_wconf 80' lang='grc' dir='ltr'>λέγουσιν.</span> 
     </span>
    </p>
   </div>
   <div class='ocr_carea' id='block_1_48' title="bbox 469 2624 1998 2699">
    <p class='ocr_par' dir='ltr' id='par_1_48' title="bbox 469 2624 1998 2699">
     <span class='ocr_line' id='line_1_48' title="bbox 469 2624 1998 2699; baseline -0.005 -12"><span class='ocrx_word' id='word_1_326' title='bbox 469 2632 583 2689; x_wconf 88' lang='lat' dir='ltr'><strong>Non</strong></span> <span class='ocrx_word' id='word_1_327' title='bbox 626 2632 828 2689; x_wconf 84' lang='lat' dir='ltr'><strong>desunt</strong></span> <span class='ocrx_word' id='word_1_328' title='bbox 860 2631 1006 2685; x_wconf 90' lang='lat' dir='ltr'><strong>inter</strong></span> <span class='ocrx_word' id='word_1_329' title='bbox 1030 2629 1177 2695; x_wconf 91' lang='lat' dir='ltr'><strong>illos,</strong></span> <span class='ocrx_word' id='word_1_330' title='bbox 1217 2627 1310 2699; x_wconf 85' lang='lat' dir='ltr'><strong>qui</strong></span> <span class='ocrx_word' id='word_1_331' title='bbox 1364 2627 1432 2681; x_wconf 90' lang='lat' dir='ltr'><strong>ad</strong></span> <span class='ocrx_word' id='word_1_332' title='bbox 1463 2642 1663 2698; x_wconf 90' lang='lat' dir='ltr'><strong>aquam</strong></span> <span class='ocrx_word' id='word_1_333' title='bbox 1696 2624 1998 2697; x_wconf 87' lang='lat' dir='ltr'><strong>perducere</strong></span> 
     </span>
    </p>
   </div>
   <div class='ocr_carea' id='block_1_49' title="bbox 402 2718 1998 2797">
    <p class='ocr_par' dir='ltr' id='par_1_49' title="bbox 402 2718 1998 2797">
     <span class='ocr_line' id='line_1_49' title="bbox 402 2718 1998 2797; baseline -0.008 -15"><span class='ocrx_word' id='word_1_334' title='bbox 402 2738 879 2797; x_wconf 82' lang='lat' dir='ltr'><strong>supervacaneum</strong></span> <span class='ocrx_word' id='word_1_335' title='bbox 922 2721 1295 2783; x_wconf 75' lang='lat' dir='ltr'><strong>arbitrantur;</strong></span> <span class='ocrx_word' id='word_1_336' title='bbox 1321 2718 1417 2773; x_wconf 89' lang='lat' dir='ltr'><strong>sed</strong></span> <span class='ocrx_word' id='word_1_337' title='bbox 1451 2720 1634 2774; x_wconf 89' lang='lat' dir='ltr'><strong>oleum</strong></span> <span class='ocrx_word' id='word_1_338' title='bbox 1667 2732 1811 2787; x_wconf 86' lang='lat' dir='ltr'><strong>aqua</strong></span> <span class='ocrx_word' id='word_1_339' title='bbox 1854 2725 1998 2771; x_wconf 86' lang='lat' dir='ltr'><strong>tem-</strong></span> 
     </span>
    </p>
   </div>
   <div class='ocr_carea' id='block_1_50' title="bbox 400 2808 1995 2886">
    <p class='ocr_par' dir='ltr' id='par_1_50' title="bbox 400 2808 1995 2886">
     <span class='ocr_line' id='line_1_50' title="bbox 400 2808 1995 2886; baseline -0.005 -15"><span class='ocrx_word' id='word_1_340' title='bbox 400 2822 650 2886; x_wconf 84' lang='lat' dir='ltr'><strong>peratum</strong></span> <span class='ocrx_word' id='word_1_341' title='bbox 707 2829 833 2869; x_wconf 91' lang='lat' dir='ltr'><strong>cum</strong></span> <span class='ocrx_word' id='word_1_342' title='bbox 898 2810 1238 2869; x_wconf 85' lang='lat' dir='ltr'><strong>solemnibus</strong></span> <span class='ocrx_word' id='word_1_343' title='bbox 1286 2809 1562 2880; x_wconf 82' lang='lat' dir='ltr'><strong>ejusmodi</strong></span> <span class='ocrx_word' id='word_1_344' title='bbox 1616 2808 1995 2873; x_wconf 87' lang='lat' dir='ltr'><strong>carminibus,</strong></span> 
     </span>
    </p>
   </div>
   <div class='ocr_carea' id='block_1_51' title="bbox 399 2898 1998 2980">
    <p class='ocr_par' dir='ltr' id='par_1_51' title="bbox 399 2898 1998 2980">
     <span class='ocr_line' id='line_1_51' title="bbox 399 2898 1998 2980; baseline -0.007 -16"><span class='ocrx_word' id='word_1_345' title='bbox 399 2907 584 2980; x_wconf 88' lang='lat' dir='ltr'><strong>qualia</strong></span> <span class='ocrx_word' id='word_1_346' title='bbox 623 2922 723 2962; x_wconf 92' lang='lat' dir='ltr'><strong>nos</strong></span> <span class='ocrx_word' id='word_1_347' title='bbox 757 2907 923 2978; x_wconf 87' lang='lat' dir='ltr'><strong>paulo</strong></span> <span class='ocrx_word' id='word_1_348' title='bbox 962 2910 1089 2961; x_wconf 83' lang='lat' dir='ltr'><strong>ante</strong></span> <span class='ocrx_word' id='word_1_349' title='bbox 1119 2903 1429 2967; x_wconf 90' lang='lat' dir='ltr'><strong>retulimus,</strong></span> <span class='ocrx_word' id='word_1_350' title='bbox 1464 2901 1808 2980; x_wconf 74' lang='lat' dir='ltr'><strong>initiatorum</strong></span> <span class='ocrx_word' id='word_1_351' title='bbox 1847 2898 1998 2970; x_wconf 87' lang='lat' dir='ltr'><strong>capi-</strong></span> 
     </span>
    </p>
   </div>
   <div class='ocr_carea' id='block_1_52' title="bbox 399 2974 1997 3071">
    <p class='ocr_par' dir='ltr' id='par_1_52' title="bbox 399 2974 1997 3071">
     <span class='ocr_line' id='line_1_52' title="bbox 399 2974 1997 3071; baseline -0.008 -13"><span class='ocrx_word' id='word_1_352' title='bbox 399 2974 549 3057; x_wconf 81' lang='lat' dir='ltr'><strong>tibus</strong></span> <span class='ocrx_word' id='word_1_353' title='bbox 576 2974 896 3071; x_wconf 71' lang='lat' dir='ltr'><strong>inspergant</strong></span> <span class='ocrx_word' id='word_1_354' title='bbox 926 3015 940 3051; x_wconf 93' lang='lat'>:</span> <span class='ocrx_word' id='word_1_355' title='bbox 969 2996 1134 3067; x_wconf 89' lang='lat' dir='ltr'><strong>idque</strong></span> <span class='ocrx_word' id='word_1_356' title='bbox 1164 2995 1388 3051; x_wconf 88' lang='lat' dir='ltr'><strong>demum</strong></span> <span class='ocrx_word' id='word_1_357' title='bbox 1421 2974 1857 3064; x_wconf 63' lang='lat' dir='ltr'><strong>redemptionem</strong></span> <span class='ocrx_word' id='word_1_358' title='bbox 1898 3005 1997 3047; x_wconf 85' lang='lat' dir='ltr'><strong>no-</strong></span> 
     </span>
    </p>
   </div>
   <div class='ocr_carea' id='block_1_53' title="bbox 398 3084 2070 3174">
    <p class='ocr_par' dir='ltr' id='par_1_53' title="bbox 398 3084 2070 3174">
     <span class='ocr_line' id='line_1_53' title="bbox 398 3084 2070 3174; baseline -0.008 -24"><span class='ocrx_word' id='word_1_359' title='bbox 398 3095 645 3160; x_wconf 89' lang='lat' dir='ltr'><strong>minent;</strong></span> <span class='ocrx_word' id='word_1_360' title='bbox 694 3104 1012 3162; x_wconf 82' lang='lat' dir='ltr'><strong>quanquam</strong></span> <span class='ocrx_word' id='word_1_361' title='bbox 1054 3087 1304 3144; x_wconf 88' lang='lat' dir='ltr'><strong>balsamo</strong></span> <span class='ocrx_word' id='word_1_362' title='bbox 1348 3085 1455 3158; x_wconf 91' lang='lat' dir='ltr'><strong>ipsi</strong></span> <span class='ocrx_word' id='word_1_363' title='bbox 1494 3085 1662 3140; x_wconf 89' lang='lat' dir='ltr'><strong>etiam</strong></span> <span class='ocrx_word' id='word_1_364' title='bbox 1701 3084 1994 3155; x_wconf 89' lang='lat' dir='ltr'><strong>inungunt.</strong></span> <span class='ocrx_word' id='word_1_365' title='bbox 2027 3115 2070 3174; x_wconf 61' lang='grc' dir='ltr'><strong>ρ</strong></span> 
     </span>
    </p>
   </div>
   <div class='ocr_carea' id='block_1_54' title="bbox 397 3173 1999 3252">
    <p class='ocr_par' dir='ltr' id='par_1_54' title="bbox 397 3173 1999 3252">
     <span class='ocr_line' id='line_1_54' title="bbox 397 3173 1999 3252; baseline -0.01 -10"><span class='ocrx_word' id='word_1_366' title='bbox 397 3186 503 3242; x_wconf 83' lang='lat' dir='ltr'><strong>Alii</strong></span> <span class='ocrx_word' id='word_1_367' title='bbox 535 3190 732 3240; x_wconf 83' lang='lat' dir='ltr'><strong>contra</strong></span> <span class='ocrx_word' id='word_1_368' title='bbox 761 3179 1067 3252; x_wconf 87' lang='lat' dir='ltr'><strong>repudiatis</strong></span> <span class='ocrx_word' id='word_1_369' title='bbox 1100 3177 1170 3232; x_wconf 92' lang='lat' dir='ltr'><strong>iis</strong></span> <span class='ocrx_word' id='word_1_370' title='bbox 1201 3177 1460 3241; x_wconf 83' lang='lat' dir='ltr'><strong>omnibus</strong></span> <span class='ocrx_word' id='word_1_371' title='bbox 1498 3181 1702 3247; x_wconf 87' lang='lat' dir='ltr'><strong>negant</strong></span> <span class='ocrx_word' id='word_1_372' title='bbox 1729 3175 1856 3245; x_wconf 85' lang='lat' dir='ltr'><strong>ejus</strong></span> <span class='ocrx_word' id='word_1_373' title='bbox 1883 3173 1999 3227; x_wconf 83' lang='lat' dir='ltr'><strong>vir-</strong></span> 
     </span>
    </p>
   </div>
   <div class='ocr_carea' id='block_1_55' title="bbox 400 3265 2000 3348">
    <p class='ocr_par' dir='ltr' id='par_1_55' title="bbox 400 3265 2000 3348">
     <span class='ocr_line' id='line_1_55' title="bbox 400 3265 2000 3348; baseline -0.008 -16"><span class='ocrx_word' id='word_1_374' title='bbox 400 3278 553 3342; x_wconf 87' lang='lat' dir='ltr'><strong>tutis,</strong></span> <span class='ocrx_word' id='word_1_375' title='bbox 591 3290 713 3348; x_wconf 68' lang='lat' dir='ltr'><strong>qua:</strong></span> <span class='ocrx_word' id='word_1_376' title='bbox 754 3289 859 3330; x_wconf 91' lang='lat' dir='ltr'><strong>nec</strong></span> <span class='ocrx_word' id='word_1_377' title='bbox 895 3271 1073 3329; x_wconf 88' lang='lat' dir='ltr'><strong>oculis</strong></span> <span class='ocrx_word' id='word_1_378' title='bbox 1098 3269 1275 3337; x_wconf 87' lang='lat' dir='ltr'><strong>cerni,</strong></span> <span class='ocrx_word' id='word_1_379' title='bbox 1304 3283 1408 3324; x_wconf 91' lang='lat' dir='ltr'><strong>nec</strong></span> <span class='ocrx_word' id='word_1_380' title='bbox 1435 3281 1691 3324; x_wconf 86' lang='lat' dir='ltr'><strong>sermone</strong></span> <span class='ocrx_word' id='word_1_381' title='bbox 1727 3265 2000 3321; x_wconf 87' lang='lat' dir='ltr'><strong>declarari</strong></span> 
     </span>
    </p>
   </div>
   <div class='ocr_carea' id='block_1_56' title="bbox 399 3359 2002 3442">
    <p class='ocr_par' dir='ltr' id='par_1_56' title="bbox 399 3359 2002 3442">
     <span class='ocr_line' id='line_1_56' title="bbox 399 3359 2002 3442; baseline -0.011 -14"><span class='ocrx_word' id='word_1_382' title='bbox 399 3370 601 3442; x_wconf 87' lang='lat' dir='ltr'><strong>possit,</strong></span> <span class='ocrx_word' id='word_1_383' title='bbox 619 3367 949 3440; x_wconf 86' lang='lat' dir='ltr'><strong>mysterium</strong></span> <span class='ocrx_word' id='word_1_384' title='bbox 972 3381 1071 3437; x_wconf 91' lang='lat' dir='ltr'><strong>per</strong></span> <span class='ocrx_word' id='word_1_385' title='bbox 1101 3361 1472 3434; x_wconf 85' lang='lat' dir='ltr'><strong>aspectabiles</strong></span> <span class='ocrx_word' id='word_1_386' title='bbox 1495 3359 2002 3431; x_wconf 89' lang='lat' dir='ltr'><strong>corruptibilesque</strong></span> 
     </span>
    </p>
   </div>
   <div class='ocr_carea' id='block_1_57' title="bbox 398 3450 2001 3532">
    <p class='ocr_par' dir='ltr' id='par_1_57' title="bbox 398 3450 2001 3532">
     <span class='ocr_line' id='line_1_57' title="bbox 398 3450 2001 3532; baseline -0.009 -13"><span class='ocrx_word' id='word_1_387' title='bbox 398 3471 686 3519; x_wconf 85' lang='lat' dir='ltr'><strong>creaturas</strong></span> <span class='ocrx_word' id='word_1_388' title='bbox 701 3472 863 3532; x_wconf 88' lang='lat' dir='ltr'><strong>posse</strong></span> <span class='ocrx_word' id='word_1_389' title='bbox 883 3456 1071 3528; x_wconf 84' lang='lat' dir='ltr'><strong>perlici</strong></span> <span class='ocrx_word' id='word_1_390' title='bbox 1096 3469 1341 3523; x_wconf 88' lang='lat' dir='ltr'><strong>;eorum,</strong></span> <span class='ocrx_word' id='word_1_391' title='bbox 1367 3454 1615 3525; x_wconf 88' lang='lat' dir='ltr'><strong>inquam,</strong></span> <span class='ocrx_word' id='word_1_392' title='bbox 1639 3467 1762 3524; x_wconf 64' lang='lat' dir='ltr'><strong>quae</strong></span> <span class='ocrx_word' id='word_1_393' title='bbox 1789 3450 2001 3523; x_wconf 82' lang='lat' dir='ltr'><strong>cogita-</strong></span> 
     </span>
    </p>
   </div>
   <div class='ocr_carea' id='block_1_58' title="bbox 401 3542 1997 3619">
    <p class='ocr_par' dir='ltr' id='par_1_58' title="bbox 401 3542 1997 3619">
     <span class='ocr_line' id='line_1_58' title="bbox 401 3542 1997 3619; baseline -0.008 -11"><span class='ocrx_word' id='word_1_394' title='bbox 401 3555 608 3610; x_wconf 89' lang='lat' dir='ltr'><strong>tionem</strong></span> <span class='ocrx_word' id='word_1_395' title='bbox 636 3563 855 3607; x_wconf 91' lang='lat' dir='ltr'><strong>omnem</strong></span> <span class='ocrx_word' id='word_1_396' title='bbox 881 3548 1121 3619; x_wconf 80' lang='lat' dir='ltr'><strong>fugiunt,</strong></span> <span class='ocrx_word' id='word_1_397' title='bbox 1169 3544 1530 3616; x_wconf 88' lang='lat' dir='ltr'><strong>corporisque</strong></span> <span class='ocrx_word' id='word_1_398' title='bbox 1569 3551 1699 3600; x_wconf 90' lang='lat' dir='ltr'><strong>sunt</strong></span> <span class='ocrx_word' id='word_1_399' title='bbox 1729 3542 1997 3614; x_wconf 80' lang='lat' dir='ltr'><strong>expertia,</strong></span> 
     </span>
    </p>
   </div>
   <div class='ocr_carea' id='block_1_59' title="bbox 400 3633 1999 3711">
    <p class='ocr_par' dir='ltr' id='par_1_59' title="bbox 400 3633 1999 3711">
     <span class='ocr_line' id='line_1_59' title="bbox 400 3633 1999 3711; baseline -0.007 -14"><span class='ocrx_word' id='word_1_400' title='bbox 400 3642 469 3697; x_wconf 92' lang='lat' dir='ltr'><strong>ad</strong></span> <span class='ocrx_word' id='word_1_401' title='bbox 495 3655 560 3696; x_wconf 90' lang='lat' dir='ltr'><strong>ea</strong></span> <span class='ocrx_word' id='word_1_402' title='bbox 589 3656 711 3711; x_wconf 65' lang='lat' dir='ltr'><strong>quae</strong></span> <span class='ocrx_word' id='word_1_403' title='bbox 733 3637 987 3694; x_wconf 84' lang='lat' dir='ltr'><strong>sensibus</strong></span> <span class='ocrx_word' id='word_1_404' title='bbox 1014 3633 1413 3705; x_wconf 89' lang='lat' dir='ltr'><strong>percipiuntur,</strong></span> <span class='ocrx_word' id='word_1_405' title='bbox 1441 3648 1822 3706; x_wconf 85' lang='lat' dir='ltr'><strong>corporeaque</strong></span> <span class='ocrx_word' id='word_1_406' title='bbox 1844 3637 1999 3697; x_wconf 90' lang='lat' dir='ltr'><strong>sunt,</strong></span> 
     </span>
    </p>
   </div>
   <div class='ocr_carea' id='block_1_60' title="bbox 399 3724 2000 3805">
    <p class='ocr_par' dir='ltr' id='par_1_60' title="bbox 399 3724 2000 3805">
     <span class='ocr_line' id='line_1_60' title="bbox 399 3724 2000 3805; baseline -0.007 -15"><span class='ocrx_word' id='word_1_407' title='bbox 399 3740 657 3805; x_wconf 88' lang='lat' dir='ltr'><strong>oportere</strong></span> <span class='ocrx_word' id='word_1_408' title='bbox 703 3728 938 3787; x_wconf 88' lang='lat' dir='ltr'><strong>demitti.</strong></span> <span class='ocrx_word' id='word_1_409' title='bbox 976 3724 1515 3801; x_wconf 16' lang='lat' dir='ltr'><strong>Periectamvitaque</strong></span> <span class='ocrx_word' id='word_1_410' title='bbox 1566 3725 2000 3796; x_wconf 86' lang='lat' dir='ltr'><strong>redemptionem</strong></span> 
     </span>
    </p>
   </div>
   <div class='ocr_carea' id='block_1_61' title="bbox 401 3816 1998 3898">
    <p class='ocr_par' dir='ltr' id='par_1_61' title="bbox 401 3816 1998 3898">
     <span class='ocr_line' id='line_1_61' title="bbox 401 3816 1998 3898; baseline -0.008 -17"><span class='ocrx_word' id='word_1_411' title='bbox 401 3828 577 3898; x_wconf 89' lang='lat' dir='ltr'><strong>ipsam</strong></span> <span class='ocrx_word' id='word_1_412' title='bbox 629 3839 755 3880; x_wconf 89' lang='lat' dir='ltr'><strong>esse</strong></span> <span class='ocrx_word' id='word_1_413' title='bbox 811 3821 1209 3895; x_wconf 80' lang='lat' dir='ltr'><strong>magnitudinis</strong></span> <span class='ocrx_word' id='word_1_414' title='bbox 1260 3818 1667 3891; x_wconf 75' lang='lat' dir='ltr'><strong>inexplicabilis</strong></span> <span class='ocrx_word' id='word_1_415' title='bbox 1723 3816 1998 3873; x_wconf 89' lang='lat' dir='ltr'><strong>notitiam.</strong></span> 
     </span>
    </p>
   </div>
   <div class='ocr_carea' id='block_1_62' title="bbox 388 3908 1999 3984">
    <p class='ocr_par' dir='ltr' id='par_1_62' title="bbox 388 3908 1999 3984">
     <span class='ocr_line' id='line_1_62' title="bbox 388 3908 1999 3984; baseline -0.01 -6"><span class='ocrx_word' id='word_1_416' title='bbox 388 3923 537 3978; x_wconf 74' lang='lat' dir='ltr'><strong>.Cum</strong></span> <span class='ocrx_word' id='word_1_417' title='bbox 574 3921 722 3977; x_wconf 91' lang='lat' dir='ltr'><strong>enim</strong></span> <span class='ocrx_word' id='word_1_418' title='bbox 754 3917 1003 3974; x_wconf 84' lang='lat' dir='ltr'><strong>defectus</strong></span> <span class='ocrx_word' id='word_1_419' title='bbox 1032 3915 1214 3973; x_wconf 90' lang='lat' dir='ltr'><strong>omnis</strong></span> <span class='ocrx_word' id='word_1_420' title='bbox 1256 3924 1312 3970; x_wconf 88' lang='lat' dir='ltr'><strong>et</strong></span> <span class='ocrx_word' id='word_1_421' title='bbox 1353 3910 1697 3984; x_wconf 87' lang='lat' dir='ltr'><strong>perturbatio</strong></span> <span class='ocrx_word' id='word_1_422' title='bbox 1739 3910 1810 3965; x_wconf 90' lang='lat' dir='ltr'><strong>ab</strong></span> <span class='ocrx_word' id='word_1_423' title='bbox 1838 3908 1999 3981; x_wconf 79' lang='lat' dir='ltr'><strong>igno-</strong></span> 
     </span>
    </p>
   </div>
   <div class='ocr_carea' id='block_1_63' title="bbox 400 4000 1998 4080">
    <p class='ocr_par' dir='ltr' id='par_1_63' title="bbox 400 4000 1998 4080">
     <span class='ocr_line' id='line_1_63' title="bbox 400 4000 1998 4080; baseline -0.007 -14"><span class='ocrx_word' id='word_1_424' title='bbox 400 4011 584 4066; x_wconf 84' lang='lat' dir='ltr'><strong>rantia</strong></span> <span class='ocrx_word' id='word_1_425' title='bbox 613 4007 1021 4080; x_wconf 82' lang='lat' dir='ltr'><strong>proﬁciscatur,</strong></span> <span class='ocrx_word' id='word_1_426' title='bbox 1057 4004 1325 4077; x_wconf 87' lang='lat' dir='ltr'><strong>quidquid</strong></span> <span class='ocrx_word' id='word_1_427' title='bbox 1358 4019 1426 4059; x_wconf 81' lang='lat' dir='ltr'><strong>ex</strong></span> <span class='ocrx_word' id='word_1_428' title='bbox 1458 4018 1523 4059; x_wconf 89' lang='lat' dir='ltr'><strong>ea</strong></span> <span class='ocrx_word' id='word_1_429' title='bbox 1553 4000 1850 4058; x_wconf 83' lang='lat' dir='ltr'><strong>conﬂatum</strong></span> <span class='ocrx_word' id='word_1_430' title='bbox 1891 4006 1998 4066; x_wconf 91' lang='lat' dir='ltr'><strong>est,</strong></span> 
     </span>
    </p>
   </div>
   <div class='ocr_carea' id='block_1_64' title="bbox 400 4095 2001 4170">
    <p class='ocr_par' dir='ltr' id='par_1_64' title="bbox 400 4095 2001 4170">
     <span class='ocr_line' id='line_1_64' title="bbox 400 4095 2001 4170; baseline -0.007 -10"><span class='ocrx_word' id='word_1_431' title='bbox 400 4107 492 4160; x_wconf 92' lang='lat' dir='ltr'><strong>illa</strong></span> <span class='ocrx_word' id='word_1_432' title='bbox 523 4104 739 4160; x_wconf 84' lang='lat' dir='ltr'><strong>ratione</strong></span> <span class='ocrx_word' id='word_1_433' title='bbox 769 4101 1003 4166; x_wconf 88' lang='lat' dir='ltr'><strong>destrui.</strong></span> <span class='ocrx_word' id='word_1_434' title='bbox 1042 4101 1180 4158; x_wconf 84' lang='lat' dir='ltr'><strong>adeo</strong></span> <span class='ocrx_word' id='word_1_435' title='bbox 1208 4109 1270 4156; x_wconf 91' lang='lat' dir='ltr'><strong>ut</strong></span> <span class='ocrx_word' id='word_1_436' title='bbox 1316 4098 1558 4170; x_wconf 89' lang='lat' dir='ltr'><strong>cognitio</strong></span> <span class='ocrx_word' id='word_1_437' title='bbox 1604 4096 1888 4153; x_wconf 87' lang='lat' dir='ltr'><strong>interioris</strong></span> <span class='ocrx_word' id='word_1_438' title='bbox 1926 4095 2001 4152; x_wconf 89' lang='lat' dir='ltr'><strong>sit</strong></span> 
     </span>
    </p>
   </div>
   <div class='ocr_carea' id='block_1_65' title="bbox 399 4189 2000 4267">
    <p class='ocr_par' dir='ltr' id='par_1_65' title="bbox 399 4189 2000 4267">
     <span class='ocr_line' id='line_1_65' title="bbox 399 4189 2000 4267; baseline -0.006 -15"><span class='ocrx_word' id='word_1_439' title='bbox 399 4198 642 4255; x_wconf 85' lang='lat' dir='ltr'><strong>hominis</strong></span> <span class='ocrx_word' id='word_1_440' title='bbox 689 4194 1000 4267; x_wconf 89' lang='lat' dir='ltr'><strong>redemptio</strong></span> <span class='ocrx_word' id='word_1_441' title='bbox 1036 4214 1050 4250; x_wconf 91' lang='lat'><strong>:</strong></span> <span class='ocrx_word' id='word_1_442' title='bbox 1085 4210 1153 4250; x_wconf 92' lang='lat' dir='ltr'><strong>ac</strong></span> <span class='ocrx_word' id='word_1_443' title='bbox 1213 4208 1395 4265; x_wconf 88' lang='lat' dir='ltr'><strong>neque</strong></span> <span class='ocrx_word' id='word_1_444' title='bbox 1433 4203 1702 4263; x_wconf 89' lang='lat' dir='ltr'><strong>corporea</strong></span> <span class='ocrx_word' id='word_1_445' title='bbox 1747 4189 1841 4254; x_wconf 86' lang='lat' dir='ltr'><strong>sit,</strong></span> <span class='ocrx_word' id='word_1_446' title='bbox 1882 4203 2000 4245; x_wconf 91' lang='lat' dir='ltr'><strong>cor-</strong></span> 
     </span>
    </p>
   </div>
   <div class='ocr_carea' id='block_1_66' title="bbox 402 4278 1996 4360">
    <p class='ocr_par' dir='ltr' id='par_1_66' title="bbox 402 4278 1996 4360">
     <span class='ocr_line' id='line_1_66' title="bbox 402 4278 1996 4360; baseline -0.008 -13"><span class='ocrx_word' id='word_1_447' title='bbox 402 4305 504 4360; x_wconf 79' lang='lat' dir='ltr'><strong>pus</strong></span> <span class='ocrx_word' id='word_1_448' title='bbox 546 4289 695 4345; x_wconf 86' lang='lat' dir='ltr'><strong>enim</strong></span> <span class='ocrx_word' id='word_1_449' title='bbox 749 4286 1124 4357; x_wconf 87' lang='lat' dir='ltr'><strong>corruptionis</strong></span> <span class='ocrx_word' id='word_1_450' title='bbox 1165 4300 1335 4357; x_wconf 81' lang='lat' dir='ltr'><strong>capax</strong></span> <span class='ocrx_word' id='word_1_451' title='bbox 1384 4289 1471 4341; x_wconf 89' lang='lat' dir='ltr'><strong>est</strong></span> <span class='ocrx_word' id='word_1_452' title='bbox 1511 4301 1525 4336; x_wconf 91' lang='lat'><strong>:</strong></span> <span class='ocrx_word' id='word_1_453' title='bbox 1558 4296 1661 4337; x_wconf 91' lang='lat' dir='ltr'><strong>nec</strong></span> <span class='ocrx_word' id='word_1_454' title='bbox 1710 4278 1996 4343; x_wconf 84' lang='lat' dir='ltr'><strong>animalis,</strong></span> 
     </span>
    </p>
   </div>
   <div class='ocr_carea' id='block_1_67' title="bbox 343 4371 1995 4453">
    <p class='ocr_par' dir='ltr' id='par_1_67' title="bbox 343 4371 1995 4453">
     <span class='ocr_line' id='line_1_67' title="bbox 343 4371 1995 4453; baseline -0.008 -16"><span class='ocrx_word' id='word_1_455' title='bbox 343 4371 356 4381; x_wconf 85' lang='grc'><em>’</em></span> <span class='ocrx_word' id='word_1_456' title='bbox 399 4382 546 4453; x_wconf 87' lang='lat' dir='ltr'><strong>quod</strong></span> <span class='ocrx_word' id='word_1_457' title='bbox 586 4384 768 4437; x_wconf 89' lang='lat' dir='ltr'><strong>anima</strong></span> <span class='ocrx_word' id='word_1_458' title='bbox 803 4396 871 4436; x_wconf 81' lang='lat' dir='ltr'><strong>ex</strong></span> <span class='ocrx_word' id='word_1_459' title='bbox 911 4378 1128 4435; x_wconf 81' lang='lat' dir='ltr'><strong>deiectu</strong></span> <span class='ocrx_word' id='word_1_460' title='bbox 1176 4376 1465 4449; x_wconf 89' lang='lat' dir='ltr'><strong>prodierit,</strong></span> <span class='ocrx_word' id='word_1_461' title='bbox 1498 4375 1683 4445; x_wconf 89' lang='lat' dir='ltr'><strong>sitque</strong></span> <span class='ocrx_word' id='word_1_462' title='bbox 1709 4372 1857 4428; x_wconf 76' lang='lat' dir='ltr'><strong>velut</strong></span> <span class='ocrx_word' id='word_1_463' title='bbox 1886 4373 1995 4425; x_wconf 88' lang='lat' dir='ltr'><strong>Pa-</strong></span> 
     </span>
    </p>
   </div>
   <div class='ocr_carea' id='block_1_68' title="bbox 2181 2626 3702 2705">
    <p class='ocr_par' dir='ltr' id='par_1_68' title="bbox 2181 2626 3702 2705">
     <span class='ocr_line' id='line_1_68' title="bbox 2181 2626 3702 2705; baseline 0.007 -26"><span class='ocrx_word' id='word_1_464' title='bbox 2181 2626 2352 2679; x_wconf 86' lang='grc' dir='ltr'>Ἔνιοι</span> <span class='ocrx_word' id='word_1_465' title='bbox 2379 2627 2425 2682; x_wconf 85' lang='grc' dir='ltr'><strong>δ’</strong></span> <span class='ocrx_word' id='word_1_466' title='bbox 2454 2626 2633 2682; x_wconf 84' lang='grc' dir='ltr'>αὐτῶν</span> <span class='ocrx_word' id='word_1_467' title='bbox 2663 2628 2725 2684; x_wconf 81' lang='grc' dir='ltr'><strong>τὸ</strong></span> <span class='ocrx_word' id='word_1_468' title='bbox 2766 2629 2867 2701; x_wconf 81' lang='grc' dir='ltr'><strong>μὲν</strong></span> <span class='ocrx_word' id='word_1_469' title='bbox 2903 2629 3058 2700; x_wconf 77' lang='grc' dir='ltr'>ἄγειν</span> <span class='ocrx_word' id='word_1_470' title='bbox 3115 2630 3210 2685; x_wconf 76' lang='grc' dir='ltr'><strong>ἐπὶ</strong></span> <span class='ocrx_word' id='word_1_471' title='bbox 3240 2630 3302 2685; x_wconf 82' lang='grc' dir='ltr'><strong>τὺ</strong></span> <span class='ocrx_word' id='word_1_472' title='bbox 3333 2631 3480 2704; x_wconf 82' lang='grc' dir='ltr'>ὓδωρ</span> <span class='ocrx_word' id='word_1_473' title='bbox 3510 2651 3702 2705; x_wconf 86' lang='grc' dir='ltr'>περισ-</span> 
     </span>
    </p>
   </div>
   <div class='ocr_carea' id='block_1_69' title="bbox 2106 2713 3704 2797">
    <p class='ocr_par' dir='ltr' id='par_1_69' title="bbox 2106 2713 3704 2797">
     <span class='ocr_line' id='line_1_69' title="bbox 2106 2713 3704 2797; baseline 0.006 -27"><span class='ocrx_word' id='word_1_474' title='bbox 2106 2716 2199 2771; x_wconf 84' lang='grc' dir='ltr'>σὸν</span> <span class='ocrx_word' id='word_1_475' title='bbox 2228 2713 2365 2771; x_wconf 78' lang='grc' dir='ltr'>εἶναι</span> <span class='ocrx_word' id='word_1_476' title='bbox 2415 2719 2686 2789; x_wconf 79' lang='grc' dir='ltr'>φάσκουσι</span> <span class='ocrx_word' id='word_1_477' title='bbox 2707 2737 2721 2752; x_wconf 79' lang='grc' dir='ltr'><strong>ο</strong></span> <span class='ocrx_word' id='word_1_478' title='bbox 2777 2719 3031 2792; x_wconf 79' lang='grc' dir='ltr'>μίξαντες</span> <span class='ocrx_word' id='word_1_479' title='bbox 3081 2720 3140 2775; x_wconf 83' lang='grc' dir='ltr'><strong>δὲ</strong></span> <span class='ocrx_word' id='word_1_480' title='bbox 3180 2721 3359 2776; x_wconf 74' lang='grc' dir='ltr'>ἔλαιον</span> <span class='ocrx_word' id='word_1_481' title='bbox 3410 2723 3508 2777; x_wconf 79' lang='grc' dir='ltr'>καὶ</span> <span class='ocrx_word' id='word_1_482' title='bbox 3560 2725 3704 2797; x_wconf 76' lang='grc' dir='ltr'>ὕδωρ</span> 
     </span>
    </p>
   </div>
   <div class='ocr_carea' id='block_1_70' title="bbox 2103 2811 3704 2891">
    <p class='ocr_par' dir='ltr' id='par_1_70' title="bbox 2103 2811 3704 2891">
     <span class='ocr_line' id='line_1_70' title="bbox 2103 2811 3704 2891; baseline 0.004 -26"><span class='ocrx_word' id='word_1_483' title='bbox 2103 2811 2397 2866; x_wconf 76' lang='grc' dir='ltr'>ὲπιτοαυτὸ</span> <span class='ocrx_word' id='word_1_484' title='bbox 2428 2814 2548 2883; x_wconf 82' lang='grc' dir='ltr'>μετ’</span> <span class='ocrx_word' id='word_1_485' title='bbox 2573 2814 2920 2885; x_wconf 80' lang='grc' dir='ltr'>ἐπιρρήσεων</span> <span class='ocrx_word' id='word_1_486' title='bbox 2957 2814 3353 2887; x_wconf 82' lang='grc' dir='ltr'>ὁμοιοτρόπων,</span> <span class='ocrx_word' id='word_1_487' title='bbox 3389 2811 3482 2881; x_wconf 78' lang='grc' dir='ltr'>αἷς</span> <span class='ocrx_word' id='word_1_488' title='bbox 3516 2836 3704 2891; x_wconf 76' lang='grc' dir='ltr'>προει-</span> 
     </span>
    </p>
   </div>
   <div class='ocr_carea' id='block_1_71' title="bbox 2106 2904 3698 2982">
    <p class='ocr_par' dir='ltr' id='par_1_71' title="bbox 2106 2904 3698 2982">
     <span class='ocr_line' id='line_1_71' title="bbox 2106 2904 3698 2982; baseline 0.006 -25"><span class='ocrx_word' id='word_1_489' title='bbox 2106 2904 2378 2975; x_wconf 75' lang='grc' dir='ltr'>ρήκαμεν,</span> <span class='ocrx_word' id='word_1_490' title='bbox 2409 2905 2764 2960; x_wconf 73' lang='grc' dir='ltr'>ὲπιεάλλουσι</span> <span class='ocrx_word' id='word_1_491' title='bbox 2791 2910 2861 2979; x_wconf 79' lang='grc' dir='ltr'><strong>τῇ</strong></span> <span class='ocrx_word' id='word_1_492' title='bbox 2902 2909 3114 2978; x_wconf 81' lang='grc' dir='ltr'>κεφαλῇ</span> <span class='ocrx_word' id='word_1_493' title='bbox 3145 2908 3256 2962; x_wconf 85' lang='grc' dir='ltr'>τῶν</span> <span class='ocrx_word' id='word_1_494' title='bbox 3284 2912 3698 2982; x_wconf 76' lang='grc' dir='ltr'>τελειουμὲνων.</span> 
     </span>
    </p>
   </div>
   <div class='ocr_carea' id='block_1_72' title="bbox 2106 2991 3705 3070">
    <p class='ocr_par' dir='ltr' id='par_1_72' title="bbox 2106 2991 3705 3070">
     <span class='ocr_line' id='line_1_72' title="bbox 2106 2991 3705 3070; baseline 0.004 -24"><span class='ocrx_word' id='word_1_495' title='bbox 2106 2993 2217 3047; x_wconf 77' lang='grc' dir='ltr'>Καὶ</span> <span class='ocrx_word' id='word_1_496' title='bbox 2242 2995 2388 3048; x_wconf 76' lang='grc' dir='ltr'>τοῦτ’</span> <span class='ocrx_word' id='word_1_497' title='bbox 2413 2991 2555 3050; x_wconf 76' lang='grc' dir='ltr'>εἶναι</span> <span class='ocrx_word' id='word_1_498' title='bbox 2584 2994 2683 3066; x_wconf 86' lang='grc' dir='ltr'><strong>τὴν</strong></span> <span class='ocrx_word' id='word_1_499' title='bbox 2707 2995 3088 3065; x_wconf 82' lang='grc' dir='ltr'>ἀπολύτρωσιν</span> <span class='ocrx_word' id='word_1_500' title='bbox 3121 2994 3360 3051; x_wconf 81' lang='grc' dir='ltr'>θέλουσι.</span> <span class='ocrx_word' id='word_1_501' title='bbox 3397 2998 3705 3070; x_wconf 80' lang='grc' dir='ltr'>Μυρίζουσι</span> 
     </span>
    </p>
   </div>
   <div class='ocr_carea' id='block_1_73' title="bbox 2103 3084 3704 3159">
    <p class='ocr_par' dir='ltr' id='par_1_73' title="bbox 2103 3084 3704 3159">
     <span class='ocr_line' id='line_1_73' title="bbox 2103 3084 3704 3159; baseline 0.004 -20"><span class='ocrx_word' id='word_1_502' title='bbox 2103 3084 2164 3139; x_wconf 82' lang='grc' dir='ltr'><strong>δὲ</strong></span> <span class='ocrx_word' id='word_1_503' title='bbox 2197 3085 2293 3140; x_wconf 65' lang='grc' dir='ltr'><strong>καὶ⁵</strong></span> <span class='ocrx_word' id='word_1_504' title='bbox 2330 3086 2485 3140; x_wconf 77' lang='grc' dir='ltr'>αὐτοὶ</span> <span class='ocrx_word' id='word_1_505' title='bbox 2519 3085 2597 3159; x_wconf 84' lang='grc' dir='ltr'>τῷ</span> <span class='ocrx_word' id='word_1_506' title='bbox 2646 3085 2934 3159; x_wconf 85' lang='grc' dir='ltr'>βαλσάμῳ.</span> <span class='ocrx_word' id='word_1_507' title='bbox 2963 3087 3146 3142; x_wconf 72' lang='grc' dir='ltr'>’Ἄλλοι</span> <span class='ocrx_word' id='word_1_508' title='bbox 3192 3087 3272 3154; x_wconf 79' lang='grc' dir='ltr'>δὲ,</span> <span class='ocrx_word' id='word_1_509' title='bbox 3313 3089 3493 3144; x_wconf 78' lang='grc' dir='ltr'>ταῦτα</span> <span class='ocrx_word' id='word_1_510' title='bbox 3526 3090 3704 3145; x_wconf 75' lang='grc' dir='ltr'>πάντα</span> 
     </span>
    </p>
   </div>
   <div class='ocr_carea' id='block_1_74' title="bbox 2105 3179 3702 3255">
    <p class='ocr_par' dir='ltr' id='par_1_74' title="bbox 2105 3179 3702 3255">
     <span class='ocr_line' id='line_1_74' title="bbox 2105 3179 3702 3255; baseline 0.003 -23"><span class='ocrx_word' id='word_1_511' title='bbox 2105 3179 2601 3251; x_wconf 82' lang='grc' dir='ltr'>παραιτησάμενοι,</span> <span class='ocrx_word' id='word_1_512' title='bbox 2648 3180 2918 3249; x_wconf 84' lang='grc' dir='ltr'>φάσκουσι</span> <span class='ocrx_word' id='word_1_513' title='bbox 2961 3182 3036 3255; x_wconf 81' lang='grc' dir='ltr'>μὴ</span> <span class='ocrx_word' id='word_1_514' title='bbox 3073 3182 3184 3237; x_wconf 82' lang='grc' dir='ltr'>δεῖν</span> <span class='ocrx_word' id='word_1_515' title='bbox 3223 3181 3287 3235; x_wconf 79' lang='grc' dir='ltr'>τὸ</span> <span class='ocrx_word' id='word_1_516' title='bbox 3321 3182 3427 3253; x_wconf 80' lang='grc' dir='ltr'><strong>τῆς</strong></span> <span class='ocrx_word' id='word_1_517' title='bbox 3461 3183 3702 3255; x_wconf 79' lang='grc' dir='ltr'>ἀρρήτου</span> 
     </span>
    </p>
   </div>
   <div class='ocr_carea' id='block_1_75' title="bbox 2105 3271 3703 3347">
    <p class='ocr_par' dir='ltr' id='par_1_75' title="bbox 2105 3271 3703 3347">
     <span class='ocr_line' id='line_1_75' title="bbox 2105 3271 3703 3347; baseline 0.002 -21"><span class='ocrx_word' id='word_1_518' title='bbox 2105 3271 2204 3326; x_wconf 72' lang='grc' dir='ltr'>καὶ</span> <span class='ocrx_word' id='word_1_519' title='bbox 2252 3271 2486 3343; x_wconf 82' lang='grc' dir='ltr'>ἀοράτου</span> <span class='ocrx_word' id='word_1_520' title='bbox 2528 3271 2814 3344; x_wconf 83' lang='grc' dir='ltr'>δυνάμεως</span> <span class='ocrx_word' id='word_1_521' title='bbox 2866 3276 3168 3347; x_wconf 86' lang='grc' dir='ltr'>μυστήριον</span> <span class='ocrx_word' id='word_1_522' title='bbox 3230 3276 3301 3329; x_wconf 75' lang='grc' dir='ltr'>δι’</span> <span class='ocrx_word' id='word_1_523' title='bbox 3351 3275 3567 3347; x_wconf 82' lang='grc' dir='ltr'>ὁρατῶν</span> <span class='ocrx_word' id='word_1_524' title='bbox 3609 3277 3703 3331; x_wconf 77' lang='grc' dir='ltr'>καὶ</span> 
     </span>
    </p>
   </div>
   <div class='ocr_carea' id='block_1_76' title="bbox 2104 3362 3705 3436">
    <p class='ocr_par' dir='ltr' id='par_1_76' title="bbox 2104 3362 3705 3436">
     <span class='ocr_line' id='line_1_76' title="bbox 2104 3362 3705 3436; baseline 0.002 -20"><span class='ocrx_word' id='word_1_525' title='bbox 2104 3362 2363 3433; x_wconf 87' lang='grc' dir='ltr'>φθαρτῶν</span> <span class='ocrx_word' id='word_1_526' title='bbox 2419 3363 2784 3418; x_wconf 75' lang='grc' dir='ltr'>ἐπιτελεῖσθαι</span> <span class='ocrx_word' id='word_1_527' title='bbox 2844 3366 3196 3436; x_wconf 85' lang='grc' dir='ltr'>κτισμάτων,</span> <span class='ocrx_word' id='word_1_528' title='bbox 3246 3366 3341 3420; x_wconf 80' lang='grc' dir='ltr'>καὶ</span> <span class='ocrx_word' id='word_1_529' title='bbox 3389 3366 3500 3420; x_wconf 82' lang='grc' dir='ltr'>τῶν</span> <span class='ocrx_word' id='word_1_530' title='bbox 3549 3366 3705 3420; x_wconf 87' lang='grc' dir='ltr'>ἀνεν-</span> 
     </span>
    </p>
   </div>
   <div class='ocr_carea' id='block_1_77' title="bbox 2103 3456 3699 3529">
    <p class='ocr_par' dir='ltr' id='par_1_77' title="bbox 2103 3456 3699 3529">
     <span class='ocr_line' id='line_1_77' title="bbox 2103 3456 3699 3529; baseline 0 -18"><span class='ocrx_word' id='word_1_531' title='bbox 2103 3457 2310 3527; x_wconf 82' lang='grc' dir='ltr'>νοήτων</span> <span class='ocrx_word' id='word_1_532' title='bbox 2355 3456 2450 3510; x_wconf 87' lang='lat' dir='ltr'><strong>xui.</strong></span> <span class='ocrx_word' id='word_1_533' title='bbox 2489 3456 2800 3526; x_wconf 86' lang='grc' dir='ltr'>ἀσωμάτων</span> <span class='ocrx_word' id='word_1_534' title='bbox 2826 3456 2893 3510; x_wconf 85' lang='grc' dir='ltr'>δι’</span> <span class='ocrx_word' id='word_1_535' title='bbox 2920 3458 3195 3529; x_wconf 82' lang='grc' dir='ltr'>αἰσθητῶν</span> <span class='ocrx_word' id='word_1_536' title='bbox 3224 3459 3318 3512; x_wconf 80' lang='lat' dir='ltr'><strong>xui</strong></span> <span class='ocrx_word' id='word_1_537' title='bbox 3344 3457 3699 3529; x_wconf 82' lang='grc' dir='ltr'>σωματικῶν.</span> 
     </span>
    </p>
   </div>
   <div class='ocr_carea' id='block_1_78' title="bbox 2103 3542 3702 3621">
    <p class='ocr_par' dir='ltr' id='par_1_78' title="bbox 2103 3542 3702 3621">
     <span class='ocr_line' id='line_1_78' title="bbox 2103 3542 3702 3621; baseline 0.001 -21"><span class='ocrx_word' id='word_1_538' title='bbox 2103 3542 2259 3602; x_wconf 77' lang='grc' dir='ltr'>Εἶναι</span> <span class='ocrx_word' id='word_1_539' title='bbox 2287 3548 2344 3601; x_wconf 86' lang='grc' dir='ltr'><strong>δὲ</strong></span> <span class='ocrx_word' id='word_1_540' title='bbox 2380 3547 2593 3603; x_wconf 88' lang='grc' dir='ltr'>τελείαν</span> <span class='ocrx_word' id='word_1_541' title='bbox 2627 3548 3006 3621; x_wconf 78' lang='grc' dir='ltr'>ἀπολύτρωσιν</span> <span class='ocrx_word' id='word_1_542' title='bbox 3044 3548 3217 3620; x_wconf 79' lang='grc' dir='ltr'>αὐτὴν</span> <span class='ocrx_word' id='word_1_543' title='bbox 3255 3548 3356 3621; x_wconf 78' lang='grc' dir='ltr'><strong>τὴν</strong></span> <span class='ocrx_word' id='word_1_544' title='bbox 3401 3549 3702 3618; x_wconf 79' lang='grc' dir='ltr'>ἐπίγνωσιν</span> 
     </span>
    </p>
   </div>
   <div class='ocr_carea' id='block_1_79' title="bbox 2102 3637 3701 3711">
    <p class='ocr_par' dir='ltr' id='par_1_79' title="bbox 2102 3637 3701 3711">
     <span class='ocr_line' id='line_1_79' title="bbox 2102 3637 3701 3711; baseline -0.001 -19"><span class='ocrx_word' id='word_1_545' title='bbox 2102 3639 2195 3692; x_wconf 80' lang='grc' dir='ltr'>τοῦ</span> <span class='ocrx_word' id='word_1_546' title='bbox 2233 3639 2475 3710; x_wconf 74' lang='grc' dir='ltr'>ἀρρήτου</span> <span class='ocrx_word' id='word_1_547' title='bbox 2505 3637 2790 3711; x_wconf 83' lang='grc' dir='ltr'>μεγέθους.</span> <span class='ocrx_word' id='word_1_548' title='bbox 2830 3639 2953 3692; x_wconf 84' lang='grc' dir='ltr'>Ὑπ⁹</span> <span class='ocrx_word' id='word_1_549' title='bbox 2991 3638 3215 3707; x_wconf 87' lang='grc' dir='ltr'>ἀγνοίας</span> <span class='ocrx_word' id='word_1_550' title='bbox 3241 3641 3350 3708; x_wconf 85' lang='grc' dir='ltr'>γὰρ</span> <span class='ocrx_word' id='word_1_551' title='bbox 3384 3638 3701 3709; x_wconf 76' lang='grc' dir='ltr'>ὑστερήμαο</span> 
     </span>
    </p>
   </div>
   <div class='ocr_carea' id='block_1_80' title="bbox 2101 3729 3702 3801">
    <p class='ocr_par' dir='ltr' id='par_1_80' title="bbox 2101 3729 3702 3801">
     <span class='ocr_line' id='line_1_80' title="bbox 2101 3729 3702 3801; baseline -0.002 -14"><span class='ocrx_word' id='word_1_552' title='bbox 2101 3750 2193 3797; x_wconf 88' lang='grc' dir='ltr'><strong>τος</strong></span> <span class='ocrx_word' id='word_1_553' title='bbox 2229 3732 2325 3787; x_wconf 81' lang='grc' dir='ltr'>καὶ</span> <span class='ocrx_word' id='word_1_554' title='bbox 2353 3732 2559 3795; x_wconf 83' lang='grc' dir='ltr'>πάθους</span> <span class='ocrx_word' id='word_1_555' title='bbox 2584 3733 2888 3801; x_wconf 84' lang='grc' dir='ltr'>γεγονότων</span> <span class='ocrx_word' id='word_1_556' title='bbox 2911 3730 3000 3786; x_wconf 86' lang='grc' dir='ltr'>διὰ</span> <span class='ocrx_word' id='word_1_557' title='bbox 3026 3730 3305 3801; x_wconf 86' lang='grc' dir='ltr'>γνώσεως,</span> <span class='ocrx_word' id='word_1_558' title='bbox 3333 3729 3702 3785; x_wconf 82' lang='grc' dir='ltr'>καταλύεσθαι</span> 
     </span>
    </p>
   </div>
   <div class='ocr_carea' id='block_1_81' title="bbox 2104 3815 3702 3897">
    <p class='ocr_par' dir='ltr' id='par_1_81' title="bbox 2104 3815 3702 3897">
     <span class='ocr_line' id='line_1_81' title="bbox 2104 3815 3702 3897; baseline -0.004 -18"><span class='ocrx_word' id='word_1_559' title='bbox 2104 3827 2286 3881; x_wconf 82' lang='grc' dir='ltr'>πᾶσαν</span> <span class='ocrx_word' id='word_1_560' title='bbox 2325 3825 2422 3897; x_wconf 79' lang='grc' dir='ltr'>τὴν</span> <span class='ocrx_word' id='word_1_561' title='bbox 2455 3826 2521 3878; x_wconf 80' lang='grc' dir='ltr'>ἐκ</span> <span class='ocrx_word' id='word_1_562' title='bbox 2546 3826 2645 3897; x_wconf 84' lang='grc' dir='ltr'>τῆς</span> <span class='ocrx_word' id='word_1_563' title='bbox 2679 3825 2904 3895; x_wconf 88' lang='grc' dir='ltr'>ἀγνοίας</span> <span class='ocrx_word' id='word_1_564' title='bbox 2933 3823 3225 3877; x_wconf 76' lang='grc' dir='ltr'>σύστασινο</span> <span class='ocrx_word' id='word_1_565' title='bbox 3264 3820 3407 3875; x_wconf 77' lang='grc' dir='ltr'>ὥστε</span> <span class='ocrx_word' id='word_1_566' title='bbox 3436 3815 3579 3875; x_wconf 80' lang='grc' dir='ltr'>εἶναι</span> <span class='ocrx_word' id='word_1_567' title='bbox 3603 3820 3702 3890; x_wconf 63' lang='grc' dir='ltr'>τὴν</span> 
     </span>
    </p>
   </div>
   <div class='ocr_carea' id='block_1_82' title="bbox 2101 3911 3704 3989">
    <p class='ocr_par' dir='ltr' id='par_1_82' title="bbox 2101 3911 3704 3989">
     <span class='ocr_line' id='line_1_82' title="bbox 2101 3911 3704 3989; baseline -0.005 -17"><span class='ocrx_word' id='word_1_568' title='bbox 2101 3918 2304 3987; x_wconf 86' lang='grc' dir='ltr'>γνῶσιν</span> <span class='ocrx_word' id='word_1_569' title='bbox 2334 3917 2714 3989; x_wconf 87' lang='grc' dir='ltr'>ἀπολύτρωσιν</span> <span class='ocrx_word' id='word_1_570' title='bbox 2756 3915 2851 3969; x_wconf 77' lang='grc' dir='ltr'><strong>τοῦ</strong></span> <span class='ocrx_word' id='word_1_571' title='bbox 2893 3914 3040 3969; x_wconf 76' lang='grc' dir='ltr'>ἔνδον</span> <span class='ocrx_word' id='word_1_572' title='bbox 3071 3911 3387 3986; x_wconf 83' lang='grc' dir='ltr'>ἀνθρώπου·</span> <span class='ocrx_word' id='word_1_573' title='bbox 3427 3912 3525 3966; x_wconf 82' lang='grc' dir='ltr'>καὶ</span> <span class='ocrx_word' id='word_1_574' title='bbox 3565 3912 3704 3983; x_wconf 76' lang='grc' dir='ltr'>μήτε</span> 
     </span>
    </p>
   </div>
   <div class='ocr_carea' id='block_1_83' title="bbox 2104 4003 3717 4082">
    <p class='ocr_par' dir='ltr' id='par_1_83' title="bbox 2104 4003 3717 4082">
     <span class='ocr_line' id='line_1_83' title="bbox 2104 4003 3717 4082; baseline -0.004 -18"><span class='ocrx_word' id='word_1_575' title='bbox 2104 4011 2425 4082; x_wconf 82' lang='grc' dir='ltr'>σωματικὴν</span> <span class='ocrx_word' id='word_1_576' title='bbox 2447 4009 2717 4082; x_wconf 82' lang='grc' dir='ltr'>ὑπάρχειν</span> <span class='ocrx_word' id='word_1_577' title='bbox 2755 4009 2926 4080; x_wconf 85' lang='grc' dir='ltr'>αύτήν</span> <span class='ocrx_word' id='word_1_578' title='bbox 2946 4024 2960 4039; x_wconf 91' lang='grc'><strong>·</strong></span> <span class='ocrx_word' id='word_1_579' title='bbox 2995 4005 3239 4079; x_wconf 78' lang='grc' dir='ltr'>φθαρτὸν</span> <span class='ocrx_word' id='word_1_580' title='bbox 3267 4004 3377 4078; x_wconf 79' lang='grc' dir='ltr'><strong>γὰρ</strong></span> <span class='ocrx_word' id='word_1_581' title='bbox 3402 4004 3464 4059; x_wconf 76' lang='grc' dir='ltr'>τὸ</span> <span class='ocrx_word' id='word_1_582' title='bbox 3501 4003 3666 4075; x_wconf 81' lang='grc' dir='ltr'>σῶμα</span> <span class='ocrx_word' id='word_1_583' title='bbox 3684 4020 3717 4035; x_wconf 73' lang='grc'><strong>·’</strong></span> 
     </span>
    </p>
   </div>
   <div class='ocr_carea' id='block_1_84' title="bbox 2104 4090 3699 4174">
    <p class='ocr_par' dir='ltr' id='par_1_84' title="bbox 2104 4090 3699 4174">
     <span class='ocr_line' id='line_1_84' title="bbox 2104 4090 3699 4174; baseline -0.008 -16"><span class='ocrx_word' id='word_1_584' title='bbox 2104 4102 2245 4174; x_wconf 84' lang='grc' dir='ltr'>μήτε</span> <span class='ocrx_word' id='word_1_585' title='bbox 2288 4101 2561 4174; x_wconf 72' lang='grc' dir='ltr'>ψυχικήν*</span> <span class='ocrx_word' id='word_1_586' title='bbox 2593 4099 2715 4154; x_wconf 75' lang='grc' dir='ltr'>ἐπεὶ</span> <span class='ocrx_word' id='word_1_587' title='bbox 2758 4090 2854 4153; x_wconf 78' lang='grc' dir='ltr'>καὶ</span> <span class='ocrx_word' id='word_1_588' title='bbox 2904 4098 2941 4169; x_wconf 75' lang='grc' dir='ltr'><strong>ἡ</strong></span> <span class='ocrx_word' id='word_1_589' title='bbox 2990 4095 3138 4168; x_wconf 72' lang='grc' dir='ltr'>ψυχὴ</span> <span class='ocrx_word' id='word_1_590' title='bbox 3178 4094 3239 4160; x_wconf 77' lang='grc' dir='ltr'><strong>ἐξ</strong></span> <span class='ocrx_word' id='word_1_591' title='bbox 3285 4093 3699 4165; x_wconf 57' lang='grc' dir='ltr'>ὑστερήματος</span> 
     </span>
    </p>
   </div>
   <div class='ocr_carea' id='block_1_85' title="bbox 2102 4185 3700 4266">
    <p class='ocr_par' dir='ltr' id='par_1_85' title="bbox 2102 4185 3700 4266">
     <span class='ocr_line' id='line_1_85' title="bbox 2102 4185 3700 4266; baseline -0.008 -17"><span class='ocrx_word' id='word_1_592' title='bbox 2102 4195 2197 4249; x_wconf 78' lang='grc' dir='ltr'>καὶ</span> <span class='ocrx_word' id='word_1_593' title='bbox 2225 4194 2340 4248; x_wconf 75' lang='grc' dir='ltr'>ἔστι</span> <span class='ocrx_word' id='word_1_594' title='bbox 2370 4193 2463 4248; x_wconf 82' lang='grc' dir='ltr'>τοῦ</span> <span class='ocrx_word' id='word_1_595' title='bbox 2486 4193 2701 4266; x_wconf 87' lang='grc' dir='ltr'>Πατρδς</span> <span class='ocrx_word' id='word_1_596' title='bbox 2727 4190 2916 4263; x_wconf 82' lang='grc' dir='ltr'>ὥσπερ</span> <span class='ocrx_word' id='word_1_597' title='bbox 2939 4189 3276 4261; x_wconf 77' lang='grc' dir='ltr'>οἰκητήριον.</span> <span class='ocrx_word' id='word_1_598' title='bbox 3309 4185 3700 4257; x_wconf 77' lang='grc' dir='ltr'>Πνευματικὴν</span> 
     </span>
    </p>
   </div>
   <div class='ocr_carea' id='block_1_86' title="bbox 2100 4277 3698 4358">
    <p class='ocr_par' dir='ltr' id='par_1_86' title="bbox 2100 4277 3698 4358">
     <span class='ocr_line' id='line_1_86' title="bbox 2100 4277 3698 4358; baseline -0.006 -18"><span class='ocrx_word' id='word_1_599' title='bbox 2100 4283 2196 4343; x_wconf 79' lang='grc' dir='ltr'>οὖν</span> <span class='ocrx_word' id='word_1_600' title='bbox 2231 4288 2311 4341; x_wconf 85' lang='grc' dir='ltr'><strong>δεῖ</strong></span> <span class='ocrx_word' id='word_1_601' title='bbox 2330 4288 2424 4341; x_wconf 88' lang='lat' dir='ltr'><strong>xui.</strong></span> <span class='ocrx_word' id='word_1_602' title='bbox 2450 4286 2549 4358; x_wconf 83' lang='grc' dir='ltr'>τὴν</span> <span class='ocrx_word' id='word_1_603' title='bbox 2586 4286 2855 4357; x_wconf 89' lang='grc' dir='ltr'>λύτρωσιν</span> <span class='ocrx_word' id='word_1_604' title='bbox 2890 4284 3182 4355; x_wconf 85' lang='grc' dir='ltr'>ὑπάρχειν.</span> <span class='ocrx_word' id='word_1_605' title='bbox 3210 4278 3560 4352; x_wconf 83' lang='grc' dir='ltr'>Λυτροῦσθαι</span> <span class='ocrx_word' id='word_1_606' title='bbox 3593 4277 3698 4350; x_wconf 74' lang='grc' dir='ltr'><strong>γὰρ</strong></span> 
     </span>
    </p>
   </div>
   <div class='ocr_carea' id='block_1_87' title="bbox 2101 4372 3694 4449">
    <p class='ocr_par' dir='ltr' id='par_1_87' title="bbox 2101 4372 3694 4449">
     <span class='ocr_line' id='line_1_87' title="bbox 2101 4372 3694 4449; baseline -0.008 -13"><span class='ocrx_word' id='word_1_607' title='bbox 2101 4381 2190 4436; x_wconf 78' lang='grc' dir='ltr'><strong>διὰ</strong></span> <span class='ocrx_word' id='word_1_608' title='bbox 2233 4381 2515 4444; x_wconf 83' lang='grc' dir='ltr'>Μωῦσέως</span> <span class='ocrx_word' id='word_1_609' title='bbox 2558 4378 2649 4432; x_wconf 84' lang='grc' dir='ltr'>τὸν</span> <span class='ocrx_word' id='word_1_610' title='bbox 2688 4376 2795 4431; x_wconf 79' lang='grc' dir='ltr'>ἔσω</span> <span class='ocrx_word' id='word_1_611' title='bbox 2842 4377 3133 4449; x_wconf 76' lang='grc' dir='ltr'>ἄνθρωπον</span> <span class='ocrx_word' id='word_1_612' title='bbox 3166 4376 3258 4430; x_wconf 76' lang='grc' dir='ltr'><strong>τὸν</strong></span> <span class='ocrx_word' id='word_1_613' title='bbox 3309 4372 3694 4443; x_wconf 82' lang='grc' dir='ltr'>πνευματικόν.</span> 
     </span>
    </p>
   </div>
   <div class='ocr_carea' id='block_1_88' title="bbox 402 4462 1998 4543">
    <p class='ocr_par' dir='ltr' id='par_1_88' title="bbox 402 4464 1996 4540">
     <span class='ocr_line' id='line_1_88' title="bbox 402 4464 1996 4540; baseline -0.006 -12"><span class='ocrx_word' id='word_1_614' title='bbox 402 4474 574 4530; x_wconf 87' lang='lat' dir='ltr'><strong>rentis</strong></span> <span class='ocrx_word' id='word_1_615' title='bbox 626 4471 991 4529; x_wconf 88' lang='lat' dir='ltr'><strong>domicilium.</strong></span> <span class='ocrx_word' id='word_1_616' title='bbox 1034 4470 1218 4537; x_wconf 84' lang='lat' dir='ltr'><strong>Quare</strong></span> <span class='ocrx_word' id='word_1_617' title='bbox 1277 4478 1333 4525; x_wconf 91' lang='lat' dir='ltr'><strong>ct</strong></span> <span class='ocrx_word' id='word_1_618' title='bbox 1380 4467 1651 4540; x_wconf 88' lang='lat' dir='ltr'><strong>spiritalis</strong></span> <span class='ocrx_word' id='word_1_619' title='bbox 1689 4464 1996 4535; x_wconf 87' lang='lat' dir='ltr'><strong>redemptio</strong></span> 
     </span>
    </p>
   </div>
   <div class='ocr_carea' id='block_1_89' title="bbox 2105 4462 3699 4543">
    <p class='ocr_par' dir='ltr' id='par_1_89' title="bbox 2105 4462 3699 4543">
     <span class='ocr_line' id='line_1_89' title="bbox 2105 4462 3699 4543; baseline -0.009 -14"><span class='ocrx_word' id='word_1_620' title='bbox 2105 4474 2215 4529; x_wconf 77' lang='grc' dir='ltr'><strong>Καὶ</strong></span> <span class='ocrx_word' id='word_1_621' title='bbox 2253 4470 2546 4543; x_wconf 77' lang='grc' dir='ltr'>ἀρκεῖσθαι</span> <span class='ocrx_word' id='word_1_622' title='bbox 2578 4469 2779 4532; x_wconf 79' lang='grc' dir='ltr'>αὐτοὺς</span> <span class='ocrx_word' id='word_1_623' title='bbox 2810 4470 2876 4540; x_wconf 76' lang='grc' dir='ltr'>τῇ</span> <span class='ocrx_word' id='word_1_624' title='bbox 2920 4467 3029 4521; x_wconf 84' lang='grc' dir='ltr'><strong>τῶν</strong></span> <span class='ocrx_word' id='word_1_625' title='bbox 3061 4467 3199 4521; x_wconf 76' lang='grc' dir='ltr'>ὅλων</span> <span class='ocrx_word' id='word_1_626' title='bbox 3237 4462 3571 4533; x_wconf 80' lang='grc' dir='ltr'>ἐπιγνώσει·</span> <span class='ocrx_word' id='word_1_627' title='bbox 3608 4462 3699 4517; x_wconf 78' lang='grc' dir='ltr'>καὶ</span> 
     </span>
    </p>
   </div>
   <div class='ocr_carea' id='block_1_90' title="bbox 402 4556 2001 4635">
    <p class='ocr_par' dir='ltr' id='par_1_90' title="bbox 402 4556 2001 4635">
     <span class='ocr_line' id='line_1_90' title="bbox 402 4556 2001 4635; baseline -0.007 -14"><span class='ocrx_word' id='word_1_628' title='bbox 402 4567 475 4621; x_wconf 82' lang='lat' dir='ltr'><strong>sit</strong></span> <span class='ocrx_word' id='word_1_629' title='bbox 519 4571 758 4635; x_wconf 87' lang='lat' dir='ltr'><strong>oportet.</strong></span> <span class='ocrx_word' id='word_1_630' title='bbox 796 4562 1010 4618; x_wconf 78' lang='lat' dir='ltr'><strong>Etenim</strong></span> <span class='ocrx_word' id='word_1_631' title='bbox 1056 4577 1154 4633; x_wconf 89' lang='lat' dir='ltr'><strong>per</strong></span> <span class='ocrx_word' id='word_1_632' title='bbox 1183 4561 1407 4632; x_wconf 78' lang='lat' dir='ltr'><strong>Moysen</strong></span> <span class='ocrx_word' id='word_1_633' title='bbox 1445 4557 1677 4614; x_wconf 87' lang='lat' dir='ltr'><strong>interior</strong></span> <span class='ocrx_word' id='word_1_634' title='bbox 1723 4556 1889 4611; x_wconf 86' lang='lat' dir='ltr'><strong>homo</strong></span> <span class='ocrx_word' id='word_1_635' title='bbox 1936 4568 2001 4610; x_wconf 90' lang='lat' dir='ltr'><strong>ac</strong></span> 
     </span>
    </p>
   </div>
   <div class='ocr_carea' id='block_1_91' title="bbox 2101 4551 3698 4638">
    <p class='ocr_par' dir='ltr' id='par_1_91' title="bbox 2101 4551 3698 4638">
     <span class='ocr_line' id='line_1_91' title="bbox 2101 4551 3698 4638; baseline -0.006 -20"><span class='ocrx_word' id='word_1_636' title='bbox 2101 4563 2308 4635; x_wconf 86' lang='grc' dir='ltr'>ταύτην</span> <span class='ocrx_word' id='word_1_637' title='bbox 2356 4559 2497 4619; x_wconf 77' lang='grc' dir='ltr'>εἶναι</span> <span class='ocrx_word' id='word_1_638' title='bbox 2548 4562 2819 4638; x_wconf 85' lang='grc' dir='ltr'>λύτρωσιν</span> <span class='ocrx_word' id='word_1_639' title='bbox 2863 4560 3059 4633; x_wconf 71' lang='grc' dir='ltr'>ἀληθῆ.</span> <span class='ocrx_word' id='word_1_640' title='bbox 3111 4560 3257 4623; x_wconf 82' lang='grc' dir='ltr'>Ἕως</span> <span class='ocrx_word' id='word_1_641' title='bbox 3301 4551 3405 4612; x_wconf 84' lang='grc' dir='ltr'>ὧδε</span> <span class='ocrx_word' id='word_1_642' title='bbox 3467 4557 3540 4611; x_wconf 68' lang='grc' dir='ltr'>τὶ</span> <span class='ocrx_word' id='word_1_643' title='bbox 3598 4554 3698 4609; x_wconf 75' lang='grc' dir='ltr'>ὑπὸ</span> 
     </span>
    </p>
   </div>
   <div class='ocr_carea' id='block_1_92' title="bbox 403 4646 2416 4729">
    <p class='ocr_par' dir='ltr' id='par_1_92' title="bbox 403 4646 2416 4729">
     <span class='ocr_line' id='line_1_92' title="bbox 403 4646 2416 4729; baseline -0.006 -22"><span class='ocrx_word' id='word_1_644' title='bbox 403 4651 672 4723; x_wconf 62' lang='lat' dir='ltr'><strong>spiritalis</strong></span> <span class='ocrx_word' id='word_1_645' title='bbox 712 4649 1025 4706; x_wconf 88' lang='lat' dir='ltr'><strong>redimitur.</strong></span> <span class='ocrx_word' id='word_1_646' title='bbox 1057 4647 1296 4703; x_wconf 86' lang='lat' dir='ltr'><strong>Proinde</strong></span> <span class='ocrx_word' id='word_1_647' title='bbox 1344 4646 1730 4702; x_wconf 87' lang='lat' dir='ltr'><strong>universorum</strong></span> <span class='ocrx_word' id='word_1_648' title='bbox 1776 4658 1836 4698; x_wconf 89' lang='lat' dir='ltr'><strong>se</strong></span> <span class='ocrx_word' id='word_1_649' title='bbox 1877 4656 2002 4697; x_wconf 85' lang='lat' dir='ltr'><strong>esse</strong></span> <span class='ocrx_word' id='word_1_650' title='bbox 2102 4656 2416 4729; x_wconf 61' lang='grc' dir='ltr'>Εξρηναεου,</span> 
     </span>
    </p>
   </div>
   <div class='ocr_carea' id='block_1_93' title="bbox 401 4741 2023 4813">
    <p class='ocr_par' dir='ltr' id='par_1_93' title="bbox 401 4741 2023 4813">
     <span class='ocr_line' id='line_1_93' title="bbox 401 4741 2023 4813; baseline -0.007 -17"><span class='ocrx_word' id='word_1_651' title='bbox 401 4746 597 4799; x_wconf 85' lang='lat' dir='ltr'><strong>dicunt</strong></span> <span class='ocrx_word' id='word_1_652' title='bbox 646 4741 958 4813; x_wconf 83' lang='lat' dir='ltr'><strong>cognitione</strong></span> <span class='ocrx_word' id='word_1_653' title='bbox 1009 4747 1341 4805; x_wconf 78' lang='lat' dir='ltr'><strong>contentos;</strong></span> <span class='ocrx_word' id='word_1_654' title='bbox 1393 4750 1626 4807; x_wconf 90' lang='lat' dir='ltr'><strong>eamque</strong></span> <span class='ocrx_word' id='word_1_655' title='bbox 1682 4745 2023 4806; x_wconf 49' lang='lat' dir='ltr'><strong>germanam.</strong></span> 
     </span>
    </p>
   </div>
   <div class='ocr_carea' id='block_1_94' title="bbox 404 4828 1758 4904">
    <p class='ocr_par' dir='ltr' id='par_1_94' title="bbox 404 4828 1758 4904">
     <span class='ocr_line' id='line_1_94' title="bbox 404 4828 1758 4904; baseline -0.006 -14"><span class='ocrx_word' id='word_1_656' title='bbox 404 4834 838 4904; x_wconf 88' lang='lat' dir='ltr'><strong>redemptionem</strong></span> <span class='ocrx_word' id='word_1_657' title='bbox 868 4831 1165 4902; x_wconf 83' lang='lat' dir='ltr'><strong>appellant.</strong></span> <span class='ocrx_word' id='word_1_658' title='bbox 1188 4828 1466 4885; x_wconf 83' lang='lat' dir='ltr'><strong>Hactenus</strong></span> <span class='ocrx_word' id='word_1_659' title='bbox 1496 4829 1758 4883; x_wconf 70' lang='lat' dir='ltr'><strong>lrenaaus.</strong></span> 
     </span>
    </p>
   </div>
   <div class='ocr_carea' id='block_1_95' title="bbox 474 4919 1995 4998">
    <p class='ocr_par' dir='ltr' id='par_1_95' title="bbox 474 4919 1995 4998">
     <span class='ocr_line' id='line_1_95' title="bbox 474 4919 1995 4998; baseline -0.007 -15"><span class='ocrx_word' id='word_1_660' title='bbox 474 4924 637 4998; x_wconf 74' lang='lat'><strong>257</strong></span> <span class='ocrx_word' id='word_1_661' title='bbox 674 4921 819 4979; x_wconf 76' lang='lat' dir='ltr'><strong>XXI.</strong></span> <span class='ocrx_word' id='word_1_662' title='bbox 863 4922 1018 4977; x_wconf 76' lang='lat' dir='ltr'><strong>lianc</strong></span> <span class='ocrx_word' id='word_1_663' title='bbox 1047 4922 1401 4979; x_wconf 88' lang='lat' dir='ltr'><strong>beatissimus</strong></span> <span class='ocrx_word' id='word_1_664' title='bbox 1436 4921 1527 4975; x_wconf 87' lang='lat' dir='ltr'><strong>ille</strong></span> <span class='ocrx_word' id='word_1_665' title='bbox 1562 4933 1725 4976; x_wconf 65' lang='lat' dir='ltr'><strong>senex</strong></span> <span class='ocrx_word' id='word_1_666' title='bbox 1756 4919 1995 4974; x_wconf 73' lang='lat' dir='ltr'><strong>lrenaeus</strong></span> 
     </span>
    </p>
   </div>
   <div class='ocr_carea' id='block_1_96' title="bbox 401 5008 1993 5082">
    <p class='ocr_par' dir='ltr' id='par_1_96' title="bbox 401 5008 1993 5082">
     <span class='ocr_line' id='line_1_96' title="bbox 401 5008 1993 5082; baseline -0.008 -11"><span class='ocrx_word' id='word_1_667' title='bbox 401 5017 611 5074; x_wconf 82' lang='lat' dir='ltr'><strong>erroris</strong></span> <span class='ocrx_word' id='word_1_668' title='bbox 665 5015 829 5071; x_wconf 83' lang='lat' dir='ltr'><strong>istius</strong></span> <span class='ocrx_word' id='word_1_669' title='bbox 881 5021 1201 5069; x_wconf 84' lang='lat' dir='ltr'><strong>accuratam</strong></span> <span class='ocrx_word' id='word_1_670' title='bbox 1249 5011 1668 5082; x_wconf 90' lang='lat' dir='ltr'><strong>inquisitionem</strong></span> <span class='ocrx_word' id='word_1_671' title='bbox 1726 5008 1993 5071; x_wconf 79' lang='lat' dir='ltr'><strong>instituit,</strong></span> 
     </span>
    </p>
   </div>
   <div class='ocr_carea' id='block_1_97' title="bbox 404 5102 1992 5178">
    <p class='ocr_par' dir='ltr' id='par_1_97' title="bbox 404 5102 1992 5178">
     <span class='ocr_line' id='line_1_97' title="bbox 404 5102 1992 5178; baseline -0.003 -17"><span class='ocrx_word' id='word_1_672' title='bbox 404 5122 735 5178; x_wconf 76' lang='lat' dir='ltr'><strong>omnemque</strong></span> <span class='ocrx_word' id='word_1_673' title='bbox 779 5104 1146 5162; x_wconf 89' lang='lat' dir='ltr'><strong>commentitii</strong></span> <span class='ocrx_word' id='word_1_674' title='bbox 1173 5102 1446 5176; x_wconf 76' lang='lat' dir='ltr'><strong>dogmatis</strong></span> <span class='ocrx_word' id='word_1_675' title='bbox 1473 5102 1673 5160; x_wconf 89' lang='lat' dir='ltr'><strong>seriem</strong></span> <span class='ocrx_word' id='word_1_676' title='bbox 1708 5103 1992 5159; x_wconf 78' lang='lat' dir='ltr'><strong>ordinem-</strong></span> 
     </span>
    </p>
   </div>
   <div class='ocr_carea' id='block_1_98' title="bbox 405 5193 1988 5274">
    <p class='ocr_par' dir='ltr' id='par_1_98' title="bbox 405 5193 1988 5274">
     <span class='ocr_line' id='line_1_98' title="bbox 405 5193 1988 5274; baseline -0.007 -15"><span class='ocrx_word' id='word_1_677' title='bbox 405 5219 506 5274; x_wconf 83' lang='lat' dir='ltr'><strong>que</strong></span> <span class='ocrx_word' id='word_1_678' title='bbox 584 5201 890 5274; x_wconf 86' lang='lat' dir='ltr'><strong>proposuit.</strong></span> <span class='ocrx_word' id='word_1_679' title='bbox 966 5198 1334 5264; x_wconf 84' lang='lat' dir='ltr'><strong>Quamobrem</strong></span> <span class='ocrx_word' id='word_1_680' title='bbox 1368 5239 1384 5264; x_wconf 87' lang='lat'><strong>,</strong></span> <span class='ocrx_word' id='word_1_681' title='bbox 1440 5207 1502 5251; x_wconf 93' lang='lat' dir='ltr'><strong>ut</strong></span> <span class='ocrx_word' id='word_1_682' title='bbox 1556 5195 1714 5252; x_wconf 91' lang='lat' dir='ltr'><strong>initio</strong></span> <span class='ocrx_word' id='word_1_683' title='bbox 1773 5193 1988 5267; x_wconf 83' lang='lat' dir='ltr'><strong>praefati</strong></span> 
     </span>
    </p>
   </div>
   <div class='ocr_carea' id='block_1_99' title="bbox 476 5358 907 5416">
    <p class='ocr_par' dir='ltr' id='par_1_99' title="bbox 476 5358 907 5416">
     <span class='ocr_line' id='line_1_99' title="bbox 476 5358 907 5416; baseline 0.002 -3"><span class='ocrx_word' id='word_1_684' title='bbox 476 5360 496 5391; x_wconf 88' lang='grc'>¹</span> <span class='ocrx_word' id='word_1_685' title='bbox 526 5358 591 5416; x_wconf 75' lang='lat' dir='ltr'><strong>V.</strong></span> <span class='ocrx_word' id='word_1_686' title='bbox 623 5360 681 5415; x_wconf 91' lang='lat' dir='ltr'><strong>C.</strong></span> <span class='ocrx_word' id='word_1_687' title='bbox 715 5360 907 5416; x_wconf 82' lang='grc' dir='ltr'>ταῦτα.</span> 
     </span>
    </p>
   </div>
   <div class='ocr_carea' id='block_1_100' title="bbox 478 5512 1994 5590">
    <p class='ocr_par' dir='ltr' id='par_1_100' title="bbox 478 5512 1994 5590">
     <span class='ocr_line' id='line_1_100' title="bbox 478 5512 1994 5590; baseline -0.006 -18"><span class='ocrx_word' id='word_1_688' title='bbox 478 5518 592 5590; x_wconf 67' lang='grc'><strong>(40)</strong></span> <span class='ocrx_word' id='word_1_689' title='bbox 629 5519 872 5590; x_wconf 67' lang='grc' dir='ltr'>Μεσσξα</span> <span class='ocrx_word' id='word_1_690' title='bbox 900 5516 1184 5590; x_wconf 68' lang='grc' dir='ltr'>οὺφαρέγ.</span> <span class='ocrx_word' id='word_1_691' title='bbox 1230 5512 1382 5590; x_wconf 61' lang='lat' dir='ltr'><strong>Nova</strong></span> <span class='ocrx_word' id='word_1_692' title='bbox 1412 5514 1833 5590; x_wconf 74' lang='lat' dir='ltr'><strong>iterum_vocum</strong></span> <span class='ocrx_word' id='word_1_693' title='bbox 1862 5521 1994 5578; x_wconf 77' lang='lat' dir='ltr'><strong>pro-</strong></span> 
     </span>
    </p>
   </div>
   <div class='ocr_carea' id='block_1_101' title="bbox 405 5581 1994 5660">
    <p class='ocr_par' dir='ltr' id='par_1_101' title="bbox 405 5581 1994 5660">
     <span class='ocr_line' id='line_1_101' title="bbox 405 5581 1994 5660; baseline -0.008 -17"><span class='ocrx_word' id='word_1_694' title='bbox 405 5581 583 5660; x_wconf 70' lang='lat' dir='ltr'><strong>digia,</strong></span> <span class='ocrx_word' id='word_1_695' title='bbox 630 5587 683 5640; x_wconf 91' lang='lat' dir='ltr'><strong>in</strong></span> <span class='ocrx_word' id='word_1_696' title='bbox 721 5588 922 5655; x_wconf 87' lang='lat' dir='ltr'><strong>quibus</strong></span> <span class='ocrx_word' id='word_1_697' title='bbox 966 5581 1293 5660; x_wconf 48' lang='lat' dir='ltr'><strong>conﬂictari</strong></span> <span class='ocrx_word' id='word_1_698' title='bbox 1323 5599 1501 5660; x_wconf 77' lang='lat' dir='ltr'><strong>neque</strong></span> <span class='ocrx_word' id='word_1_699' title='bbox 1549 5581 1762 5660; x_wconf 87' lang='lat' dir='ltr'><strong>otium,</strong></span> <span class='ocrx_word' id='word_1_700' title='bbox 1818 5593 1994 5646; x_wconf 88' lang='lat' dir='ltr'><strong>neque</strong></span> 
     </span>
    </p>
   </div>
   <div class='ocr_carea' id='block_1_102' title="bbox 408 5653 1995 5771">
    <p class='ocr_par' dir='ltr' id='par_1_102' title="bbox 408 5653 1995 5771">
     <span class='ocr_line' id='line_1_102' title="bbox 408 5653 1991 5729; baseline -0.008 -15"><span class='ocrx_word' id='word_1_701' title='bbox 408 5653 589 5729; x_wconf 55' lang='lat' dir='ltr'><strong>opina:</strong></span> <span class='ocrx_word' id='word_1_702' title='bbox 637 5653 868 5726; x_wconf 83' lang='lat' dir='ltr'><strong>pretium</strong></span> <span class='ocrx_word' id='word_1_703' title='bbox 918 5662 1023 5709; x_wconf 79' lang='lat' dir='ltr'><strong>est.</strong></span> <span class='ocrx_word' id='word_1_704' title='bbox 1071 5655 1229 5724; x_wconf 89' lang='lat' dir='ltr'><strong>Apud</strong></span> <span class='ocrx_word' id='word_1_705' title='bbox 1276 5653 1427 5707; x_wconf 41' lang='lat' dir='ltr'><strong>lren.’</strong></span> <span class='ocrx_word' id='word_1_706' title='bbox 1469 5656 1827 5721; x_wconf 86' lang='lat' dir='ltr'><strong>interpretem</strong></span> <span class='ocrx_word' id='word_1_707' title='bbox 1867 5663 1991 5702; x_wconf 77' lang='lat' dir='ltr'><strong>non</strong></span> 
     </span>
     <span class='ocr_line' id='line_1_103' title="bbox 408 5718 1995 5771; baseline 0 0"><span class='ocrx_word' id='word_1_708' title='bbox 408 5732 598 5771; x_wconf 73' lang='grc' dir='ltr'>ηηιιρπι</span> <span class='ocrx_word' id='word_1_709' title='bbox 632 5735 794 5771; x_wconf 74' lang='lat' dir='ltr'><strong>amne</strong></span> <span class='ocrx_word' id='word_1_710' title='bbox 829 5724 919 5771; x_wconf 84' lang='lat' dir='ltr'><strong>hic</strong></span> <span class='ocrx_word' id='word_1_711' title='bbox 947 5724 1107 5771; x_wconf 84' lang='lat' dir='ltr'><strong>modo</strong></span> <span class='ocrx_word' id='word_1_712' title='bbox 1134 5728 1407 5771; x_wconf 62' lang='lat' dir='ltr'><strong>leguntur.</strong></span> <span class='ocrx_word' id='word_1_713' title='bbox 1437 5723 1514 5771; x_wconf 72' lang='lat' dir='ltr'><strong>Ex</strong></span> <span class='ocrx_word' id='word_1_714' title='bbox 1548 5736 1658 5771; x_wconf 79' lang='lat' dir='ltr'><strong>uno</strong></span> <span class='ocrx_word' id='word_1_715' title='bbox 1688 5718 1995 5771; x_wconf 84' lang='lat' dir='ltr'><strong>sunnlenda</strong></span> 
     </span>
    </p>
   </div>
   <div class='ocr_carea' id='block_1_103' title="bbox 342 5723 1992 5874">
    <p class='ocr_par' dir='ltr' id='par_1_103' title="bbox 342 5723 1992 5874">
     <span class='ocr_line' id='line_1_104' title="bbox 407 5723 1992 5795; baseline -0.009 -10"><span class='ocrx_word' id='word_1_716' title='bbox 407 5723 599 5785; x_wconf 81' lang='lat' dir='ltr'><strong>eodem</strong></span> <span class='ocrx_word' id='word_1_717' title='bbox 632 5723 794 5795; x_wconf 82' lang='lat' dir='ltr'><strong>atque</strong></span> <span class='ocrx_word' id='word_1_718' title='bbox 828 5724 919 5778; x_wconf 89' lang='lat' dir='ltr'><strong>hic</strong></span> <span class='ocrx_word' id='word_1_719' title='bbox 946 5724 1107 5777; x_wconf 89' lang='lat' dir='ltr'><strong>modo</strong></span> <span class='ocrx_word' id='word_1_720' title='bbox 1133 5728 1407 5793; x_wconf 86' lang='lat' dir='ltr'><strong>leguntur.</strong></span> <span class='ocrx_word' id='word_1_721' title='bbox 1436 5723 1515 5776; x_wconf 75' lang='lat' dir='ltr'><strong>Ex</strong></span> <span class='ocrx_word' id='word_1_722' title='bbox 1548 5736 1658 5792; x_wconf 88' lang='lat' dir='ltr'><strong>quo</strong></span> <span class='ocrx_word' id='word_1_723' title='bbox 1688 5723 1992 5791; x_wconf 85' lang='lat' dir='ltr'><strong>supplenda</strong></span> 
     </span>
     <span class='ocr_line' id='line_1_105' title="bbox 342 5790 1992 5874; baseline -0.009 -19"><span class='ocrx_word' id='word_1_724' title='bbox 342 5816 351 5827; x_wconf 70' lang='lat'><strong>‘</strong></span> <span class='ocrx_word' id='word_1_725' title='bbox 407 5800 549 5874; x_wconf 62' lang='lat' dir='ltr'><strong>apud</strong></span> <span class='ocrx_word' id='word_1_726' title='bbox 604 5794 967 5874; x_wconf 60' lang='lat' dir='ltr'><strong>Epiphaniup</strong></span> <span class='ocrx_word' id='word_1_727' title='bbox 1011 5795 1228 5874; x_wconf 29' lang='lat' dir='ltr'><strong>recula-</strong></span> <span class='ocrx_word' id='word_1_728' title='bbox 1256 5795 1430 5874; x_wconf 89' lang='lat' dir='ltr'><strong>est</strong></span> <span class='ocrx_word' id='word_1_729' title='bbox 1462 5792 1658 5874; x_wconf 45' lang='lat' dir='ltr'><strong>prmus</strong></span> <span class='ocrx_word' id='word_1_730' title='bbox 1704 5790 1992 5874; x_wconf 41' lang='lat' dir='ltr'><strong>scribogum</strong></span> 
     </span>
    </p>
   </div>
   <div class='ocr_carea' id='block_1_104' title="bbox 408 5860 1995 5942">
    <p class='ocr_par' dir='ltr' id='par_1_104' title="bbox 408 5860 1995 5942">
     <span class='ocr_line' id='line_1_106' title="bbox 408 5860 1995 5942; baseline -0.011 -16"><span class='ocrx_word' id='word_1_731' title='bbox 408 5860 874 5942; x_wconf 57' lang='lat' dir='ltr'><strong>interpretatione.</strong></span> <span class='ocrx_word' id='word_1_732' title='bbox 906 5861 1099 5918; x_wconf 86' lang='lat' dir='ltr'><strong>Scribe</strong></span> <span class='ocrx_word' id='word_1_733' title='bbox 1140 5864 1325 5934; x_wconf 87' lang='lat' dir='ltr'><strong>igitur,</strong></span> <span class='ocrx_word' id='word_1_734' title='bbox 1355 5864 1429 5918; x_wconf 73' lang='grc' dir='ltr'><strong>Οὐ</strong></span> <span class='ocrx_word' id='word_1_735' title='bbox 1459 5861 1651 5934; x_wconf 82' lang='grc' dir='ltr'>διαιρῶ</span> <span class='ocrx_word' id='word_1_736' title='bbox 1676 5860 1736 5914; x_wconf 83' lang='grc' dir='ltr'>τδ</span> <span class='ocrx_word' id='word_1_737' title='bbox 1768 5860 1995 5930; x_wconf 78' lang='grc' dir='ltr'>Πνεῦμα</span> 
     </span>
    </p>
   </div>
   <div class='ocr_carea' id='block_1_105' title="bbox 2174 4914 3697 4991">
    <p class='ocr_par' dir='ltr' id='par_1_105' title="bbox 2174 4914 3697 4991">
     <span class='ocr_line' id='line_1_107' title="bbox 2174 4914 3697 4991; baseline -0.003 -18"><span class='ocrx_word' id='word_1_738' title='bbox 2174 4920 2307 4973; x_wconf 82' lang='lat' dir='ltr'><strong>KA&#39;.</strong></span> <span class='ocrx_word' id='word_1_739' title='bbox 2348 4918 2567 4991; x_wconf 86' lang='grc' dir='ltr'>Ταύτην</span> <span class='ocrx_word' id='word_1_740' title='bbox 2600 4918 2700 4991; x_wconf 80' lang='grc' dir='ltr'>τὴν</span> <span class='ocrx_word' id='word_1_741' title='bbox 2733 4918 2911 4971; x_wconf 77' lang='grc' dir='ltr'>πᾶσαν</span> <span class='ocrx_word' id='word_1_742' title='bbox 2945 4916 3152 4988; x_wconf 74' lang='grc' dir='ltr'>ἀκριϐῆ</span> <span class='ocrx_word' id='word_1_743' title='bbox 3186 4915 3414 4989; x_wconf 76' lang='grc' dir='ltr'>ἔρευναν</span> <span class='ocrx_word' id='word_1_744' title='bbox 3452 4916 3482 4968; x_wconf 85' lang='grc' dir='ltr'><strong>ὀ</strong></span> <span class='ocrx_word' id='word_1_745' title='bbox 3516 4914 3697 4987; x_wconf 81' lang='grc' dir='ltr'>μακάο</span> 
     </span>
    </p>
   </div>
   <div class='ocr_carea' id='block_1_106' title="bbox 2103 5006 3697 5084">
    <p class='ocr_par' dir='ltr' id='par_1_106' title="bbox 2103 5006 3697 5084">
     <span class='ocr_line' id='line_1_108' title="bbox 2103 5006 3697 5084; baseline -0.004 -21"><span class='ocrx_word' id='word_1_746' title='bbox 2103 5028 2217 5084; x_wconf 91' lang='grc' dir='ltr'>ριος</span> <span class='ocrx_word' id='word_1_747' title='bbox 2259 5010 2572 5082; x_wconf 81' lang='grc' dir='ltr'>πρεσϐύτης</span> <span class='ocrx_word' id='word_1_748' title='bbox 2610 5012 2900 5082; x_wconf 84' lang='grc' dir='ltr'>Εἰρηναῖος</span> <span class='ocrx_word' id='word_1_749' title='bbox 2955 5012 3250 5081; x_wconf 72' lang='grc' dir='ltr'>ἐποιήσατο</span> <span class='ocrx_word' id='word_1_750' title='bbox 3277 5050 3292 5074; x_wconf 93' lang='grc'><strong>,</strong></span> <span class='ocrx_word' id='word_1_751' title='bbox 3329 5006 3454 5062; x_wconf 88' lang='grc' dir='ltr'>καθ’</span> <span class='ocrx_word' id='word_1_752' title='bbox 3506 5006 3697 5078; x_wconf 72' lang='grc' dir='ltr'>εἱρμὸν</span> 
     </span>
    </p>
   </div>
   <div class='ocr_carea' id='block_1_107' title="bbox 2104 5100 3696 5172">
    <p class='ocr_par' dir='ltr' id='par_1_107' title="bbox 2104 5100 3696 5172">
     <span class='ocr_line' id='line_1_109' title="bbox 2104 5100 3696 5172; baseline -0.017 1"><span class='ocrx_word' id='word_1_753' title='bbox 2104 5101 2202 5172; x_wconf 62' lang='grc' dir='ltr'><strong>μὲν</strong></span> <span class='ocrx_word' id='word_1_754' title='bbox 2252 5102 2432 5156; x_wconf 74' lang='grc' dir='ltr'>πάντα</span> <span class='ocrx_word' id='word_1_755' title='bbox 2472 5102 2488 5133; x_wconf 76' lang='grc'>¹</span> <span class='ocrx_word' id='word_1_756' title='bbox 2527 5101 2817 5169; x_wconf 71' lang='grc' dir='ltr'>ἐνθέμενος</span> <span class='ocrx_word' id='word_1_757' title='bbox 2848 5102 2948 5172; x_wconf 73' lang='grc' dir='ltr'><strong>τῆς</strong></span> <span class='ocrx_word' id='word_1_758' title='bbox 2985 5101 3168 5156; x_wconf 80' lang='grc' dir='ltr'>αὐτῶν</span> <span class='ocrx_word' id='word_1_759' title='bbox 3214 5100 3396 5171; x_wconf 82' lang='grc' dir='ltr'>πάσης</span> <span class='ocrx_word' id='word_1_760' title='bbox 3442 5114 3696 5169; x_wconf 82' lang='grc' dir='ltr'>παραπε-</span> 
     </span>
    </p>
   </div>
   <div class='ocr_carea' id='block_1_108' title="bbox 2098 5190 3695 5267">
    <p class='ocr_par' dir='ltr' id='par_1_108' title="bbox 2098 5190 3695 5267">
     <span class='ocr_line' id='line_1_110' title="bbox 2098 5190 3695 5267; baseline -0.002 -20"><span class='ocrx_word' id='word_1_761' title='bbox 2098 5193 2405 5267; x_wconf 84' lang='grc' dir='ltr'>ποιημένης</span> <span class='ocrx_word' id='word_1_762' title='bbox 2429 5194 2799 5259; x_wconf 83' lang='grc' dir='ltr'>διδασκαλίας.</span> <span class='ocrx_word' id='word_1_763' title='bbox 2830 5195 3030 5266; x_wconf 86' lang='grc' dir='ltr'>Διόπερ</span> <span class='ocrx_word' id='word_1_764' title='bbox 3069 5193 3135 5265; x_wconf 83' lang='grc' dir='ltr'><strong>δὴ</strong></span> <span class='ocrx_word' id='word_1_765' title='bbox 3159 5232 3174 5259; x_wconf 95' lang='grc'><strong>,</strong></span> <span class='ocrx_word' id='word_1_766' title='bbox 3209 5192 3285 5258; x_wconf 83' lang='grc' dir='ltr'>ὡς</span> <span class='ocrx_word' id='word_1_767' title='bbox 3323 5192 3420 5246; x_wconf 74' lang='grc' dir='ltr'>καὶ</span> <span class='ocrx_word' id='word_1_768' title='bbox 3450 5190 3555 5262; x_wconf 66' lang='grc' dir='ltr'><strong>ἥδη</strong></span> <span class='ocrx_word' id='word_1_769' title='bbox 3606 5205 3695 5261; x_wconf 74' lang='grc' dir='ltr'><strong>μοι</strong></span> 
     </span>
    </p>
   </div>
   <div class='ocr_carea' id='block_1_109' title="bbox 2088 5510 3689 5647">
    <p class='ocr_par' dir='ltr' id='par_1_109' title="bbox 2088 5510 3689 5647">
     <span class='ocr_line' id='line_1_111' title="bbox 2088 5510 3689 5647; baseline -0.008 -14"><span class='ocrx_word' id='word_1_770' title='bbox 2088 5510 2641 5647; x_wconf 45' lang='grc' dir='ltr'>Χῆῗίσῦοἳίυρίζουσι</span> <span class='ocrx_word' id='word_1_771' title='bbox 2672 5571 2743 5627; x_wconf 80' lang='grc' dir='ltr'><strong>δὲ</strong></span> <span class='ocrx_word' id='word_1_772' title='bbox 2773 5572 2873 5647; x_wconf 64' lang='grc' dir='ltr'>καὶ</span> <span class='ocrx_word' id='word_1_773' title='bbox 2917 5571 3088 5626; x_wconf 79' lang='grc' dir='ltr'>αὐτοὶ</span> <span class='ocrx_word' id='word_1_774' title='bbox 3129 5570 3213 5647; x_wconf 78' lang='grc' dir='ltr'>τῷ</span> <span class='ocrx_word' id='word_1_775' title='bbox 3244 5565 3689 5647; x_wconf 37' lang='grc' dir='ltr'><strong>,ξανζσςὶμῳκεχ</strong></span> 
     </span>
    </p>
   </div>
   <div class='ocr_carea' id='block_1_110' title="bbox 2091 5638 3691 5712">
    <p class='ocr_par' dir='ltr' id='par_1_110' title="bbox 2091 5638 3691 5712">
     <span class='ocr_line' id='line_1_112' title="bbox 2091 5638 3691 5712; baseline -0.007 -10"><span class='ocrx_word' id='word_1_776' title='bbox 2091 5638 2351 5704; x_wconf 64' lang='grc' dir='ltr'>Εοοιρεὶιε</span> <span class='ocrx_word' id='word_1_777' title='bbox 2405 5638 2694 5702; x_wconf 68' lang='lat' dir='ltr'><strong>catholicae</strong></span> <span class='ocrx_word' id='word_1_778' title='bbox 2750 5645 2884 5709; x_wconf 88' lang='lat' dir='ltr'><strong>ritu,</strong></span> <span class='ocrx_word' id='word_1_779' title='bbox 2935 5656 3101 5712; x_wconf 91' lang='lat' dir='ltr'><strong>quem</strong></span> <span class='ocrx_word' id='word_1_780' title='bbox 3148 5642 3294 5712; x_wconf 83' lang='lat' dir='ltr'><strong>simii</strong></span> <span class='ocrx_word' id='word_1_781' title='bbox 3346 5638 3465 5695; x_wconf 82' lang='lat' dir='ltr'><strong>isti</strong></span> <span class='ocrx_word' id='word_1_782' title='bbox 3498 5638 3691 5693; x_wconf 83' lang='lat' dir='ltr'><strong>retine-</strong></span> 
     </span>
    </p>
   </div>
   <div class='ocr_carea' id='block_1_111' title="bbox 2093 5710 3689 5790">
    <p class='ocr_par' dir='ltr' id='par_1_111' title="bbox 2093 5710 3689 5790">
     <span class='ocr_line' id='line_1_113' title="bbox 2093 5710 3689 5790; baseline -0.006 -15"><span class='ocrx_word' id='word_1_783' title='bbox 2093 5720 2260 5783; x_wconf 87' lang='lat' dir='ltr'><strong>bant,</strong></span> <span class='ocrx_word' id='word_1_784' title='bbox 2308 5734 2435 5774; x_wconf 88' lang='lat' dir='ltr'><strong>nam</strong></span> <span class='ocrx_word' id='word_1_785' title='bbox 2482 5724 2607 5790; x_wconf 80' lang='lat' dir='ltr'><strong>post</strong></span> <span class='ocrx_word' id='word_1_786' title='bbox 2654 5710 2991 5787; x_wconf 83' lang='lat' dir='ltr'><strong>baptismum</strong></span> <span class='ocrx_word' id='word_1_787' title='bbox 3044 5710 3239 5783; x_wconf 91' lang='lat' dir='ltr'><strong>inungi</strong></span> <span class='ocrx_word' id='word_1_788' title='bbox 3271 5712 3523 5769; x_wconf 88' lang='lat' dir='ltr'><strong>solebant</strong></span> <span class='ocrx_word' id='word_1_789' title='bbox 3563 5722 3689 5765; x_wconf 85' lang='lat' dir='ltr'><strong>neo-</strong></span> 
     </span>
    </p>
   </div>
   <div class='ocr_carea' id='block_1_112' title="bbox 2094 5790 2289 5861">
    <p class='ocr_par' dir='ltr' id='par_1_112' title="bbox 2094 5790 2289 5861">
     <span class='ocr_line' id='line_1_114' title="bbox 2094 5790 2289 5861; baseline 0 -18"><span class='ocrx_word' id='word_1_790' title='bbox 2094 5790 2289 5861; x_wconf 57' lang='lat' dir='ltr'><strong>pliyti.,</strong></span> 
     </span>
    </p>
   </div>
  </div>
