3934 6422
275 378 385 439 625

877 379 1243 440 ADVERSUS
1282 378 1624 438 HIERESES
1657 378 1789 436 LIB.
1830 378 1871 434 l.
1912 356 2076 435 ῨΟΜ.
2114 376 2204 433 Ill.
2243 405 2313 416 -
2351 373 2624 432 HERES.
2665 374 2903 434 XXXIV.

3437 372 3543 431 626

275 498 708 572 προδεδήλωται,
740 499 858 568 ὅτι,
913 502 1025 565 τοῖς
1064 502 1154 555 ὑπ’
1184 496 1350 555 αὑτοῦ
1404 497 1855 571 ἐσπουδασμένοις

1963 509 2177 562 sumus,
2207 494 2277 552 iis
2311 493 2580 560 contenti,
2605 508 2728 565 quae
2754 493 2825 551 ab
2857 492 2951 549 illo
2977 505 3174 564 magno
3197 492 3379 549 studio
3408 502 3536 549 sunt

276 587 640 660 ἀρκεσθέντες
662 627 679 654 ,
720 588 902 644 πάντα
930 589 1068 660 πρὸς
1100 588 1230 653 ἔπος
1285 590 1361 652 ὡς
1401 589 1532 659 παρ’
1563 588 1712 659 αὑτῷ
1753 588 1854 657 ὲμ-

276 680 544 751 φέρεται,
607 680 1020 752 παρεθήκαμεν.
1087 680 1586 752 Ἀνατραπήσονται
1641 678 1748 750 γὰρ
1798 678 1859 742 ἐξ

275 769 460 823 αὐτῶν
484 768 593 825 τῶν
623 769 777 841 παρὰ
807 770 901 825 τοῦ
936 771 1093 839 ἁγίου
1122 769 1315 839 ἀνδρὸς
1351 771 1430 832 εἰς
1459 768 1732 824 ἀντίθεσιν
1759 767 1859 839 τῆς

273 861 460 915 αὐτῶν
492 863 794 933 μοχθηρίας
831 862 1154 935 εἰρημένων.
1218 860 1408 931 Ἡμεῖς
1458 863 1566 934 γὰρ
1606 861 1858 915 πιστεύο-

277 968 417 1022 μεν,
448 952 524 1016 ὡς
564 952 739 1023 πάντη
767 955 803 1025 ἡ
837 953 1064 1026 ἀλήθεια
1095 954 1417 1024 ὑποφαίνει,
1457 954 1552 1008 καὶ
1579 955 1609 1007 ό
1640 953 1859 1022 εὔλογος

240 1044 537 1115 ’λογισμὸς
569 1045 880 1099 ὑποτίθεται
904 1084 918 1111 ,
962 1046 1056 1099 καὶ
1100 1045 1179 1117 τῷ
1217 1048 1319 1118 τῆς
1363 1045 1643 1111 εὐσεϐείας
1676 1046 1859 1100 κανόνι

274 1135 734 1208 συμπεφώνηται,
760 1137 838 1208 τῷ
867 1155 927 1192 τε
953 1138 1103 1210 νόμῳ
1131 1138 1227 1193 ml.
1252 1141 1366 1203 τοῖς
1393 1141 1734 1211 προφήταις,
1763 1139 1859 1194 ml

230 1235 239 1242 ‘
271 1228 390 1291 τοῖς
421 1227 531 1282 ἀπὸ
576 1227 685 1283 τῶν
730 1228 992 1283 ἀνέκαθεν
1043 1230 1411 1302 πατριάρχαις
1459 1230 1602 1287 κατά
1634 1231 1860 1285 ἀκολου⁴

273 1318 420 1381 θίαν,
453 1320 518 1391 τῇ
553 1336 611 1373 τε
636 1319 801 1374 αὐτοῦ
830 1321 925 1374 τοῦ
956 1322 1205 1394 Σωτῆρος
1240 1323 1435 1395 διδαχῇ
1454 1365 1469 1389 ,
1505 1323 1600 1378 καὶ
1626 1323 1735 1378 τῶν
1759 1325 1858 1378 αὐ-

272 1407 372 1462 τοῦ
402 1410 716 1463 ἀποστόλων
752 1410 939 1480 σαφῶς
964 1413 1112 1482 ἡμᾶς
1146 1411 1505 1467 διδασκόντων
1546 1413 1642 1468 ἕνα
1668 1413 1859 1485 όμολο·

271 1501 393 1567 γεῖν
421 1498 554 1553 Θεὸν
579 1500 800 1572 Πατέρα
818 1540 834 1566 ,
866 1503 1282 1575 παντοκράτορα
1313 1502 1424 1556 τῶν
1456 1503 1614 1569 ὅλων,
1646 1505 1741 1558 καὶ
1766 1505 1859 1558 τὸν

270 1590 482 1660 Κύριον
519 1589 678 1661 ἡμῶν
717 1592 926 1662 Ἰησοῦν
954 1594 1189 1664 Χριστὸν
1212 1637 1227 1661 ,
1278 1595 1374 1648 ml.
1410 1594 1472 1648 τὸ
1505 1595 1660 1663 ἀγιον
1692 1594 1857 1648 αὑτοῦ

269 1680 502 1752 Πνεῦμα
524 1722 540 1748 ,
592 1681 719 1753 μίαν
761 1681 923 1750 ἁγίαν
957 1682 1165 1754 Τριάδα
1196 1684 1451 1739 άκτιστον
1473 1725 1488 1751 ,
1542 1682 1651 1737 τῶν
1682 1683 1858 1740 ἀλλων

269 1771 532 1826 ἁπάντων
578 1770 640 1838 ἐξ
669 1772 768 1826 οὐκ
796 1773 966 1828 όντων
990 1774 1297 1846 γενομένων
1340 1775 1481 1846 μετὰ
1511 1775 1730 1847 Πατέρα
1761 1776 1857 1830 ml.

1960 588 2265 654 elaborata,
2307 593 2507 642 cuncta
2536 585 2779 657 proutin
2820 585 2943 655 ejus
2982 599 3147 655 opere
3178 585 3535 659 continentur

1967 677 2039 734 ad
2067 676 2291 732 verbum
2325 674 2745 746 exscripsimus.
2791 673 2977 730 Facile
3021 660 3268 729 enim‘ex
3300 675 3388 741 iis,
3421 690 3549 745 quae

1968 779 1999 819 a
2034 765 2392 820 sanctissimo
2430 764 2549 818 viro
2591 764 2658 819 ad
2706 763 2855 820 illius
2890 761 3244 820 refellendam
3281 765 3544 835 improbi-

1959 866 2124 915 tatem
2150 857 2368 929 prodita
2394 864 2544 921 sunt,
2596 857 2767 913 everti
2815 854 3201 928 proﬂigarique
3260 865 3540 927 poterunt.

1957 948 2070 1006 Nos
2101 950 2246 1005 enim
2284 948 2340 1004 id
2375 949 2522 1019 quod
2559 950 2765 1005 veritas
2795 949 2914 1020 ipsa
2935 964 3048 1021 prae
3076 965 3134 1006 se
3165 950 3390 1005 omnino
3415 948 3538 1014 fert,

1958 1040 2215 1113 quodque
2264 1049 2321 1097 et
2363 1042 2607 1113 prudens
2662 1042 2804 1096 ratio
2850 1041 3161 1112 persuadet,
3202 1051 3256 1099 et
3293 1042 3540 1098 veritatis

1955 1134 2160 1205 regulae
2216 1142 2648 1191 consentaneum
2693 1143 2797 1200 est,
2848 1135 2975 1207 legi,
3029 1151 3094 1191 ac
3146 1135 3450 1207 prophetis,
3485 1145 3541 1191 et

1958 1222 2326 1293 patriarchis,
2377 1224 2472 1294 qui
2520 1223 2627 1279 sibi
2676 1224 2918 1279 invicem
2961 1233 3385 1291 successerunt,
3437 1240 3540 1282 nec

1958 1328 2073 1369 non
2133 1320 2246 1369 tam
2309 1313 2614 1371 Salvatoris
2669 1315 2885 1386 ipsius,
2949 1332 3112 1388 quam
3169 1319 3539 1388 apostolorum

1957 1405 2226 1462 doctrinae
2254 1406 2537 1463 credimus
2564 1427 2579 1463 :
2616 1420 2647 1460 a
2673 1408 2875 1478 quibus
2904 1408 3193 1465 manifeste
3225 1408 3537 1475 didicimus,

1962 1511 2135 1552 unum
2182 1495 2435 1552 confiteri
2485 1498 2658 1552 Deum
2713 1499 3097 1555 universorum
3125 1500 3340 1556 Patrem
3363 1502 3541 1573 omni-

1958 1595 2260 1661 potentem,
2300 1603 2364 1644 ac
2392 1588 2683 1645 Dominum
2719 1597 2972 1646 nostrum
3002 1590 3188 1648 Iesum
3216 1592 3498 1659 Christum
3521 1631 3537 1656 ,

1958 1688 2016 1736 et
2047 1681 2317 1752 Spiritum
2350 1688 2626 1746 sanctum,
2661 1697 2826 1738 unam
2859 1689 3105 1739 sanctam
3137 1684 3541 1755 increatamque

1961 1772 2282 1827 Trinitatem
2314 1812 2331 1837 ,
2380 1787 2508 1829 cum
2560 1781 2758 1829 caetera
2796 1782 2919 1844 post
2959 1773 3199 1840 Patrem,
3236 1785 3290 1830 et
3318 1773 3536 1841 Filium,

268 1864 404 1918 Υίὸν
427 1864 522 1917 ml.
549 1864 705 1933 ἀγιον
727 1864 974 1937 Πνεῦμα.
1015 1865 1204 1931 Οὕτως
1231 1884 1291 1920 τε
1320 1868 1471 1942 παρά
1504 1868 1720 1923 πάντων
1746 1867 1855 1921 τῶν

1957 1870 2012 1919 et
2046 1862 2314 1935 Spiritum
2348 1876 2596 1921 sanctum
2627 1881 2692 1921 ex
2726 1866 2900 1921 nihilo
2925 1866 3192 1937 producta
3236 1867 3368 1923 sint.
3409 1866 3539 1933 Quae

269 1956 689 2027 προειρημένων
715 1956 884 2026 ἁγίων
918 1958 1212 2029 προφητῶν
1240 1976 1299 2013 τε
1331 1961 1424 2013 καὶ
1454 1958 1855 2029 εὐαγγελιστῶν

267 2047 369 2101 καὶ
398 2046 711 2100 ἀποστόλων
755 2046 941 2117 σαφῶς
971 2049 1408 2121 ὡμολογημένων
1431 2052 1526 2104 ml.
1558 2068 1854 2105 πεπιστευ-

271 2137 454 2207 μένων
477 2178 492 2203 ,
548 2136 745 2193 οὐκᾶν
773 2137 1026 2210 δυνηθείη
1061 2139 1356 2213 κυϐευτική
1395 2159 1480 2206 τις
1524 2141 1735 2197 ἐπίνοια
1762 2144 1856 2197 ἀνα

266 2231 476 2299 τισχεῖν
515 2230 650 2302 πρὸς
676 2230 775 2300 τὴν
816 2232 1009 2285 ἀκτῖνα
1040 2231 1142 2301 τῆς
1171 2232 1426 2305 ἀληθείας
1452 2249 1465 2263 ⁸
1495 2233 1570 2298 ὥς
1614 2250 1677 2303 γε
1723 2235 1854 2305 ἡμῖν

219 2327 233 2337 ⁶
266 2321 531 2386 πολλάκις
584 2321 727 2375 κατά
767 2321 966 2385 πλάτος
1004 2323 1217 2394 εἴρηται
1249 2328 1306 2379 ὲν
1336 2329 1404 2398 τῇ
1435 2326 1582 2398 ’πρὸς
1615 2327 1853 2398 ἑκάστην

265 2413 484 2484 αἵρεσιν
522 2414 796 2468 ὑποθέσει.
836 2414 923 2478 Ὠς
951 2414 1248 2482 ὲξάπαντος
1283 2405 1573 2489 φωρᾶσθαι
1602 2418 1698 2473 καὶ
1725 2417 1853 2472 τοῦ·

262 2521 364 2558 τον
391 2504 634 2578 ἀγύρτην
663 2505 757 2560 καὶ
788 2504 1139 2561 θανατοποιὸν
1169 2508 1433 2572 ίσοτύπως
1461 2511 1580 2572 ταῖς
1602 2524 1855 2580 προειρη-

267 2594 467 2663 μέναις
487 2634 503 2660 ,
539 2593 852 2660 ἐπιδείξεως
897 2594 1058 2667 χάριν
1091 2597 1187 2651 ml.
1222 2598 1543 2671 περιεργίας
1574 2599 1642 2653 τά
1685 2599 1854 2670 μεγά-

264 2682 339 2736 λα
366 2682 540 2738 ταῦτα
565 2684 908 2739 καττύσαντά
934 2702 994 2738 τε
1032 2687 1126 2740 καὶ
1156 2690 1629 2762 μηχανησάμενον.

340 2948 470 3003 KB'.
504 2949 874 3021 Παρελθόντες
907 2950 965 3005 δὲ
1018 2953 1113 3007 καὶ
1154 2951 1253 3023 τὴν
1288 2951 1483 3006 τούτου
1523 2950 1849 3024 μοχθηρίαν,

263 3042 367 3099 καὶ
405 3042 514 3097 τῶν
548 3044 642 3096 ἀπ’
669 3043 833 3098 αὐτοῦ
877 3036 1223 3118 Μαρκωσίων
1250 3044 1557 3115 λεγομένων
1580 3085 1596 3111 ,
1634 3045 1728 3099 ἐπὶ
1753 3045 1854 3109 τὰς

266 3132 401 3202 ἑξῆς
438 3133 765 3204 σπεύσωμεν
789 3175 805 3200 ,
852 3127 898 3189 ὧ
939 3135 1294 3207 ἐπιπόθητοι,
1341 3136 1440 3198 τὰς
1478 3134 1658 3190 αὐτῶν
1697 3136 1853 3209 ῥίζας

264 3224 435 3277 πάλιν
466 3224 862 3296 ἀνερευνῶντες
888 3265 905 3293 ,
963 3228 1058 3280 ml.
1106 3226 1217 3280 τῶν
1260 3226 1492 3299 καρπῶν
1530 3226 1708 3282 αὐτῶν
1753 3228 1853 3299 τὴν
1880 3198 1923 3257 C

264 3313 495 3385 πικρίαν
525 3315 904 3384 ἀφανίζοντες,
937 3317 1038 3388 τήν
1072 3334 1132 3370 τε
1165 3317 1475 3391 ἀνατροπὴν
1508 3318 1603 3371 καὶ
1635 3317 1707 3371 τὰ
1734 3319 1853 3371 κατ’
1894 3312 1901 3317 ’

263 3407 469 3469 αὐτοὺς
514 3406 691 3461 πάντα
736 3408 1136 3474 ἐπιδεικνύντες
1161 3449 1176 3475 ,
1211 3411 1312 3464 οὐκ
1364 3412 1444 3474 είς
1497 3409 1701 3482 βλάϐην
1744 3410 1855 3465 τῶν

263 3497 703 3567 ἐντυγχανόντων
724 3540 740 3564 ,
773 3499 909 3557 ἀλλά
956 3503 1036 3566 είς
1083 3502 1402 3575 ἀποτροπὴν
1425 3543 1441 3569 ,
1489 3503 1626 3576 πρὸς
1672 3504 1735 3557 τὸ
1778 3504 1853 3576 μὴ

262 3590 566 3660 πλησιάσαι
596 3593 695 3663 μιᾷ
739 3591 850 3647 τῶν
890 3594 1304 3665 προειρημένων
1332 3595 1598 3668 αἱρέσεων
1618 3637 1634 3664 ,
1664 3597 1699 3669 ἢ
1745 3597 1853 3652 τῶν

266 3677 598 3747 μετέπειταο
641 3678 778 3735 ἀλλὰ
822 3681 1156 3749 ἀναγνόντας
1206 3682 1275 3738 τὰ
1324 3688 1688 3757 γεγραμμένα
1723 3688 1853 3759 παρ’

263 3768 456 3830 αὐτοῖς
475 3806 490 3830 ,
536 3769 630 3822 ml.
678 3771 905 3838 γνόντας
942 3771 1013 3825 τὰ
1042 3772 1275 3845 ᾀδόμενα
1293 3814 1307 3839 ,
1340 3776 1435 3830 ml.
1485 3777 1858 3847 καταγνόντας

262 3862 367 3931 τῆς
393 3857 628 3930 ἑκάστης
652 3860 832 3915 αὐτῶν
853 3860 1060 3935 πλάνης
1087 3881 1145 3917 τε
1168 3865 1261 3918 καὶ
1286 3865 1626 3936 έρπετώδους
1652 3867 1854 3940 μοχθη-

266 3952 394 4027 ρίας
414 3991 430 4015 ,
462 3951 795 4022 ἀποφεύγειν
837 3971 898 4007 τε
923 3954 1043 4021 καὶ,
1072 3956 1148 4020 ὼς
1182 3951 1332 4012 εἷπον
1358 3997 1373 4022 ,
1402 3959 1477 4030 μὴ
1511 3957 1850 4028 πλησιάζειν.

263 4041 480 4111 Διψάδα
523 4042 631 4115 γάρ
662 4062 784 4099 τινα
813 4044 1022 4117 ἔχιδνάν
1053 4064 1216 4117 φασιν
1253 4049 1302 4102 οἱ
1336 4049 1720 4121 ἱστορήσαντες
1771 4048 1851 4102 ίοῦ

262 4133 449 4205 λύμην
494 4136 702 4191 τοιάνδε
740 4139 1007 4207 ἐμποιεῖν.
1059 4140 1146 4193 Ἐν
1181 4139 1367 4204 τόποις
1400 4141 1509 4212 γάρ
1544 4158 1685 4195 τισιν
1717 4141 1850 4194 ὅπου

265 4224 459 4280 πύελοι
486 4227 545 4281 ὲν
582 4230 703 4292 ταῖς
751 4229 1044 4302 πέτραιςῆ
1087 4230 1301 4296 λιϐάδες
1350 4232 1456 4286 εἰσὶ
1509 4235 1701 4305 μικραὶ
1743 4233 1851 4288 ἀπὸ

263 4319 487 4388 πετρῶν
527 4322 783 4393 χεόμεναι
827 4326 907 4388 εἰς
939 4324 1205 4397 ὑποδοχήν
1241 4343 1380 4391 τινα,
1423 4328 1457 4399 ἡ
1498 4328 1638 4400 αὐτὴ
1672 4329 1850 4398 διψάς,

264 4410 417 4484 ὕδωρ
444 4413 795 4485 εὑρίσκουσα,
825 4415 920 4469 καὶ
949 4414 1169 4484 πιοῦσα,
1197 4416 1288 4470 τδν
1318 4417 1395 4472 ίὸν
1426 4419 1688 4490 ἐμϐάλλει
1714 4419 1853 4491 μετὰ

264 4504 330 4559 τὸ
362 4507 506 4559 πιεῖν
537 4507 618 4568 εἰς
645 4504 745 4570 τάς
784 4507 1187 4580 προειρημένας
1222 4509 1440 4574 στάσεις
1475 4509 1585 4565 τῶν
1616 4511 1846 4577 ὑδάτων,

265 4595 413 4651 ὥστε
444 4598 552 4652 πᾶν
582 4596 721 4660 ζῶον
754 4598 1089 4669 πλησιάσαν,
1120 4602 1214 4655 ml.
1244 4599 1410 4657 ποτοῦ
1447 4603 1703 4675 κορεσθὲν
1726 4643 1741 4670 ,
1767 4605 1853 4658 δο·

264 4691 390 4745 κεῖν
443 4690 541 4762 μὲν
587 4690 915 4759 ὠφελεῖσθαι
948 4692 1014 4745 ἐκ
1047 4692 1143 4746 τοῦ
1184 4693 1538 4765 μεταλαϐεῖν,
1590 4694 1752 4759 εὐθὺς
1796 4695 1853 4749 δὲ

267 4780 427 4854 παρὰ
450 4782 511 4836 τὸ
540 4781 800 4853 ὑποδόχον
820 4780 930 4836 τῶν
963 4781 1192 4850 ὑδάτων,
1231 4786 1296 4839 ὲκ
1330 4785 1424 4839 τοῦ
1456 4784 1535 4840 ίοῦ
1564 4786 1662 4858 τῆς
1692 4785 1853 4857 διψά-

268 4875 365 4938 δος
402 4874 819 4946 ὑποδεξάμενον,
853 4875 1217 4931 καταπίπτειν
1254 4876 1349 4933 καὶ
1381 4876 1653 4949 θνήσκειν.
1695 4877 1856 4932 Ἀλλά

265 4967 368 5023 καὶ
399 4968 452 5021 εἴ
482 4984 604 5021 τινα
640 4964 888 5037 πλήξειεν
923 4970 958 5038 ἡ
994 4967 1131 5037 αὐτὴ
1158 4968 1346 5038 διψάς,
1382 4969 1490 5023 ἀπὸ
1516 4968 1609 5023 τοῦ
1663 4986 1856 5042 περισ-

263 5053 508 5125 σοτέρως
533 5056 589 5109 ὲν
610 5055 746 5127 αὐτῇ
785 5055 1082 5110 καυστικοῦ
1123 5056 1203 5109 ίοῦ
1233 5057 1326 5112 ἐπὶ
1367 5057 1547 5129 ὄρεξιν
1569 5058 1729 5131 δίψης
1758 5058 1853 5113 ml.

264 5144 516 5217 πόματος
560 5146 919 5219 προτρέποιτο
951 5150 1119 5215 πάθος
1144 5150 1242 5221 τῆς
1276 5146 1585 5221 ἀλγηδόνος,
1615 5150 1853 5223 προσφέ-

269 5237 463 5311 ρεσθαι
495 5255 556 5291 τε
605 5238 693 5293 ἀεὶ
732 5240 826 5295 ml.
864 5240 1040 5295 πίνειν
1084 5240 1369 5313 ἐρεθίζειν.
1409 5241 1642 5313 Νομίζει
1690 5241 1748 5296 δέ
1798 5258 1883 5296 τιι

264 5329 595 5400 ὠφελεῖσθαι
626 5331 764 5404 πρὸς
797 5332 898 5405 τὴν
924 5332 1103 5404 λύμην
1146 5335 1175 5387 ό
1220 5333 1449 5405 πληγεὶς
1472 5374 1487 5400 ,
1534 5334 1726 5398 ὁσάκις
1752 5334 1853 5404 τῆς

262 5422 527 5495 τοιαύτης
561 5422 937 5497 θανατηφόρου
970 5424 1263 5497 ἀλγηδόνος
1290 5406 1579 5497 λαμϐὧει.
1613 5425 1772 5480 Ἀλλὰ
1794 5427 1853 5480 ὲν

264 5511 423 5584 αὐτῷ
455 5512 533 5585 τῷ
560 5513 711 5584 τόπῳ
738 5513 1119 5587 πληρωθείσης
1161 5516 1260 5588 τῆς
1301 5515 1571 5587 γαστρὸς,
1614 5515 1707 5593 ml.
1743 5533 1850 5585 μη-

263 5603 393 5663 κέτι
422 5604 849 5677 ὑποδεχομένης,
886 5604 1110 5678 ὕστερον
1139 5606 1234 5661 σὺν
1257 5606 1335 5678 τῷ
1366 5606 1570 5678 πόματι
1596 5605 1658 5660 τὸ
1688 5606 1852 5661 πνεῦ-

1955 1954 2178 2025 quidem
2222 1957 2408 2012 omnia
2432 1971 2560 2013 cum
2601 1957 2692 2023 iis,
2747 1973 2888 2029 quos
2929 1960 3378 2023 commemoravi,
3411 1974 3540 2014 san-

1956 2045 2221 2102 ctissimis
2268 2049 2424 2115 viris,
2470 2048 2771 2119 prophetis,
2804 2049 3160 2121 evangelistis
3192 2056 3247 2105 et
3275 2050 3538 2120 apostolis

1956 2139 2078 2196 sine
2134 2140 2242 2195 ulla
2285 2141 2640 2212 ambiguitate
2678 2139 2889 2196 credita
2930 2140 3292 2211 confessaque
3311 2139 3535 2204 fuerint,

1954 2235 2116 2290 nullae
2143 2233 2415 2306 ejusmodi
2449 2239 2611 2289 erunt
2643 2240 2788 2289 artes
2827 2247 2891 2287 ac
2924 2233 3233 2309 praestigiae,
3284 2247 3404 2303 quae
3442 2249 3537 2289 ve-

1954 2329 2137 2384 ritatis
2171 2328 2283 2384 luci
2323 2341 2387 2383 ac
2417 2327 2703 2398 splendori
2745 2327 2961 2397 possint
3010 2328 3315 2395 obsistere;
3347 2342 3538 2399 quem-

1956 2417 2247 2474 admodum
2297 2418 2353 2473 in
2391 2418 2637 2489 singulis
2670 2415 2995 2475 .refutandis
3038 2418 3340 2474 haeresibus
3395 2432 3538 2488 saepe

1955 2526 2020 2567 ac
2075 2512 2298 2583 copiose
2340 2511 2794 2567 monstravimus.
2832 2509 2983 2567 Adeo
3014 2519 3074 2566 ut
3098 2511 3289 2566 eadem
3332 2525 3440 2581 qua
3472 2511 3530 2565 in

1954 2602 2171 2658 caeteris
2214 2602 2428 2657 ratione
2468 2600 2740 2656 detectum
2790 2602 2885 2667 sit,
2924 2602 3254 2658 nebulonem
3286 2602 3438 2657 illum
3472 2616 3537 2656 ac

1954 2692 2283 2764 pestiferum
2332 2692 2613 2748 hominem
2661 2692 2779 2748 sola
2819 2693 3192 2748 ostentatione
3231 2692 3319 2747 sui
3348 2705 3413 2746 ac
3440 2705 3537 2745 cu-

1961 2785 2207 2840 riositate
2248 2782 2474 2839 ductum
2529 2783 2598 2838 ad
2654 2791 2765 2837 tam
2821 2782 3085 2839 immania
3132 2791 3385 2853 portenta
3435 2780 3534 2837 (ln-

1956 2874 2132 2946 genda
2168 2875 2600 2945 fabricandaque
2631 2877 2865 2933 venisse.

2029 2962 2194 3020 XXII.
2263 2964 2420 3020 Nunc
2467 2966 2615 3022 illius
2648 2981 2714 3022 ac
2795 2965 3192 3021 Marcosiorum
3256 2966 3537 3037 impietate

1953 3056 2253 3126 praeterita,
2286 3055 2355 3111 ad
2385 3056 2523 3114 alias
2544 3065 2934 3135 transeamus;
2974 3072 3274 3128 earumque
3306 3066 3360 3113 et
3391 3058 3536 3114 evel-

1954 3150 2131 3205 lamus
2173 3148 2409 3213 radices,
2457 3155 2512 3204 et
2555 3149 2932 3204 amarissimos
2979 3147 3191 3202 fructus
3220 3149 3478 3203 tollamus
3506 3163 3538 3204 e

1957 3239 2161 3306 medio,
2215 3254 2280 3295 ac
2311 3239 2770 3310 quemadmodum
2804 3238 2980 3295 refelli
3028 3239 3259 3310 possint,
3307 3253 3537 3309 quaeque

1958 3327 2029 3382 ad
2079 3327 2233 3397 ipsos
2279 3328 2555 3398 pertinent
2612 3327 2872 3382 universa
2918 3325 3262 3394 referamus;
3324 3342 3435 3381 non
3477 3336 3537 3382 ut

1953 3418 2261 3490 legentibus
2309 3416 2488 3473 fraudi
2533 3420 2638 3474 ista
2693 3419 2826 3484 sint,
2875 3419 2970 3475 sed
3002 3424 3062 3474 ut
3087 3419 3156 3474 ab
3192 3419 3301 3475 illis
3339 3418 3537 3475 abhor-

1955 3517 2156 3576 reant;
2189 3526 2370 3581 neque
2411 3510 2479 3565 ad
2522 3524 2688 3566 unam
2734 3510 2974 3582 aliquam
3010 3512 3231 3576 'earum,
3275 3525 3413 3582 quas
3442 3526 3537 3567 ex-

1953 3601 2280 3670 posuimus,
2345 3609 2442 3655 aut
2492 3601 2900 3672 insequentium
2961 3601 3254 3669 accedant;
3301 3601 3397 3658 sed
3441 3600 3536 3657 ubi

1954 3707 2078 3764 quae
2125 3693 2196 3748 ab
2247 3692 2357 3748 illis
2398 3693 2608 3764 scripta
2650 3700 2780 3750 sunt
2822 3693 3077 3766 legerint,
3102 3694 3414 3765 saepiusque
3442 3693 3534 3750 de-

1958 3789 2177 3840 cantata
2210 3784 2592 3855 cognoverint,
2639 3784 2861 3840 illorum
2907 3784 3210 3850 erroribus,
3263 3800 3328 3839 ac
3366 3800 3535 3841 vene-

1953 3884 2081 3930 nata
2106 3875 2465 3946 improbitate
2498 3875 2761 3931 damnata
2796 3876 3012 3946 fugiant
3041 3877 3252 3947 procul,
3286 3876 3451 3948 258
3472 3891 3535 3932 ac

1952 3966 2181 4036 propius
2199 3981 2259 4022 se
2280 3965 2531 4023 conferre
2560 3974 2882 4023 vereantur.
2918 3966 3210 4038 Dipsadem
3241 3968 3534 4038 quamdam

1951 4070 1984 4110 e
2030 4056 2343 4126 viperarum
2387 4071 2589 4129 genere
2620 4071 2744 4113 esse
2782 4058 3062 4112 memoriae
3102 4056 3378 4128 proditum
3429 4065 3532 4123 est,

1952 4162 2073 4217 quae
2103 4147 2417 4205 istiusmodi
2451 4149 2603 4204 virus
2639 4149 2915 4205 immittat.
2957 4148 3095 4204 Cum
3128 4150 3273 4205 enim
3303 4163 3530 4205 excava-

1954 4238 2023 4294 tis
2062 4238 2118 4292 in
2150 4239 2403 4311 rupibus,
2429 4255 2551 4310 quae
2581 4241 2877 4297 stillantem
2903 4254 2935 4296 e
2965 4241 3115 4297 saxis
3142 4240 3408 4309 liquorem
3435 4254 3527 4294 ειη

1949 4328 2180 4399 cipiunt,
2220 4344 2417 4400 aquam
2468 4337 2629 4386 nacta
2682 4330 2909 4399 biberit,
2954 4344 3075 4386 eam
3106 4340 3294 4401 postea
3322 4346 3530 4387 veneno
3630 4394 3637 4399 _

1953 4436 2055 4476 suo
2094 4422 2177 4477 sic
2226 4421 2424 4489 inficit,
2457 4429 2518 4478 ut
2563 4422 2610 4479 si
2649 4421 2794 4493 quod
2828 4422 3033 4477 animal
3066 4423 3324 4493 deinceps
3347 4438 3433 4479 .ex
3466 4437 3537 4477 ea

1880 4544 1927 4602 Β
1954 4513 2246 4583 potaverit,
2271 4528 2397 4568 cum
2432 4513 2614 4583 juvari
2636 4528 2699 4568 ac
2726 4512 2877 4569 sitim
2909 4514 3155 4574 relevare
3191 4515 3370 4570 visum
3416 4513 3531 4570 fue-

1956 4604 2050 4669 rit,
2097 4604 2164 4658 ad
2215 4613 2545 4661 venenatum
2593 4606 2775 4675 ipsum
2816 4620 2971 4676 aqua;
3006 4608 3413 4677 receptaculum
3439 4622 3530 4663 su-

1955 4695 2073 4752 bito
2099 4696 2368 4752 moriatur
2392 4710 2457 4750 ac
2482 4697 2757 4753 concidat.
2804 4697 2963 4764 Quod
3010 4697 3059 4755 si
3097 4712 3265 4769 quem
3300 4699 3394 4754 illa
3421 4714 3531 4754 mo-

1956 4787 2247 4855 morderit,
2292 4788 2454 4859 ignea
2491 4789 2685 4845 veneni
2728 4789 2810 4846 vis
2851 4789 3231 4847 vehementius
3272 4805 3533 4862 grassans

1954 4880 2236 4949 ingentem
2297 4879 2448 4937 sitim
2511 4879 2704 4949 aﬁert,
2763 4889 2820 4936 et
2861 4881 2930 4936 ad
2969 4881 3190 4938 assidue
3235 4881 3532 4952 potandum

1955 4969 2289 5026 intolerabili
2314 4985 2440 5024 cum
2467 4971 2656 5027 dolore
2683 4971 2979 5042 compellit.
3018 4973 3119 5032 Cui
3156 4972 3377 5041 quidem
3406 4971 3529 5028 leti-v

1954 5058 2073 5117 fero
2102 5060 2281 5115 dolori
2311 5059 2441 5116 dum
2465 5059 2541 5115 ita
2591 5076 2651 5117 se
2697 5062 2927 5117 remedii
2953 5061 3149 5119 afferre
3175 5061 3379 5134 aliquid
3409 5063 3525 5118 exi-

1954 5153 2162 5218 stimat,
2194 5151 2250 5206 in
2275 5150 2466 5207 eodem
2495 5150 2618 5208 loco
2648 5160 2841 5208 ventre
2871 5150 3129 5215 distento,
3157 5168 3261 5209 nec
3284 5154 3531 5210 humoris

1952 5242 2252 5314 quidquam
2296 5242 2533 5313 amplius
2574 5242 2845 5313 capiente,
2894 5258 3019 5298 cum
3057 5253 3191 5314 potu
3237 5258 3366 5299 mox
3405 5229 3540 5299 ani;

1955 5349 2101 5391 mam
2127 5333 2425 5405 profundit.
2459 5331 2550 5390 Sic
2579 5333 2672 5390 ille
2696 5348 2821 5389 cum
2851 5335 3177 5390 inexhausta
3215 5342 3382 5406 potus
3412 5338 3531 5393 avi-

1948 5425 2123 5482 ditate
2188 5425 2309 5482 suis
2362 5424 2591 5481 exitium
2652 5425 2968 5483 consciscit.
3018 5424 3130 5481 Sed
3183 5441 3286 5482 nos
3350 5428 3422 5484 ab
3465 5443 3532 5485 eo

1947 5531 2160 5573 veneno
2209 5517 2393 5572 divina
2444 5532 2549 5588 ope
2602 5518 2835 5586 liberati,
2870 5517 3116 5588 reliquas
3167 5517 3236 5574 ad
3294 5517 3533 5577 haereses

1948 5614 2313 5665 transeamus.

269 5717 354 5772 μα
387 5700 629 5771 ἀφίησιν.
662 5700 819 5755 Οὕτω
851 5702 944 5756 ml.
974 5692 1129 5767 οὗτος
1160 5703 1265 5757 ὑπὸ
1311 5702 1553 5775 πόματος
1614 5702 1705 5757 τὸν
1758 5702 1986 5758 θάνατον
2027 5706 2139 5765 τοῖς
2199 5705 2327 5777 παρ’
2376 5703 2540 5758 αὐτοῦ
2604 5681 2979 5777 ἠπατημένοισ
3002 5703 3387 5777 ἐξεργάζεται.
3431 5698 3531 5760 οὗ·

266 5808 382 5864 περ
418 5791 498 5845 ίοῦ
544 5794 605 5846 ὲν
642 5791 868 5862 δυνάμει
901 5791 1035 5847 Θεοῦ
1076 5791 1365 5863 ῥυσθέντες
1388 5832 1401 5859 ,
1454 5792 1546 5846 ἐπὶ
1590 5791 1689 5857 τὰς
1722 5790 1848 5861 ἑξῆς
1879 5791 2064 5863 ἴωμεν.
