3934 6422
475 342 580 401 6‘27
1889 330 1947 387 S.
1990 327 2335 390 ΕΡιΡΗΑΝιι
3609 316 3698 380 628

856 443 1137 507 CONTRA
1175 442 1679 509 COLORBASIOS,
2086 450 2132 505 Δ

2086 450 2132 505 Δ
2582 440 2774 498 ΚΑΤΑ
2804 438 3283 499 ΚΟΔΟΡΒΔΣΙΩΝ
3300 480 3315 506 ,

722 559 855 626 Qua:
888 570 966 623 est
992 560 1206 616 {tmesis
1250 558 1379 625 XV,
1418 560 1527 614 sive
1570 553 1807 611 XXXV.
2228 559 2275 612 11

2228 554 2739 626 Πεντεκαιδεκὰτη
2763 598 2777 623 ,
2821 557 2862 625 ἡ
2904 556 3004 612 καί
3042 552 3363 625 τριακοστὴ
3402 551 3639 622 πέμπτη.

552 664 593 727 1.
634 671 894 743 Sequitur
915 670 1267 738 Colorbasus,
1296 670 1391 741 qui
1422 670 1491 725 ab
1516 667 1706 725 iisdem
1730 666 1899 722 Marci
1927 679 2061 736 pra

2230 666 2309 724 Κ.
2342 667 2692 741 Κολόρϐασος
2718 668 2929 733 τούτοις
2945 670 3154 732 ἕπεται,
3179 667 3288 721 ἀπὺ
3310 666 3411 736 τῆς
3435 665 3526 720 τοῦ
3554 682 3708 737 προιο-

482 764 665 834 stigiis
695 777 827 819 suas
872 763 1111 833 ineptias
1155 761 1489 832 corrogavit.
1517 758 1661 825 Quin
1690 766 1746 813 et
1768 772 1837 812 ex
1875 755 2035 812 Ptole

2163 760 2401 832 ρημένου
2429 761 2659 834 Μάρκου
2701 761 2955 833 γοητείας
2994 761 3086 816 τὸν
3122 759 3311 833 ἔρανον
3351 757 3706 829 ποιησάμενος.

485 857 606 911 η]εεὶ
647 856 927 912 radicibus
977 857 1210 911 sentium
1253 869 1318 909 ac
1358 855 1641 925 spinarum
1674 853 2038 907 instar‘erum-

2174 851 2335 905 Ἀλλὰ
2360 853 2454 906 καὶ
2486 854 2597 907 ἀπὸ
2628 853 2727 924 τῆς
2757 853 2853 906 τοῦ
2886 851 3221 925 Πτολεμαίου
3270 852 3424 923 ῥίζης
3459 849 3709 904 σκολόπων

486 964 620 1017 pene
647 964 818 1006 novas
842 948 1108 1020 quasdam
1127 948 1417 1018 opiniones
1442 951 1784 1001 commentus
1812 952 1917 1006 est,
1948 941 2039 1012 qui

2161 943 2315 1016 δίκην
2348 944 2629 1015 ἀναφύσας
2652 985 2666 1011 ,
2700 944 2865 1018 ἕτερα
2892 946 3055 999 πάλιν
3083 944 3236 1015 παρὰ
3266 943 3473 1007 τούτοις
3502 942 3711 1012 ὲνοχλιῖν

484 1039 587 1093 bus
615 1039 761 1094 velut
794 1039 1000 1094 aculeis
1031 1038 1284 1093 homines
1318 1036 1627 1097 infestaret,
1665 1035 1796 1089 dum
1826 1031 2037 1102 majore

2162 1033 2240 1106 τῷ
2290 1036 2480 1108 κόσμῳ
2529 1035 2769 1109 κέντρων
2820 1037 2977 1107 δίκην
3013 1036 3299 1107 ἐπενόησε,
3336 1034 3496 1104 δῆθεν
3520 1032 3713 1104 μείζονι

482 1145 658 1200 nugas
713 1145 779 1188 ac
829 1131 1043 1187 somnia
1099 1133 1249 1186 velut
1279 1145 1310 1185 e
1351 1129 1490 1184 caelo
1535 1128 1794 1197 delapsus
1844 1125 2035 1179 cﬂutiit

2164 1127 2464 1198 φαντασίαν
2484 1170 2499 1195 ,
2528 1130 2605 1193 ὡς
2631 1130 2835 1184 ἄνωθεν
2862 1130 3014 1199 ἥκων
3036 1169 3052 1194 ,
3085 1124 3474 1200 μηχανώμενος
3496 1142 3508 1156 '
3534 1125 3623 1179 καὶ
3657 1126 3716 1180 τὰ

482 1221 608 1277 Fuit
650 1221 702 1277 ei
741 1221 980 1292 primum
1027 1234 1153 1275 cum
1198 1218 1382 1274 Marco
1432 1218 1669 1273 societas
1717 1216 2031 1285 dogmatum

2168 1221 2267 1292 μὲν
2310 1221 2505 1293 πρῶτα
2554 1221 2651 1275 σὺν
2697 1221 2777 1292 τῷ
2821 1222 3033 1292 Μάρκῳ
3067 1219 3325 1291 ὑπάρχων
3353 1218 3715 1289 δμοιογνώμονι

482 1329 591 1383 que
636 1315 953 1379 consensio,
1005 1320 1068 1367 ut
1116 1327 1308 1367 eorum
1356 1320 1531 1374 secta,
1581 1317 1841 1379 tanquam
1876 1307 2035 1376 hicep

2165 1308 2317 1380 αὐτῷ
2336 1347 2352 1373 ,
2385 1310 2540 1381 δίκην
2570 1310 2860 1379 δικεφάλου
2891 1308 3243 1381 ὑπαρχούσης
3259 1309 3364 1379 τῆς
3396 1305 3567 1361 αὐτῶν
3591 1307 3717 1380 αἱρέ-

483 1407 701 1478 auguis,
746 1405 1004 1475 bipertita
1047 1405 1344 1459 videretur.
1394 1402 1592 1457 Postea
1634 1402 1780 1455 velut
1826 1406 1991 1470 caput
2034 1435 2036 1446 ,

2168 1419 2306 1467 σεως
2333 1417 2348 1431 ·
2382 1402 2610 1474 ὕστερον
2638 1403 2694 1456 δὲ
2726 1403 2802 1465 ὼς
2834 1401 3043 1473 κεφαλὴ
3090 1400 3200 1455 ἀπὸ
3234 1398 3487 1470 σώματος
3514 1399 3715 1469 ἑρπετοῦ

483 1497 757 1567 serpentis
787 1510 1019 1561 corpore
1046 1495 1343 1561 divulsum,
1379 1508 1443 1548 ac
1472 1494 1687 1563 spirans
1717 1492 1916 1554 adhuc,
1946 1490 2036 1560 plu

2165 1493 2437 1565 τμηθεῖσα
2465 1532 2482 1556 ,
2533 1495 2629 1547 κα)⁸
2680 1493 2761 1546 ἔτι
2800 1493 3115 1559 ἐμπνέουσα
3143 1530 3159 1556 ,
3202 1489 3432 1554 πολλοὺς
3480 1490 3717 1559 ἀφανίσας

487 1588 644 1641 rimis
692 1588 863 1642 exitio
905 1586 1041 1652 fuit;
1080 1599 1206 1640 cum
1252 1584 1431 1653 majus
1461 1582 1719 1654 quiddam
1762 1597 1871 1637 non
1904 1580 2040 1634 modi

2166 1585 2444 1655 ἠδίκησεν,
2469 1584 2545 1648 ὡς
2571 1585 2731 1655 δῆθεν
2767 1584 2950 1654 μεῖζόν
2981 1601 3034 1636 τι
3063 1582 3157 1636 καὶ
3181 1582 3567 1654 ἐμπειρότερον
3594 1581 3719 1653 παρὰ

486 1679 791 1748 aequalibus
836 1677 973 1743 suis,
1016 1677 1112 1733 sed
1154 1687 1207 1731 et
1250 1677 1575 1747 majoribus,
1631 1689 1695 1728 ac
1733 1673 1951 1728 doctius
1983 1671 2039 1725 at

2168 1675 2276 1729 τῶν
2308 1677 2324 1708 ¹
2362 1677 2457 1728 σὺν
2505 1676 2653 1746 αὐτῷ
2705 1677 2798 1730 καὶ
2849 1678 2977 1740 τοὺς
3025 1675 3277 1747 πρώτους
3325 1672 3554 1737 δεικνύς.
3582 1672 3718 1740 Λέγει

489 1771 634 1827 ferre
671 1771 1004 1826 crederetur.
1038 1767 1350 1839 Ogdoadem
1400 1767 1545 1823 enim
1592 1774 1777 1821 censet
1805 1780 1914 1820 non
1944 1780 2039 1835 gra

2172 1768 2281 1841 γὰρ
2310 1769 2411 1856 τὴν
2440 1770 2664 1841 πρώτην
2713 1768 2973 1837 Ὀγδοάδα
3014 1768 3077 1823 ού
3116 1767 3239 1822 καθ’
3272 1766 3537 1820 ὑπόϐασιν
3572 1765 3719 1819 ἄλλων

488 1862 660 1917 datim
706 1863 870 1916 unius
904 1860 1100 1917 Eonis
1136 1860 1205 1914 ab
1239 1860 1412 1914 altero
1441 1859 1822 1929 procreatione
1864 1872 2037 1929 propa

2171 1859 2277 1911 ὑπὸ
2309 1846 2471 1914 ἄλλου
2513 1860 2694 1913 Λὶὦνα
2744 1859 3149 1933 προϐεϐλῆσθαι
3168 1898 3185 1920 ,
3225 1857 3343 1912 ἀλλ’
3372 1855 3508 1927 ὁμοῦ
3539 1856 3625 1909 καὶ
3655 1855 3719 1919 είς

489 1961 668 2025 gatam
730 1953 935 2021 fuisse;
984 1953 1081 2009 sed
1133 1969 1227 2008 se!
1279 1953 1525 2022 reliquos
1582 1950 1794 2005 Alienas
1840 1950 2042 2021 pariter

2170 1949 2316 2017 ἅπαξ
2344 1952 2442 2023 τὴν
2470 1953 2578 2005 τῶν
2621 1953 2680 2017 ἐξ
2711 1950 2977 2005 Αἰώνων¹
3015 1950 3291 2022 προϐολὴν
3329 1950 3436 2003 ὑπὸ
3479 1948 3570 2002 τοῦ
3603 1950 3720 2019 Προ-

489 2049 791 2117 eodemque
839 2054 1114 2102 momento
1168 2060 1197 2100 a
1259 2059 1518 2115 supremo
1558 2043 1809 2109 Parente,
1864 2052 1919 2097 et
1949 2044 2035 2112 eju

2171 2042 2408 2115 πάτορος
2432 2045 2528 2098 καὶ
2559 2046 2658 2116 τῆς
2695 2044 2935 2108 Ἐννοίας
2971 2044 3137 2099 αὑτοῦ
3161 2042 3418 2114 τετέχθαι
3440 2083 3456 2108 ,
3486 2042 3558 2106 ὡς
3584 2041 3720 2103 αὐτὸς

489 2139 654 2210 259
686 2138 916 2202 Ennaea,
941 2139 1044 2194 hoc
1077 2145 1163 2193 est
1211 2136 1563 2208 cogitatione,
1609 2150 1885 2199 manasse,
1922 2150 2042 2204 quo:

2175 2137 2583 2207 μαιωσάμενος,
2634 2136 3057 2191 διαϐεϐαιοῦται.
3093 2136 3205 2190 Καὶ
3246 2135 3432 2189 οὐκέτι
3480 2135 3542 2187 ὲκ
3574 2133 3718 2200 Λόγου

489 2232 595 2287 iste
626 2230 708 2287 sic
732 2237 999 2301 tanquam
1024 2229 1335 2286 obstetricis
1362 2236 1546 2300 partes
1565 2228 1791 2299 egisset,
1815 2226 2042 2280 allirmat

2171 2230 2268 2282 καὶ
2283 2230 2437 2300 Ζωῆς
2464 2228 2786 2301 Ἄνθρωπον
2807 2229 2902 2283 καὶ
2934 2227 3283 2299 Ἐκκλησίαν,
3316 2227 3410 2282 καὶ
3435 2225 3493 2294 ἑξ
3526 2222 3721 2296 Ἀνθρὼ-

487 2319 673 2386 Quare
725 2335 837 2376 non
880 2331 942 2375 ut
984 2319 1071 2374 alii
1102 2336 1132 2375 e
1169 2319 1343 2375 Verbo
1381 2316 1635 2390 Vitaque,
1694 2318 1984 2373 Hominem
2017 2333 2040 2373 ε

2174 2340 2277 2380 που
2297 2364 2313 2390 ,
2344 2324 2420 2387 ὡς
2447 2323 2498 2377 ot
2526 2323 2712 2387 ἄλλοι,
2739 2324 2833 2376 καὶ
2876 2320 3203 2392 Ἐκκλησίας
3223 2362 3237 2386 ,
3275 2320 3449 2390 Λόγον
3482 2320 3570 2373 καὶ
3595 2318 3719 2386 Ζωήν

438 2444 453 2453 ~
487 2404 828 2481 Ecclesiam;
869 2422 963 2470 aut
1000 2430 1067 2470 ex
1106 2413 1359 2478 Homine,
1397 2422 1457 2467 ut
1490 2409 1818 2481 quibusdam
1870 2410 1991 2480 plac

2175 2433 2308 2488 φασι
2334 2416 2583 2487 τετέχθαι
2615 2417 2775 2479 αὐτὸς
2820 2415 2916 2468 καὶ
2941 2414 2989 2467 οἱ
3021 2412 3185 2468 αὐτοῦ
3210 2431 3227 2446 ·
3261 2413 3399 2467 ἀλλὰ
3439 2411 3599 2483 ἑτέρῳ
3619 2408 3720 2479 τρύ-

488 2511 544 2558 et
570 2503 814 2560 Ecclesia
857 2503 1099 2559 Verbum
1142 2517 1206 2557 ac
1251 2500 1429 2555 Vitam
1474 2502 1901 2571 prodiissecum
1953 2501 2041 2554 sui

2176 2527 2262 2580 πῳ
2291 2509 2450 2563 τοῦτο
2481 2509 2732 2578 λέγουσιν
2753 2525 2767 2540 ο
2814 2509 2897 2562 ὃτι
2933 2510 3072 2580 ὅπερ
3105 2506 3363 2578 ὲνενοήθη
3408 2501 3721 2576 προϐαλεῖνό

490 2597 581 2651 ilie
638 2599 850 2652 statuit.
899 2595 1006 2650 Sed
1050 2595 1103 2649 id
1153 2594 1259 2647 alia
1299 2592 1514 2648 ratione
1569 2594 1879 2649 deﬁniunt:
1913 2590 2043 2646 nimi

2174 2602 2518 2673 Προπάτωρ,
2549 2600 2705 2654 τοῦτο
2741 2600 2932 2673 Πατὴρ
2971 2598 3197 2669 ἐκλήθη.
3239 2597 3397 2651 Ἐπεὶ
3429 2596 3484 2649 δὲ
3519 2591 3720 2666 προεϐά-

492 2700 615 2741 rem
645 2686 803 2757 ,quod
845 2700 1137 2756 supremus
1179 2686 1269 2740 ille
1298 2697 1498 2755 parens
1535 2684 1838 2753 producere
1865 2682 2043 2751 cogita

2175 2692 2298 2745 λετο
2339 2692 2591 2762 Ἀλήθεια
2635 2691 2737 2763 ἦν,
2781 2692 2942 2746 τούτο
2995 2689 3247 2761 ’Δλήθεια
3278 2685 3583 2758 ὠνομάσθη.
3615 2684 3721 2735 Ὅτε

493 2782 594 2843 vit,
634 2780 741 2833 hoc
792 2779 1063 2833 vocabulo
1104 2777 1284 2832 Patris
1325 2777 1679 2847 appellatum.
1726 2773 1869 2829 Idem
1911 2789 2046 2844 porri

2176 2779 2267 2837 οὖν
2305 2783 2569 2854 ἠθέλησεν
2615 2783 2881 2848 ἐπιδεῖξαι
2933 2782 3096 2836 αὑτὸν
3120 2824 3135 2847 ,
3174 2780 3337 2834 τοῦτο
3390 2778 3682 2849 ’Ἄνθρωπος
3705 2773 3722 2805 ⁸

495 2868 712 2925 Veritas
755 2884 881 2924 cum
931 2877 1100 2933 esset,
1154 2867 1417 2923 Veritatis
1459 2866 1783 2937 insignitum
1831 2866 2048 2918 nomine

2178 2874 2392 2945 ἐλέχθη.
2423 2873 2530 2938 Οὓς
2579 2874 2637 2929 δὲ
2683 2875 3074 2947 προελογίσατο
3105 2875 3195 2928 ὅτε
3244 2871 3549 2943 προέϐαλε,
3594 2866 3722 2921 τοῦτο

493 2960 860 3026 Quamobrem
893 2974 1018 3014 cum
1055 2967 1338 3013 ostentare
1372 2972 1432 3012 se
1473 2956 1655 3023 vellet,
1697 2955 1935 3025 idipsum
1964 2954 2046 3008 lio

2191 2964 2487 3035 Ἐκκλησία
2513 2964 2804 3037 ὠνομάσθη
2829 2980 2845 2994 ⁸
2879 2965 2971 3018 καὶ
3009 2964 3039 3015 ὁ
3070 2962 3395 3033 Ἀνθρωπος
3431 2959 3518 3013 τδν
3546 2959 3718 3025 Λόγον·

496 3051 699 3106 minem
756 3051 1121 3106 nominatum.
1160 3049 1309 3115 Quos
1353 3055 1537 3120 autem
1581 3061 1707 3102 cum
1749 3046 2049 3115 producere

2178 3046 2332 3118 οὗτος
2358 3055 2506 3109 ἐστιν
2539 3054 2568 3106 ὁ
2600 3056 2943 3126 πρωτότοκος
2985 3053 3133 3118 Υἱός.
3182 3050 3564 3106 Ἐπακολουθεῖ
3594 3047 3643 3101 δὲ
3663 3042 3722 3116 τῷ

498 3144 654 3213 prius
698 3143 882 3198 animo
917 3149 1220 3213 reputarat,
1264 3141 1352 3197 his
1391 3139 1652 3194 Ecclesiae
1682 3152 1883 3192 nomen
1914 3136 2051 3189 attrit

2180 3145 2339 3215 Λόγῳ
2379 3145 2474 3199 καὶ
2512 3147 2546 3217 ἡ
2583 3146 2727 3217 Ζωή.
2768 3146 2879 3199 Καὶ
2920 3143 3093 3210 οὕτως
3142 3143 3338 3217 πρώτη
3381 3140 3594 3211 Ὀγδοὰς
3625 3154 3722 3191 συν·

499 3236 710 3292 butum.
761 3235 936 3292 Homo
987 3251 1119 3290 vero
1164 3231 1402 3290 Verbum
1452 3230 1748 3303 produxit;
1790 3236 1956 3300 atque
1985 3228 2052 3281 hit

901 3251 936 3292 ο
987 3251 1119 3290 vero
1164 3231 1402 3290 Verbum
1452 3230 1748 3303 produxit;
1790 3236 1956 3300 atque
1985 3228 2075 3283 hic
2123 3294 2132 3302 ,
2178 3236 2449 3309 ετελέσθη.

495 3326 896 3397 primogenitus
945 3334 1031 3380 est
1067 3323 1260 3379 Filius.
1314 3321 1419 3376 Sed
1453 3321 1694 3377 Verbum
1726 3319 1847 3372 Vita
1877 3332 2077 3373 conse~

495 3418 712 3487 quitur.
742 3418 922 3486 Atque
951 3416 1027 3469 ita
1057 3414 1279 3486 Ogdoas
1308 3415 1485 3485 prima
1517 3412 1825 3468 coniicitur.

568 3506 743 3563 Porro
776 3521 975 3577 magna
1005 3515 1091 3562 est
1120 3507 1265 3561 inter
1298 3505 1420 3560 illos
1450 3505 1518 3559 de
1549 3504 1834 3558 Salvatore
1863 3500 2079 3555 dissen-

2251 3514 2427 3589 Πολλὴ
2459 3514 2516 3570 δὲ
2547 3517 2696 3588 μάχη
2725 3518 2857 3588 παρ’
2888 3515 3069 3581 αὐτοῖς
3100 3516 3194 3571 καὶ
3226 3515 3471 3586 περὶτοῦ
3494 3513 3721 3583 Σωτῆρος-

496 3596 604 3655 sio.
654 3597 890 3663 Quidam
936 3597 1084 3652 enim
1130 3612 1199 3651 ex
1241 3597 1498 3651 omnibus
1541 3592 1840 3649 conﬂatum
1889 3592 2049 3647 existi

2180 3612 2243 3664 Ui
2275 3611 2373 3682 μὲν
2412 3610 2521 3683 γὰρ
2551 3611 2713 3664 αὐτὸν
2742 3613 2806 3663 ἐκ
2829 3610 3047 3664 πάντων
3074 3610 3361 3679 γεγονέναι
3392 3610 3595 3678 λέγουσι
3614 3647 3627 3672 ,
3665 3601 3725 3657 διὸ

498 3695 692 3745 mant:
724 3697 892 3760 atque
947 3688 1072 3744 ideo
1118 3686 1482 3746 Eudocetum,
1536 3686 1641 3740 hoc
1684 3693 1771 3739 est
1821 3684 2051 3754 benepla

2181 3703 2275 3756 ml.
2295 3702 2600 3774 Εύδοκητδν
2630 3703 2933 3767 καλεῖσθαι,
2964 3704 3045 3756 ὅτι
3074 3702 3183 3755 πᾶν
3211 3701 3271 3754 τὸ
3300 3702 3577 3774 Πλήρωμα
3602 3694 3725 3769 ηὐδό-

500 3788 713 3835 centem
751 3787 1030 3841 vocatum,
1068 3778 1213 3849 quod
1260 3792 1386 3832 eum
1434 3775 1688 3831 Pleroma
1730 3790 1894 3830 omne
1927 3789 2050 3829 com

2179 3808 2384 3865 κησενο
2425 3794 2474 3847 oi
2523 3793 2579 3845 δὲ
2621 3793 2686 3846 ὲκ
2736 3792 2914 3863 μόνων
2963 3792 3069 3845 τῶν
3102 3790 3235 3845 δέκα
3269 3791 3490 3846 Aldiva
3520 3790 3617 3842 τῶν
3643 3782 3725 3839 ἀπὸ

498 3870 654 3924 humi
699 3869 773 3926 sit
812 3868 1009 3923 affectu
1042 3882 1107 3923 ac
1137 3867 1516 3923 benevolentia
1563 3873 1939 3936 prosecutum.
1974 3866 2051 3921 Ali

2181 3884 2356 3953 Λόγου
2398 3884 2493 3938 καὶ
2544 3883 2702 3956 Ζωῆς
2748 3883 3151 3955 προϐεϐλῆσθαι
3203 3884 3371 3938 αύτὺν
3408 3884 3644 3952 λέγουσι,
3675 3875 3728 3930 τὰ

500 3960 638 4017 solis
657 3975 724 4017 ex
752 3959 1024 4015 monibus
1039 3958 1252 4025 decem,
1270 3958 1363 4028 qui
1396 3972 1426 4010 a
1452 3954 1633 4012 Verbo
1658 3954 1891 4026 Vitaque
1934 3956 2053 4012 deri

2183 3974 2481 4047 προγονικὰ
2516 3954 2758 4045 ὀνόματα
2791 3954 2905 4048 [τὰ]
2937 3954 3268 4041 διασώζοντα
3292 3992 3307 4007 ο
3340 3978 3389 4030 οἱ
3441 3975 3497 4029 δὲ
3550 3975 3608 4027 ὲκ
3642 3968 3727 4024 τῶν

501 4054 615 4108 rati
645 4060 795 4114 sunt.
849 4052 1155 4124 profectum
1200 4052 1357 4106 illum
1408 4058 1686 4117 asserum,
1725 4059 2017 4117 eteorum,
2050 4068 2054 4103 :

2180 4069 2407 4124 δεκαδύο
2454 4068 2678 4124 Αίώνων
2730 4071 2839 4124 τῶν
2890 4073 2956 4125 ἐκ
2986 4050 3095 4125 τῶν
3147 4072 3243 4126 τοῦ
3305 4070 3609 4144 ’Δνθρώπου
3655 4062 3726 4119 καὶ

497 4144 702 4215 quibus
724 4150 906 4199 ortum
937 4144 1173 4212 accepit,
1212 4142 1512 4198 retinuisse
1540 4143 1785 4196 nomina.
1817 4141 1957 4196 Sunt
1988 4158 2050 4212 qu

2184 4161 2338 4231 Ζωῆς
2391 4160 2697 4231 γενομένων
2734 4178 2748 4191 ·
2803 4160 2895 4213 καὶ
2941 4160 3030 4213 διὰ
3082 4161 3244 4214 τοῦτο
3293 4161 3409 4216 υἱὸν
3439 4141 3725 4229 ⁷Ἀνθρώπου

498 4233 787 4291 δυοάοείω
814 4249 880 4290 ει
909 4233 1182 4291 βοιάδυε
1203 4273 1218 4300 ο
1247 4248 1391 4303 quos
1424 4231 1600 4288 Homo
1627 4247 1693 4287 ac
1725 4230 2084 4321 νὶιεαεθηυθτ
2182 4230 2469 4322 ὁμολογεῖ,
2509 4230 2713 4305 ὡσανεὶ
2750 4251 3018 4319 ἀπόγονον
3068 4251 3407 4324 Ἀνθρώπου.
3454 4253 3515 4305 Οἱ
3556 4249 3607 4302 δὲ
3646 4242 3726 4298 ὑπὸ

497 4327 630 4393 rint,
670 4325 999 4398 proﬂuxisse
1034 4326 1275 4381 sentiant
1307 4344 1320 4379 :
1357 4325 1427 4379 ob
1475 4325 1637 4395 idque
1674 4325 1845 4380 ﬁlium
1897 4324 2050 4381 Hemi

2183 4343 2278 4397 τοῦ
2302 4342 2562 4416 Χριστοῦ,
2603 4344 2698 4398 καὶ
2728 4344 2822 4397 τοῦ
2856 4344 3012 4412 ἁγίου
3042 4345 3363 4415 Πνεύματος
3394 4347 3473 4407 εἰς
3494 4343 3725 4413 στήριγμα

498 4421 587 4476 πίε
615 4418 827 4483 mutii
864 4419 1023 4492 Ψηδί
1052 4417 1304 4473 "ominis
1336 4424 1611 4487 Περοίθῖη·
1646 4415 1937 4472 Νοηηυιιίδ
1967 4416 2083 4487 Ρίθδ
2124 4504 2139 4505 7
2183 4433 2277 4488 τοῦ
2312 4415 2686 4505 Πληρὼματος
2714 4434 2997 4503 γεγονέναι
3034 4435 3285 4503 λέγουσιν
3319 4435 3477 4488 αὐτόν
3505 4449 3519 4462 ·
3550 4431 3631 4485 καὶ
3660 4424 3727 4480 διὰ

496 4520 587 4567 cet
610 4511 863 4567 eumdem
894 4526 934 4563 α
953 4508 1174 4564 Christo
1202 4517 1256 4563 et
1282 4507 1486 4577 Spiritu
1530 4515 1722 4564 sancto
1751 4509 1820 4563 ad
1859 4515 2049 4563 susten

2186 4526 2347 4581 τοῦτο
2385 4504 2619 4596 Χριστὸν
2664 4525 2919 4593 λέγεσθαι
2949 4527 3109 4580 αὐτὸν
3144 4527 3244 4597 τὴν
3275 4528 3367 4579 τοῦ
3403 4524 3627 4594 Πατρὸς,
3656 4517 3726 4587 ἀφ’

498 4603 724 4658 tandum
771 4601 1023 4657 Pleroma
1072 4601 1357 4672 genitum:
1392 4598 1625 4670 ideoque
1668 4599 1947 4655 Christum
1980 4613 2047 4669 ap

2186 4612 2248 4673 οὗ
2278 4615 2591 4690 προεϐλήθη
2618 4657 2632 4681 ,
2663 4615 3001 4680 διασῴζοντα
3049 4618 3440 4688 προσηγορίαν.
3477 4614 3641 4668 ’Ἄλλοι
3666 4607 3725 4685 δὲ,

498 4693 782 4763 pellatum,
817 4700 881 4745 ut
910 4691 1054 4761 ejus,
1083 4706 1115 4746 a
1144 4706 1254 4761 quo
1304 4697 1485 4744 ortum
1525 4697 1835 4759 acceperat,
1880 4704 2051 4744 nomei

2185 4708 2263 4771 ὡς
2293 4709 2469 4764 εἰπεῖν
2492 4747 2506 4773 ,
2539 4706 2686 4770 τινὲς
2729 4706 2787 4773 ἐξ
2833 4704 3013 4759 αὐτῶν
3045 4706 3281 4776 ῥαψῳδοὶ
3311 4705 3401 4758 τὸν
3444 4701 3728 4774 Προπάτορα

498 4785 793 4840 obtineret.
836 4782 940 4837 Alii
987 4796 1050 4837 ex
1110 4782 1327 4837 illorum
1379 4794 1632 4845 numero,
1671 4787 1732 4835 ut
1761 4781 1833 4836 ita
1869 4780 2048 4836 dicam

2184 4798 2294 4851 τῶν
2327 4799 2466 4852 ὅλων
2489 4837 2504 4860 ,
2537 4801 2630 4850 καὶ
2669 4798 2955 4869 προάρχην
2976 4839 2991 4867 ,
3037 4798 3133 4851 καὶ
3184 4797 3593 4868 προανεννὸητον
3630 4790 3728 4840 Ἀν-

498 4876 760 4948 rhapsodi
816 4890 1090 4932 summum
1166 4874 1549 4929 universorum
1621 4871 1944 4938 Parentem,
2013 4888 2051 4927 ai

2186 4889 2406 4961 θρωπον
2450 4889 2670 4957 λέγουσι
2698 4889 2982 4943 καλεῖσθαι
3008 4906 3023 4920 ο
3059 4890 3153 4942 καὶ
3178 4889 3324 4942 τοῦτ’
3357 4885 3494 4941 εἶναι
3535 4884 3589 4937 τὸ
3615 4879 3727 4951 μέγα

500 4973 736 5040 primum
774 4965 1132 5038 Principium,
1171 4966 1517 5037 primumque
1543 4965 1874 5037 cogitatione
1905 4967 2048 5034 maju

2188 4982 2291 5035 καῖ
2306 4983 2626 5053 ἀπόκρυφον
2658 4985 2986 5055 μυστήριονο
3018 4984 3099 5036 ὅτι
3141 4986 3174 5055 ὴ
3226 4984 3365 5055 ὑπὲρ
3400 4981 3466 5034 τὰ
3494 4980 3581 5033 ὅλα
3603 4974 3727 5027 δύνα-

500 5060 790 5118 Hominem
829 5061 1013 5116 vocari
1043 5058 1344 5125 definiunt;
1388 5057 1554 5128 idque
1582 5072 1835 5129 magnum
1866 5057 2000 5112 illud
2027 5074 2053 5113 e

2189 5091 2280 5144 μις
2306 5075 2395 5128 καὶ
2421 5076 2824 5147 ὲμπεριεκτικὴ
2854 5076 2963 5130 τῶν
2992 5077 3212 5129 πάντων
3247 5075 3557 5145 Ἀνθρωπος
3582 5064 3727 5121 καλεί-

502 5165 761 5210 arcanum
800 5168 925 5209 esse
954 5154 1298 5223 mysterium,
1332 5149 1479 5221 quod
1514 5150 1603 5204 illa
1632 5152 1847 5206 caeteris
1895 5151 2055 5205 omni

2185 5180 2274 5218 ται
2299 5181 2315 5196 ·
2348 5167 2547 5222 καὶδιὰ
2576 5167 2736 5222 τοῦτο
2759 5169 2873 5222 υἱὸν
2909 5167 3223 5239 Ἀνθρώπου
3256 5167 3444 5221 ἑαυτὸν
3480 5165 3637 5231 λέγειν
3658 5154 3727 5207 τὸν

503 5243 603 5301 bus
659 5245 999 5301 antecellens
1052 5244 1366 5313 omniaque
1419 5243 1711 5298 continens
1740 5242 1921 5297 virtus
1971 5240 2080 5295 llo-
2184 5256 2440 5329 Σωτῆρα,

500 5336 665 5391 minis
706 5337 1069 5406 appellatione
1118 5343 1461 5398 censeatur;
1515 5342 1571 5387 et
1626 5332 1836 5406 idcirco
1888 5331 2077 5386 Salva-

497 5429 674 5478 torem
705 5427 1057 5496 semetipsum
1092 5426 1343 5481 Hominis
1382 5424 1670 5479 nominare
1704 5398 1895 5478 lilium.

573 5514 637 5567 ll.
678 5513 958 5583 Ejusmodi
987 5527 1073 5574 est
1106 5518 1286 5588 inepta
1337 5514 1428 5570 illa
1467 5530 1532 5569 ac
1574 5513 1925 5570 commentita
1965 5514 2072 5569 Co-

2254 5518 2327 5569 B'.
2377 5517 2523 5590 Αὖτη
2572 5522 2730 5595 καὶή
2773 5523 2866 5576 τοῦ
2915 5519 3266 5590 Κολορϐάσου
3306 5518 3523 5591 μάταιος
3552 5509 3620 5580 τῷ
3647 5505 3724 5595 βίῳ

497 5598 706 5661 iorbasi
755 5606 1026 5673 doctrina,
1080 5624 1243 5679 quam
1277 5623 1476 5680 magno
1511 5608 1801 5664 verborum
1834 5606 2050 5678 strepiti

2184 5609 2277 5662 καὶ
2305 5610 2681 5684 φαντασιώδης
2708 5593 2795 5668 διὰ
2823 5614 2974 5685 ψοφη
2984 5612 3171 5682 μάτων
3205 5607 3498 5680 κενοφωνία
3516 5622 3530 5636 ·
3557 5603 3615 5673 ἢν
3648 5593 3724 5651 ἐὰν

575 5753 595 5783 ⁸
625 5748 688 5809 ξ’.
719 5758 864 5823 τούς.
899 5762 918 5793 ²
945 5760 1071 5817 Cor.
1101 5764 1159 5828 ἓξ
1185 5761 1314 5815 Ait-3.
1389 5764 1407 5794 ³
1429 5758 1490 5819 F.
1530 5765 1868 5837 Ἄνθρωπον.
