3934 6420
187 343 298 402 629

806 342 1181 402 ADVERSUS
1224 341 1573 401 IIAERESES
1610 342 1742 399 LIB.
1792 341 1837 398 l.
1879 341 2045 399 TOM.
2087 341 2179 399 Ill.
2217 372 2291 386 —
2329 342 2609 402 HERES.
2634 343 2852 404 XXXV.

3384 351 3491 409 650

188 464 502 537 καταμάθοι
541 483 663 532 τις,
694 465 904 523 εἵσεται
928 468 995 521 ἐκ
1025 465 1137 521 τῶν
1167 464 1274 539 πρὸ
1306 465 1471 521 αὐτοῦ
1492 506 1510 531 ,
1544 465 1620 530 ὡς
1642 479 1791 535 φιλο-

1898 468 2063 535 atque
2092 477 2294 535 pompa
2322 465 2378 519 in
2403 462 2657 521 homines
2691 463 2922 521 invexit.
2962 462 3138 532 Quam
3167 462 3216 522 si
3245 464 3373 536 quis
3401 463 3490 522 di-

184 555 350 627 τιμία
378 557 499 611 ἐστὶ
524 559 628 629 τῆς
657 557 892 613 ἑκάστου
924 559 1132 625 τούτων
1161 559 1442 627 ὑπονοίας.
1474 556 1787 624 Κενοδοξῶν

181 648 299 721 γάρ
326 649 558 716 ἕκαστος
579 690 596 714 ,
631 652 727 706 καὶ
754 651 1076 722 βουλόμενος
1107 650 1290 724 ὲαυτῷ
1324 651 1578 720 συνάγειν
1600 650 1787 723 ἀθροι-

185 755 341 812 σμα,
371 739 515 795 ὥστε
561 741 712 813 αὺτῷ
748 741 1014 807 ἕπεσθαι,
1046 741 1083 798 ἃ
1128 743 1424 815 ὑπεισῆλθε
1472 746 1541 815 τῇ
1588 741 1785 798 ἑαυτοῦ

185 832 373 904 ἐννοίᾳ
409 833 836 906 ὲψευδολόγησεν
862 872 878 898 ,
911 833 1039 888 οὗτε
1070 835 1214 890 κατά
1245 837 1586 909 προφητείαν
1614 828 1821 905 φθεγ-“

184 923 421 993 γὸμενος
443 923 525 995 (οὐ
558 925 668 998 γὰρ
698 926 924 996 Πνεῦμα
957 925 1112 994 ἅγιον
1144 925 1407 997 ἐλάλησεν
1447 927 1505 981 ὲν
1540 926 1785 998 αὐτοῖς),

182 1017 316 1071 οὔτε
347 1016 458 1070 ἀπὸ
506 1018 604 1088 τῆς
646 1017 757 1071 τῶν
798 1017 1096 1090 προφητῶν
1149 1019 1244 1072 καὶ
1276 1018 1627 1088 Εὑαγγελίων
1650 1019 1788 1092 ἀλη-

185 1106 342 1172 θείας
399 1109 506 1164 κᾶν
552 1110 685 1181 μίαν
720 1109 990 1182 πρόφασιν
1042 1110 1312 1182 ἐσχηκώς.
1370 1110 1676 1184 Ἀνατροπὴ
1728 1110 1789 1165 δὲ

184 1198 400 1253 τούτων
427 1199 647 1253 πάντων
690 1199 802 1276 τῶν
834 1200 932 1272 τῆς
958 1199 1315 1274 ψευδωνύμου
1346 1200 1600 1271 γνώσεως
1629 1201 1659 1254 ὁ
1689 1200 1790 1255 αὺ-

185 1289 281 1352 τδς
313 1288 573 1361 ἀληθείας
612 1289 752 1346 κατὰ
783 1290 893 1344 τῶν
945 1289 1179 1362 πρώτων
1231 1292 1417 1363 ῥηθεὶς
1462 1292 1641 1362 λόγος.
1675 1292 1788 1363 Τῆς

185 1375 302 1448 γὰρ
333 1377 688 1432 Οὐαλεντίνου
731 1379 929 1450 σχολῆς
980 1381 1076 1433 καὶ
1124 1380 1236 1435 τῶν
1269 1382 1376 1449 πρὸ
1427 1381 1593 1437 αὑτοῦ
1643 1376 1790 1436 οὗτοι

190 1469 396 1533 πάντες
446 1472 818 1543 ὑπάρχοντες,
884 1474 980 1528 καὶ
1028 1473 1120 1529 τὸν
1169 1473 1293 1528 νοῦν
1330 1476 1538 1529 ἐκεῖνον
1579 1476 1596 1506 ¹
1630 1474 1788 1541 ἄλλος

186 1562 371 1627 ἄλλως
416 1562 819 1635 ἐξηγησάμενοι
847 1608 863 1633 ,
906 1566 1005 1638 τὴν
1045 1565 1168 1638 τσην
1220 1568 1407 1632 αὐτοῖς
1460 1567 1790 1638 ὀφλήσουσιν

187 1655 477 1727 αἰσχύνην.
506 1657 767 1730 Μεγάλην
789 1658 899 1731 γὰρ
932 1660 1063 1731 ἡμῖν
1089 1659 1309 1732 ἀπάτην
1333 1661 1667 1731 κενοφωνίας
1695 1660 1792 1714 καὶ

186 1738 352 1811 οὗτος
382 1749 412 1803 ό
461 1746 805 1820 Κολόρδασος
846 1746 950 1822 ἦκε
984 1751 1186 1822 φέρων.
1225 1742 1469 1821 Ἐξέθετο
1517 1752 1626 1824 γὰρ
1657 1754 1789 1825 ἡμῖν

1901 556 2136 627 ligenter
2187 556 2613 622 animadvertat,
2662 555 2828 613 facile
2856 572 2924 613 ex
2957 555 3340 628 superioribus
3374 557 3488 614 bte-

1889 645 2078 703 reticis
2092 646 2380 719 intelliget,
2404 661 2622 704 omnem
2649 647 2800 702 illam
2823 647 3145 719 opinionum
3167 648 3487 706 varietatem

1890 739 1961 794 ab
2039 737 2343 794 ambitione
2404 740 2833 813 arrogantisque
2890 738 3218 812 profectam.
3270 739 3484 796 Etenim

1889 832 2273 903 unusquisque
2317 833 2507 905 gloria:
2540 834 2723 892 studio
2743 849 3070 902 succensus,
3105 843 3501 891 acsectatores

1891 925 2020 991 sibi,
2054 925 2204 981 velut
2234 926 2571 998 peculiarem
2600 928 2894 999 quemdam
2918 944 3162 1000 gregem,
3189 927 3499 984 conciiiare

1890 1019 2145 1090 cupiens,
2174 1018 2445 1090 quidquid
2471 1021 2886 1078 mendaciorum
2910 1023 2966 1078 in
2990 1021 3239 1078 animum
3266 1021 3488 1087 incidit,

1890 1118 2100 1167 temere
2149 1112 2308 1182 quasi
2365 1111 2689 1168 vaticinium
2739 1112 3017 1183 quoddam
3083 1121 3141 1169 et
3199 1113 3488 1169 oraculum

1891 1202 2057 1272 260
2102 1199 2373 1271 profudit.
2417 1198 2609 1272 Neque
2656 1203 2804 1258 enim
2841 1201 3083 1274 Spiritus
3124 1210 3352 1263 sanctus
3392 1217 3490 1274 per

1890 1309 1988 1351 eos
2018 1294 2241 1349 locutus
2270 1300 2394 1361 est;
2439 1309 2623 1365 neque
2655 1310 2725 1351 ex
2755 1294 3060 1367 praphetis,
3103 1301 3200 1350 aut
3239 1293 3487 1350 veritatis

1891 1385 2204 1457 Evangeliis
2253 1388 2343 1442 vel
2395 1386 2736 1444 levissimam
2782 1402 2977 1445 ansam
3028 1395 3085 1443 et
3136 1386 3486 1443 occasionem

1891 1477 2038 1532 nacti
2068 1485 2220 1534 sunt.
2268 1458 2636 1534 Ad‘istorum
2682 1494 2816 1535 vero
2863 1478 3059 1535 falsam
3088 1478 3377 1534 scientiam
3404 1492 3488 1534 re-

1892 1565 2189 1624 fellendam
2238 1567 2480 1639 pertinet
2515 1568 2608 1624 illa
2653 1583 2684 1624 a
2715 1583 2804 1625 me
2836 1575 3032 1625 contra
3069 1568 3288 1639 priores
3326 1567 3490 1623 insti-

1894 1667 2011 1715 tuta
2031 1661 2318 1717 verissima
2347 1662 2685 1734 disputatio.
2737 1660 2877 1717 Nam
2905 1677 2938 1718 e
2966 1660 3245 1717 Valentini
3297 1658 3492 1715 Valen-
3598 1692 3601 1695 -

1892 1750 2124 1821 tinoque
2167 1752 2520 1822 superiorum
2554 1752 2942 1808 haereticorum
2973 1751 3162 1809 schola
3188 1766 3382 1808 omnes
3411 1751 3491 1807 illi

187 1840 661 1911 ποιητευσάμςνος
709 1843 788 1914 τῷ
821 1844 1191 1917 ἀκαταλήπτῳ
1212 1886 1227 1910 ,
1260 1847 1356 1901 καὶ
1400 1848 1617 1920 ἀοράτῳ
1640 1889 1655 1914 ,
1697 1847 1791 1902 καὶ

1894 1842 2151 1914 profecti,
2200 1844 2283 1899 sic
2324 1854 2386 1900 ut
2418 1845 2569 1901 illius
2611 1852 2851 1900 mentem
2899 1844 2994 1898 alii
3044 1843 3202 1899 aliter
3231 1845 3492 1914 interpreo

187 1931 337 2003 ἁγίῳ
358 1932 479 2004 Θεῷ
505 1932 583 2003 τῷ
608 1937 786 2007 Πατρὶ
812 1935 920 1991 τῶν
942 1937 1081 1992 ὅλων
1107 1938 1283 2010 ὄνομα
1309 1939 1441 1993 ’Λνθ
1452 1957 1631 2011 ρωπος
1657 1958 1672 1973 ο
1701 1941 1789 1996 ἴνα

191 2024 430 2097 συζεύξῃ
466 2029 529 2098 τῇ
574 2027 769 2083 ἑαυτοῦ
823 2029 1002 2102 πλάνῃ
1041 2031 1134 2086 τὸν
1176 2031 1272 2085 τοῦ
1314 2033 1566 2105 Σωτῆρος
1608 2034 1786 2104 λόγον,

189 2116 498 2184 φάσκοντος
549 2118 743 2175 ἑαυτὸν
779 2120 908 2176 Υίὸν
954 2121 1271 2193 Ἀνθρώπου
1299 2165 1314 2190 ,
1346 2125 1441 2179 καὶ
1500 2126 1789 2198 μεταγάγῃ

191 2207 290 2279 τὴν
319 2208 558 2263 διάνοιαν
588 2210 698 2265 τῶν
726 2210 879 2282 αὐτῷ
910 2214 1274 2285 χρησαμένων
1320 2215 1427 2269 ἀπὸ
1453 2216 1552 2287 τῆς
1595 2215 1790 2287 ἀληθι-

190 2299 290 2370 νῆς
318 2301 415 2354 καὶ
447 2302 854 2374 ὲναργεστάτης
879 2304 973 2359 τοῦ
1004 2305 1241 2377 Χριστοῦ
1289 2307 1418 2379 περὶ
1455 2307 1618 2361 αὑτοῦ
1658 2311 1790 2379 ὁμο-

172 2384 416 2462 λογίας,
447 2395 528 2458 είς
574 2396 891 2467 ἀμηχανίαν
939 2396 1033 2451 καὶ
1084 2399 1422 2469 κενοφωνίαν
1456 2398 1549 2454 τοῦ
1581 2398 1787 2471 ζητεῖν,

191 2486 684 2559 ὑπολαμϐάνοντας
716 2491 775 2545 ὲν
796 2492 913 2555 τοῖς
938 2491 1284 2563 ἐπουρανίοις
1311 2490 1450 2548 εἶναι
1478 2492 1508 2546 δ
1540 2492 1615 2564 μὴ
1648 2492 1785 2549 ἔστι.

190 2580 386 2651 Δῶμεν
424 2581 531 2654 γὰρ
566 2581 752 2648 αὑτὸν,
784 2582 874 2637 διὰ
893 2584 954 2637 τὸ
978 2583 1074 2640 τδν
1094 2583 1260 2639 αὐτοῦ
1285 2584 1508 2656 Πατέρα
1544 2586 1792 2658 ΙΙἈνθρω-

190 2692 295 2728 πον
324 2674 643 2742 καλεῖσθαι,
673 2676 801 2735 Υἱὸν
863 2676 1177 2749 Ἀνθρώπου
1234 2677 1426 2733 ἑαυτὸν
1476 2676 1787 2749 ὀνομάζειν,

192 2766 288 2820 καὶ
325 2767 427 2821 οὐκ
463 2766 572 2820 ἀπὸ
618 2768 715 2838 τῆς
752 2769 991 2839 σαρκὸς,
1023 2764 1091 2842 ἦς
1142 2769 1335 2825 ἐλαϐεν
1383 2769 1495 2824 ἀπὸ
1531 2771 1791 2843 παρθενι-

193 2859 298 2928 ιιῆς
332 2858 577 2929 μήτρας,
608 2860 890 2914 τουτέστιν
927 2861 1036 2914 ἀπὸ
1077 2861 1300 2931 Μαρίας
1335 2861 1435 2931 τῆς
1474 2862 1636 2929 ἁγίας
1668 2880 1791 2931 γενε-

192 2948 379 3018 -ιηθεὶς
422 2948 513 3003 διὰ
541 2949 858 3020 Πνεῦματος
893 2950 1051 3020 ἁγίου
1079 2991 1095 3015 ,
1126 2950 1270 3005 κατὰ
1312 2952 1404 3006 τὸν
1429 2951 1523 3006 τοῦ
1551 2952 1789 3007 ἐλεεινοῦ

192 3039 540 3111 Κολορϐάσου
567 3039 756 3094 τούτου
781 3041 939 3110 λόγον
962 3058 977 3073 ο
1006 3040 1060 3094 τί
1099 3040 1166 3096 ἂν
1194 3042 1337 3095 εῖποι
1373 3042 1502 3115 περὶ
1536 3036 1599 3096 οὗ
1628 3044 1657 3096 ὁ
1688 3043 1788 3095 αὐ-

198 3134 287 3196 τὸς
336 3131 541 3204 Κύριος
587 3131 744 3204 ἡμῶν
787 3133 995 3204 Ἰησοῦς
1026 3133 1263 3206 Χριστός
1314 3152 1519 3207 φησιν,
1568 3135 1645 3200 ὼς
1672 3137 1787 3200 τοῖς

1814 3183 1858 3243 C

1893 1942 2165 2002 tarentur,
2207 1937 2328 2007 pari
2375 1951 2568 1993 omnes
2598 1936 2902 2008 ignominia
2936 1935 3170 1993 notandi
3198 1944 3351 1994 sunt.
3381 1934 3490 1993 Sed

1893 2024 2042 2080 haud
2087 2026 2396 2082 mediocres
2442 2042 2576 2082 sane
2606 2025 2674 2081 ad
2702 2025 3069 2082 cavillandum
3098 2041 3274 2097 nugas
3295 2025 3491 2083 Color-

1890 2115 2061 2171 basus
2112 2115 2218 2172 iste
2274 2117 2435 2172 nobis
2492 2116 2699 2172 attulit.
2756 2113 3044 2186 Siquidem
3085 2117 3302 2188 poetico
3335 2131 3490 2172 more

1891 2208 2088 2263 ludens
2118 2207 2342 2263 Parenti
2372 2208 2618 2263 omnium
2654 2222 2718 2264 ac
2748 2208 2861 2265 Deo
2907 2209 3287 2274 sanctissimo,
3323 2223 3486 2280 quem

1890 2313 2054 2354 nemo
2091 2300 2558 2371 comprehendere
2597 2310 2693 2357 aut
2730 2316 3006 2372 usurpare
3052 2301 3245 2358 oculis
3283 2308 3487 2373 potest,

1895 2389 2149 2449 Hominis
2188 2408 2389 2450 nomen
2422 2394 2650 2461 afﬁnxit,
2695 2403 2754 2450 ut
2790 2394 2861 2450 ad
2896 2409 3143 2452 errorem
3174 2410 3335 2453 suum
3373 2394 3490 2449 Sal-

1889 2482 2099 2539 vatoris
2138 2499 2453 2540 sermonem
2490 2485 2835 2558 adjungeret,
2870 2486 2963 2557 qui
2997 2501 3058 2543 se
3095 2485 3265 2540 ﬁlium
3297 2483 3489 2540 Homic

1888 2573 1979 2628 nis
2033 2587 2160 2630 esse
2208 2572 2384 2641 dixit;
2426 2588 2492 2630 ac
2541 2575 2898 2630 familiarium
2948 2589 3177 2633 suorum
3203 2575 3421 2631 animos
3453 2588 3487 2628 a

1890 2663 2111 2721 sincera
2142 2667 2520 2749 etlperspicua
2557 2666 2768 2725 Christi
2807 2669 2877 2724 de
2915 2667 3100 2739 seipso
3138 2665 3489 2723 confessione

1890 2758 1958 2814 ad
1980 2759 2271 2831 perplexas
2299 2766 2352 2814 et
2379 2759 2690 2831 implicatas
2727 2760 2966 2833 ineptias
2996 2758 3277 2816 conferret
3307 2777 3322 2816 :
3356 2759 3487 2815 dum

1852 2847 1943 2907 'in
2001 2852 2322 2908 cmfcstibus
2378 2854 2486 2909 illis
2539 2854 2677 2909 locis
2733 2869 2799 2910 ea
2845 2869 2968 2926 quae
3022 2870 3298 2925 nusquam
3348 2862 3483 2910 sunt

1890 2943 1996 3000 sibi
2035 2958 2159 3000 esse
2205 2944 2561 3016 persuadent.
2602 2943 2673 3000 Ut
2715 2945 2862 3000 enim
2907 2947 3104 3005 demus
3132 2946 3290 3013 illud,
3321 2962 3390 3001 ex
3420 2961 3488 3003 eo

1889 3033 2039 3105 quod
2073 3033 2240 3104 hujus
2272 3042 2430 3105 pater
2457 3033 2634 3090 Homo
2667 3035 2739 3092 sit
2768 3036 2974 3101 dictus,
3014 3035 3271 3095 Hominis
3314 3045 3490 3093 semet

1890 3125 2197 3196 appellasse
2243 3124 2433 3192 filium,
2473 3140 2585 3181 non
2631 3127 2703 3183 ob
2745 3142 2867 3183 eam
2920 3142 3171 3193 carnem,
3215 3144 3377 3199 quam
3418 3143 3486 3184 ex

205 3220 480 3285 Ἰουδαίοις
521 3221 676 3291 ἔλεγε
694 3238 711 3254 ο
760 3223 897 3277 Νῦν
944 3221 1014 3277 δέ
1046 3241 1127 3293 με
1173 3223 1393 3292 ζητεῖτε
1433 3224 1783 3280 ἀποκτεῖναι

1897 3224 2056 3273 utero
2107 3214 2350 3286 Virginis
2402 3217 2635 3287 accepit,
2682 3219 2787 3274 hoc
2831 3226 2920 3276 est
2968 3219 3148 3276 beata:
3172 3219 3382 3286 Mariae,
3420 3235 3486 3276 ex

194 3313 512 3381 ἄνθρωπον
534 3353 548 3378 ,
585 3314 654 3382 ὃς
681 3313 798 3383 τὴν
824 3314 1119 3384 ἀλήθειαν
1149 3316 1291 3388 ὑμῖν
1314 3316 1631 3385 λελάληκα
1656 3358 1671 3381 ,
1703 3316 1785 3387 ἣν

196 3401 437 3470 ἥκουσα
456 3402 615 3474 παρὰ
640 3403 749 3458 τοῦ
771 3405 999 3474 Πατρός
1018 3421 1176 3475 μου;
1206 3407 1319 3461 Καὶ
1340 3405 1526 3462 οὐκέτι
1550 3390 1786 3463 ἐνταῦθα

194 3490 319 3547 εἷπε
345 3534 361 3558 ,
413 3494 506 3549 τοῦ
547 3494 864 3568 Ἀνθρώπου
914 3497 1128 3569 Πατρός
1178 3512 1312 3570 μου’
1348 3498 1485 3553 ἀλλά
1515 3498 1647 3571 περὶ
1685 3499 1785 3570 μὲν

195 3585 411 3658 Πατρὸς
441 3586 720 3657 ὁμολογῶν
742 3626 758 3652 ,
808 3586 940 3641 Θεὸν
987 3589 1081 3641 τὸν
1136 3587 1248 3641 τῶν
1299 3589 1437 3666 ὅλων
1495 3590 1743 3661 ὲσήμανε
1769 3606 1782 3621 ·

195 3678 330 3750 περὶ
354 3677 413 3731 δὲ
444 3679 637 3734 ἑαυτοῦ
662 3721 678 3748 ,
704 3682 787 3734 ὅτι
814 3680 1237 3754 ὲνηνθρὼπησεν
1260 3721 1276 3747 ,
1318 3684 1376 3736 ὲν
1428 3681 1657 3757 ἀληθείᾳ
1684 3683 1785 3739 ἄν·

193 3771 419 3842 θρωπον
447 3772 641 3826 ἑαυτὸν
668 3772 929 3842 ἔφασκεν,
965 3775 1041 3838 ὡς
1072 3774 1168 3829 καὶ
1198 3775 1248 3828 οἱ
1273 3775 1564 3831 ἀπόστολοί
1598 3793 1785 3846 φασιν,

194 3862 285 3916 ἵνα
336 3865 370 3934 ἡ
411 3862 642 3934 ἀλήθεια
695 3866 1036 3938 πανταχόθεν
1074 3864 1353 3938 συσταθῇ,
1389 3867 1485 3920 καὶ
1534 3866 1787 3939 γνωσθῇ,

194 3952 365 4008 πόθεν
394 3952 511 4008 ἐστὶ
542 3955 612 4009 τά
644 3956 722 4025 τῷ
759 3956 949 4028 Κυρίῳ
983 3956 1224 4029 ὀνόματα
1255 3955 1597 4027 συναφθέντα
1623 3974 1636 3988 ·
1686 3958 1795 4026 Ἰη-

193 4044 359 4099 σοῦν
409 4044 598 4114 ἄνδρα
631 4047 1139 4119 ἀποδεδειγμένον
1180 4051 1270 4116 είς
1311 4047 1474 4118 ἡμᾶς
1513 4049 1789 4120 σημείοις

193 4137 299 4192 καί
330 4136 535 4208 τέρασι
553 4178 569 4204 ,
605 4139 794 4195 καὶτὰ
818 4139 967 4212 ἑξῆς.

1564 4236 1613 4246 ,σε

1896 3324 2006 3382 qua
2031 3325 2129 3381 per
2159 3308 2426 3382 Spiritum
2479 3319 2732 3368 sanctum
2789 3320 2954 3368 natus
2999 3321 3105 3380 est,
3166 3321 3223 3368 ut
3282 3312 3487 3369 infelici

1899 3402 2205 3460 Colorbaso
2231 3404 2473 3476 placuit;
2519 3406 2649 3477 quid
2688 3405 2762 3461 de
2807 3407 2980 3463 altero
3031 3406 3125 3462 illo
3175 3405 3323 3462 dicet
3370 3421 3490 3463 εει-η

1902 3511 2067 3552 mone
2103 3494 2345 3563 Domini,
2378 3510 2507 3552 cum
2553 3497 2635 3555 sic
2676 3496 2896 3554 Iudaeos
2952 3496 3150 3555 affatus
3174 3496 3297 3554 est?
3330 3495 3490 3552 Nunc

1903 3606 1986 3644 me
2009 3590 2250 3661 quaeritis
2279 3589 2600 3671 interﬁcere,
2630 3590 2898 3647 hominem
2923 3591 3014 3663 qui
3039 3591 3313 3646 veritatem
3346 3590 3491 3645 vobis

1895 3683 2103 3737 locutus
2132 3698 2277 3751 sum,
2310 3699 2468 3753 quam
2502 3683 2686 3738 audivi
2710 3700 2744 3738 a
2775 3681 2944 3738 Patre
2972 3699 3087 3738 meo
3114 3681 3157 3737 ³.
3193 3681 3317 3737 Non
3342 3683 3489 3739 enim

1894 3776 1966 3832 ab
2016 3773 2252 3835 Homine
2304 3776 2467 3835 Patre
2521 3794 2646 3836 meo
2698 3778 2859 3844 dixit,
2908 3776 3007 3837 sed
3049 3780 3272 3835 Patrem
3327 3793 3490 3834 suum
3556 3852 3559 3859 ι

1897 3868 2225 3940 prtedicans,
2279 3874 2667 3931 universorum
2714 3870 2890 3929 Deum
2953 3874 3182 3931 indicat.
3241 3871 3312 3929 Se
3338 3886 3491 3939 vero,

1886 3961 1995 4042 .qui
2039 3969 2299 4020 naturain
2343 3964 2587 4021 hominis
2634 3965 2995 4036 suscepisset,
3044 3980 3172 4021 vere
3212 3964 3489 4020 hominem

1895 4054 2169 4124 appellat,
2223 4063 2284 4112 ut
2338 4064 2393 4112 et
2442 4057 2680 4128 apostoli
2713 4065 3026 4127 testantur;
3076 4072 3190 4129 quo
3242 4056 3493 4127 undique

1893 4144 2098 4203 veritas
2160 4148 2594 4215 corroboretur,
2670 4148 3123 4222 intelligaturqne
3188 4149 3338 4205 unde
3390 4149 3484 4202 illa

1899 4239 2132 4299 Domino
2165 4252 2295 4303 sunt
2330 4244 2595 4301 attributa
2624 4244 2950 4315 cognomina
2985 4265 2999 4301 :
3030 4244 3237 4311 Jeaum,
3290 4244 3491 4318 inquit,

1895 4340 2067 4394 virum
2121 4336 2473 4407 approbatum
2502 4337 2556 4392 in
2602 4353 2691 4393 vos
2726 4338 2893 4409 signis
2924 4354 2986 4393 ac
3029 4338 3284 4410 prodigiis
3309 4338 3352 4407 δ,
3382 4346 3489 4394 etc.

270 4443 339 4496 Τί
366 4441 547 4496 τοίνυν
581 4442 718 4514 πρὸς
747 4442 922 4497 ταῦτα
947 4443 1116 4514 φαίης
1137 4442 1227 4509 ἂν,
1255 4437 1301 4496 ὦ
1332 4442 1551 4496 πάντων
1578 4441 1791 4511 ἀνθρὼ-

1970 4433 2112 4502 Quid
2143 4432 2211 4487 ad
2251 4433 2368 4487 haec
2405 4432 2620 4489 hiscere
2650 4432 2903 4498 audebis,
2933 4432 3315 4490 infelicissime
3351 4447 3493 4487 mor-

198 4551 324 4588 πων
351 4533 718 4586 ἐλεεινότατεί
755 4533 945 4604 ἐπειδὴ
978 4532 1184 4587 ἀνωθεν
1235 4533 1392 4604 ἥκεις
1438 4530 1622 4602 φέρων
1659 4532 1796 4601 ἡμῖν

200 4624 403 4686 καινὰς
428 4622 722 4693 ὀνομασίας
740 4662 756 4688 ,
788 4623 883 4677 καὶ
917 4623 1156 4694 σεμνύνῃ
1182 4662 1198 4687 ,
1228 4623 1314 4692 ἐφ’
1346 4615 1427 4685 οἷς
1453 4621 1515 4675 τὸ
1535 4618 1631 4674 τοῦ
1674 4621 1799 4675 Ἀν-

197 4716 428 4790 θρώπου
458 4715 630 4786 ὄνομα
653 4715 804 4788 αὐτῷ
832 4714 943 4768 τῶν
970 4715 1190 4771 πάντων
1217 4713 1464 4785 Δεσπὸτῃ
1494 4713 1587 4767 καὶ
1620 4711 1799 4784 Πατρὶ

196 4809 317 4865 τῶν
338 4810 476 4865 ὅλων
516 4809 795 4882 προσάψαι
823 4809 1132 4881 ἐτόλμησαν
1160 4810 1217 4876 ²;
1256 4809 1343 4872 Ὧς
1364 4810 1445 4863 ⁴ἐκ
1470 4805 1663 4861 τούτου
1697 4822 1798 4859 κα-

197 4902 417 4959 λεῖσθαι
444 4902 537 4975 τὸν
570 4903 776 4975 Κύριον
808 4902 936 4957 Υίδν
974 4900 1312 4972 Ἀνθρώπου,
1354 4884 1446 4954 ’διὰ
1473 4898 1534 4952 τὸ
1558 4898 1650 4961 τὸν
1689 4898 1803 4950 Πα-

196 4992 343 5064 τέρα
372 4969 694 5062 Ἄνθρωπον
714 4990 1017 5048 καλεῖσθαι.
1034 4969 1178 5062 Eii-ps
1206 4993 1338 5063 ἡμῖν
1368 4988 1461 5043 καί
1490 5007 1612 5043 τινα
1637 4987 1803 5059 ἄλλην

200 5084 582 5155 προσηγορίαν
612 5083 692 5155 τῷ
720 5084 898 5157 Harp}.
932 5082 1300 5156 ἁρμόζουσαν,
1322 5082 1403 5147 τὸ,
1435 5081 1627 5149 ἄνδρα
1652 5080 1801 5134 ἀπο-

202 5174 614 5245 δεδειγμένον.
657 5176 795 5230 Ἀλλ’
824 5177 924 5231 οὐκ
955 5177 1022 5230 ἂν
1059 5176 1242 5247 εὕροις
1273 5175 1427 5231 ποτέ..
1456 5176 1525 5231 Εἰ
1552 5173 1663 5247 γὰρ
1709 5172 1803 5228 καὶ

203 5268 350 5340 ἀνὴρ
384 5268 671 5340 ἄνθρωπός
722 5271 841 5323 ὲστι
864 5310 880 5335 ,
922 5270 1017 5325 καὶ
1071 5269 1210 5342 πρὸς
1242 5267 1652 5338 άντιδιαστολὴν
1700 5266 1802 5336 τῆς

203 5361 467 5431 γυναικὸς
504 5362 599 5416 τὸν
627 5362 917 5435 ἄνθρωπον
948 5363 1117 5435 ἀνδρα
1156 5361 1430 5431 καλοῦμεν
1456 5399 1471 5424 ,
1520 5361 1672 5431 ὅμως
1703 5359 1806 5412 οὐκ

204 5453 277 5507 ἂν
311 5452 409 5507 xui.
453 5455 510 5506 ὲν
544 5453 720 5527 τούτῳ
755 5455 1176 5527 μηχανήσασθαί
1204 5473 1258 5509 τι
1285 5452 1593 5525 δυνηθείης.
1643 5453 1804 5505 Ἀνευ

200 5545 322 5617 γὰρ
371 5547 671 5617 σχημάτων
719 5548 814 5601 καὶ
864 5547 1042 5618 μελῶν
1061 5547 1090 5612 ,’
1105 5547 1355 5619 κρυφίων
1381 5560 1442 5599 τε
1470 5544 1566 5601 καὶ
1593 5542 1809 5617 ὁρατῶν

201 5635 352 5709 ἀνὴρ
382 5637 443 5690 οὐ
485 5637 775 5709 δυνήσεται
804 5637 1108 5695 καλεῖσθαι.
1151 5638 1402 5709 Λέγομεν
1430 5634 1540 5705 γὰρ
1576 5634 1673 5689 καὶ
1708 5633 1809 5705 τὴν

1896 4525 2130 4581 talium!
2174 4523 2267 4595 qui
2301 4538 2441 4579 nova
2489 4524 2738 4593 qumdam
2791 4523 3042 4579 inaudita
3087 4524 3311 4580 nomina
3345 4523 3495 4578 velut

1896 4631 1945 4671 e.
1981 4615 2122 4670 cmio
2177 4613 2336 4669 nobis
2387 4612 2553 4667 allata
2617 4610 2869 4668 venditas
2898 4652 2913 4678 ,
2970 4620 3135 4684 teque
3190 4612 3497 4667 insolenter

1897 4707 2185 4765 ostentas?
2243 4707 2487 4775 Quorum
2549 4705 2949 4761 vocabulorum
3007 4705 3183 4777 gratia
3244 4703 3505 4761 Hominis

1898 4817 2100 4858 nomen
2148 4799 2382 4855 Domino
2431 4799 2679 4854 omnium
2728 4813 2794 4853 ac
2846 4797 3066 4855 Parenti
3097 4798 3345 4854 tribuere
3381 4811 3494 4852 non

1901 4894 2161 4950 dubitas:
2189 4893 2351 4963 quasi
2397 4891 2665 4946 Dominus
2710 4890 2919 4946 idcirco
2947 4890 3121 4946 Filius
3151 4890 3393 4945 hominis
3423 4887 3493 4943 sit

1902 4987 2110 5050 dictus,
2166 4985 2314 5056 quod
2355 4984 2478 5053 ejus
2525 4984 2693 5039 Pater
2720 4982 2899 5039 llomo
2938 4989 3308 5052 nuncupetur.
3351 4980 3497 5034 Doce

1901 5087 1956 5134 et
1986 5080 2217 5132 alteram
2255 5074 2704 5147 appellationem,
2759 5075 2940 5130 Virum
2971 5074 3256 5144 probatum
3293 5112 3309 5138 ,
3344 5071 3496 5127 Patri

1901 5185 2228 5242 congruere.
2262 5169 2421 5243 261
2458 5168 2630 5240 Atqui
2682 5184 2967 5239 nunquam
3024 5166 3155 5223 illud
3213 5163 3496 5221 ostendes.

1903 5262 2145 5320 'Iametsi
2186 5264 2334 5318 enim
2382 5261 2467 5318 vir
2505 5262 2687 5318 omnis
2733 5262 2899 5317 homo
2937 5261 3031 5329 sit,
3080 5258 3496 5328 hominemque,

1905 5366 1966 5413 ut
1993 5371 2024 5410 a
2050 5355 2281 5411 muliere
2305 5352 2674 5418 discernatur,
2701 5354 3038 5425 appellemus
3061 5351 3262 5418 virum,
3292 5351 3499 5407 nullam

1904 5449 2034 5504 inde
2087 5460 2267 5503 tamen
2313 5447 2691 5503 calumniandi
2743 5462 2937 5503 ansam
2988 5454 3171 5518 potest
3231 5445 3498 5517 arripere.

1905 5541 2126 5596 Etenim
2173 5540 2296 5597 sine
2341 5548 2494 5597 certa
2545 5541 2734 5612 specie
2785 5540 3090 5613 habituque
3134 5542 3387 5615 corporis
3435 5552 3500 5593 ae

1908 5634 2112 5706 partim
2156 5633 2416 5702 occultis,
2447 5633 2650 5711 partim
2686 5633 3008 5707 patentibus
3052 5632 3318 5693 membris
3357 5647 3525 5688 unus

285 5796 302 5827 ¹
330 5792 399 5851 F.
426 5793 657 5861 ἐκείνου.
735 5799 755 5831 ³
796 5795 857 5852 F.
898 5794 1226 5869 ἐτόλμησας.
1293 5794 1313 5827 ³
1340 5792 1496 5851 Joan.
1528 5807 1650 5862 vin,
1684 5789 1774 5850 40.

1896 5789 2020 5848 Act.
2054 5806 2116 5861 ιι,
2148 5788 2238 5845 '22.
