3934 6428
511 355 603 412 ῆι

1939 352 1994 409 S.
2029 351 2372 408 ΕΡΙΡΗΑΝΙΙ

3652 352 3733 410 632

512 488 678 545 quam
722 473 902 531 virum
950 478 1324 533 nominamus.
1363 474 1577 533 Mulieri
1621 488 1789 546 porro
1831 488 1940 529 non
1978 474 2098 541 viri,

2217 462 2441 552 γυναῖκα
2470 446 2780 554 ἄνθρωπον,
2800 478 2916 533 ἀλλ’
2946 476 3045 531 οὐκ
3076 473 3263 546 άνδρσι
3292 473 3383 527 Διδ
3408 472 3497 527 καὶ
3518 473 3545 527 ὀ
3565 471 3738 543 ἄνθρω-

515 567 613 623 sed
643 568 885 624 hominis
929 584 1123 626 vocem
1167 569 1485 626 tribuimus.
1520 568 1703 636 Quare
1746 576 1981 639 utroque
2010 582 2105 639 ge-

514 674 647 716 nere
691 661 781 716 hic
820 668 875 717 et
914 661 1032 717 hac
1079 663 1244 718 homo
1282 661 1532 733 proferre
1569 661 1833 718 solemus.
1869 659 1977 717 Sed
2011 660 2104 716 ubi

515 767 797 822 generum
837 763 923 810 est
978 753 1371 827 distinguenda
1438 755 1784 825 proprietas,
1844 754 2104 809 feminam

514 844 785 910 mulieris,
813 859 1021 901 marem
1047 845 1154 900 viri
1175 845 1402 901 nomine
1437 846 1805 901 declaramus.
1838 843 1937 900 His
1958 844 2105 900 enim

515 937 732 995 duobus
778 938 1100 1003 vocabulis,
1150 953 1413 1011 generum
1465 938 1788 994 habitudine
1827 946 2102 1008 separata,

516 1047 685 1087 sexus
731 1032 1023 1101 utriusque
1065 1031 1360 1089 diversitas
1384 1032 1736 1102 exprimitur.
1768 1032 1838 1085 At
1864 1032 2105 1087 hominis

2204 590 2308 639 πος
2336 574 2568 645 λέγομεν
2590 611 2607 639 ,
2663 572 2758 627 καὶ
2803 573 2837 644 ή
2883 570 3191 641 ἄνθρωπος.
3243 564 3579 637 Διαιροῦντες
3608 565 3659 619 δὲ
3688 565 3737 619 τὸ

2204 667 2361 738 γένος
2394 666 2739 731 ἰδιαζόντως,
2783 664 2881 735 τὴν
2923 664 3021 733 μὲν
3058 662 3281 732 θήλειαν
3312 660 3539 727 γυναῖκα
3578 656 3740 713 καλσῶ

2209 777 2309 831 μεν
2328 799 2344 824 ,
2384 759 2477 812 τὸν
2504 758 2561 811 δὲ
2584 758 2791 829 άρῤενα
2819 756 3010 828 ἄνδρα.
3039 753 3188 824 Αὕτη
3231 751 3342 822 γάρ
3364 750 3618 822 διάκρισίς
3647 752 3740 804 ἐστι

2204 851 2300 905 τοῦ
2330 851 2524 920 γένους
2550 850 2782 922 ἄρρενος
2826 849 2922 903 καὶ
2952 846 3191 920 θηλείας,
3236 844 3299 897 τὸ
3331 842 3467 913 ἀνὴρ
3499 842 3585 895 καὶ
3608 842 3738 912 γυνὴ,

2205 941 2591 1015 διαιρουμένης
2625 942 2725 1012 τῆς
2749 940 2859 994 τῶν
2889 938 3065 1009 γενῶν
3093 936 3353 1008 σχέσεως.
3396 932 3742 1004 Ὀμωνυμιιιῶς

2205 1035 2265 1090 δὲ
2293 1033 2580 1107 ἄνθρωπος
2602 1034 2698 1088 καὶ
2727 1035 2756 1087 ὁ
2791 1031 2931 1103 ἀνὴρ
2957 1028 3054 1084 καὶ
3082 1031 3116 1100 ή
3148 1027 3287 1097 γυνὴ
3315 1025 3567 1081 καλεῖται.

513 1139 617 1178 rex
647 1123 870 1181 nonnisi
911 1123 1222 1197 ὁμωνύμως
1271 1132 1327 1181 et
1361 1124 1617 1196 ambigue
1672 1124 1854 1180 virum
1889 1139 1954 1178 ac
1980 1139 2105 1179 mu-
2222 1173 2239 1179 _

512 1215 702 1272 lierem
733 1218 1147 1288 complectitur.

583 1306 674 1363 Ill.
693 1306 827 1374 Qua:
857 1324 982 1364 eum
1019 1309 1095 1364 ita
1117 1324 1177 1367 se
1203 1309 1465 1379 habeant,
1493 1310 1699 1376 adeste,
1731 1325 1940 1383 quaeso,
1960 1297 2105 1368 servi

513 1398 609 1454 Dei
647 1414 845 1455 omnes
889 1407 946 1456 et
981 1384 1226 1457 veritatis
1257 1408 1571 1464 amatores;
1603 1400 1827 1471 planum
1879 1400 2032 1456 illum
2052 1409 2106 1457 et

515 1490 848 1545 nebulonem
883 1489 1248 1547 Colorbasum
1278 1491 1663 1547 vehementius
1724 1492 1993 1557 deridete,
2021 1493 2106 1549 vel

514 1585 696 1653 lugete
731 1584 915 1654 potius
962 1599 1059 1640 eos
1110 1583 1203 1653 qui
1253 1582 1467 1654 decepti
1524 1594 1672 1651 sunt,
1709 1598 1834 1639 cum
1872 1586 2105 1656 seipsos,

515 1683 632 1726 tum
661 1672 801 1727 alios
830 1687 996 1744 quam
1031 1672 1297 1743 plurimos
1338 1674 1714 1744 perdiderunt.
1772 1674 1887 1730 Nos
1920 1684 2105 1731 autem

513 1764 628 1820 Deo
666 1764 875 1836 gratias
913 1779 1162 1837 agamus,
1221 1765 1370 1836 quod
1409 1766 1784 1823 mediocribus
1837 1768 2106 1839 simplici-

514 1858 729 1927 busque
764 1857 948 1914 verbis
988 1858 1133 1915 ﬁlios
1185 1874 1318 1915 suos
1372 1860 1574 1916 veritas
1607 1868 1819 1916 rectam
1864 1862 1921 1917 in
1959 1863 2105 1918 viam

516 1953 693 2006 soleat
722 1951 1033 2019 deducere;
1061 1960 1258 2008 contra
1288 1968 1422 2008 vero
1460 1954 1666 2010 misera
1708 1956 1802 2010 illa
1837 1954 2106 2029 arrogan-

516 2042 714 2113 tiaeque
744 2042 906 2115 plena
926 2042 1204 2114 dogmata,
1233 2052 1288 2100 et
1313 2047 1593 2115 exquisito
1618 2046 1804 2103 fucata
1832 2048 2107 2105 lenocinio

515 2134 767 2205 dissipet,
808 2150 874 2191 ac
904 2144 1097 2209 pacate
1147 2138 1460 2210 leniterque
1489 2140 1857 2211 progrediens
1891 2150 2106 2198 evertat

514 2224 763 2283 funditus
800 2236 856 2284 et
885 2230 1234 2302 exstinguat;
1277 2240 1337 2286 ut
1375 2247 1443 2289 ex
1476 2232 1760 2304 prophetae
1787 2234 2107 2292 testimonio

516 2320 809 2404 manifeste
832 2322 1137 2394 colligitur.
1180 2323 1287 2392 Qui
1337 2325 1828 2397 nonnullosimpia
1852 2326 2106 2398 quaedam

515 2413 793 2470 uiriosius
846 2415 1266 2482 adsciscentes,
1318 2432 1384 2472 ac
1432 2418 1697 2474 scelerata
1752 2418 1944 2474 nescio
1985 2434 2110 2491 quze

515 2521 674 2561 suam
714 2506 786 2563 ad
807 2506 1059 2565 fraudem
1091 2510 1473 2581 excogitantes
1529 2511 1612 2567 sic
1646 2512 1969 2585 alloquitur:
1997 2512 2107 2569 Pro

515 2615 574 2652 eo
605 2600 747 2670 quod
769 2600 1039 2670 abjecistis
1068 2619 1265 2673 aquam
1307 2602 1472 2668 Siloe,
1506 2621 1625 2675 qua:
1657 2604 1801 2660 vadit
1819 2622 1938 2660 cum
1955 2607 2112 2663 silen-

522 2689 618 2754 tio,
652 2689 883 2745 adducet
917 2708 1073 2761 super
1110 2710 1200 2748 vos
1228 2693 1487 2749 Dominus
1512 2712 1710 2766 aquam
1731 2697 1902 2766 ﬂuvii,
1937 2714 2111 2769 regem

518 2779 919 2849 Assyriorum‘.
944 2782 1082 2838 Nam
1110 2800 1309 2855 aquam
1375 2785 1523 2843 Siloe
1579 2787 1735 2843 Missi
1799 2789 2110 2845 doctrinam

520 2876 873 2946 interpretari
906 2877 1054 2933 licet.
1098 2877 1234 2944 Quis
1283 2879 1374 2935 ille
1415 2894 1547 2935 vero
1578 2882 1720 2937 alius
1768 2890 1853 2940 est
1912 2892 2113 2954 prazter

516 2963 708 3018 Jesum
741 2962 1036 3021 Dominum
1071 2976 1327 3024 nostrum
1351 2984 1382 3023 a
1414 2968 1525 3025 Deo
1561 2969 1724 3027 Patre
1767 2974 2026 3040 missum,
2058 2985 2114 3032 et

518 3056 742 3126 quidem
795 3058 1189 3132 quietezquod
1235 3061 1372 3116 nihil
1405 3062 1654 3119 insolens
1713 3072 1809 3119 aut
1862 3065 2111 3124 l‘ucatum

518 3156 866 3221 perstrepat;
929 3153 1028 3208 sed
1079 3168 1211 3209 vere
1279 3169 1345 3210 ac
1413 3156 1639 3213 sincere
1696 3160 2111 3217 sanctissimam

521 3243 793 3314 Sponsam
822 3245 1071 3314 edoceat,
1101 3262 1266 3317 quam
1288 3248 1342 3303 in
1374 3247 1688 3305 Salomonis
1717 3249 1965 3310 Canticis
2021 3272 2120 3313 co-

518 3337 764 3394 lumbam
786 3339 857 3394 ob
887 3340 1146 3396 animalis
1184 3340 1603 3411 simplicitatem
1642 3350 1698 3396 et
1731 3350 2120 3406 mansuetudi-

520 3445 647 3486 nem
697 3431 1108 3504 puritatemque
1169 3434 1527 3505 cognominat
1561 3434 1626 3487 "3
1682 3433 1768 3501 Et,
1837 3442 1983 3510 quod
2038 3452 2124 3501 est

521 3523 886 3580 admiratione
907 3524 1147 3597 dignius,
1163 3526 1335 3598 .262
1359 3525 1600 3597 reliquas
1616 3544 1831 3597 omnes,
1852 3548 1973 3603 quae
1995 3552 2124 3592 cum

524 3617 720 3672 aliena:
758 3618 890 3682 sint,
927 3633 1129 3674 nomen
1156 3619 1331 3690 ipsius
1366 3630 1654 3690 usurpant,
1690 3626 2030 3685 concubinas
2060 3644 2125 3684 ac

523 3712 746 3780 reginas
808 3712 1079 3781 appellat,
1109 3712 1182 3768 ob
1225 3713 1670 3784 regiumChristi
1700 3733 1923 3785 nomen,
1977 3721 2124 3792 quod

526 3819 873 3874 unaquaeque
902 3804 1009 3859 sibi
1042 3804 1346 3861 insolenter
1368 3821 1631 3879 arrogare
1665 3812 1973 3866 contendit.
2012 3813 2124 3870 Sed

526 3899 631 3953 etsi
672 3898 996 3955 concubina:
1052 3898 1164 3954 sint
1218 3900 1501 3970 octoginta
1527 3943 1542 3967 ,
1588 3902 1694 3957 hoc
1733 3910 1819 3958 est
1847 3904 2122 3974 haereses;

529 4002 668 4058 tum,
698 3990 888 4061 puella:
918 4009 1165 4061 quarum,
1209 3993 1409 4064 inquit,
1445 4010 1550 4048 non
1598 4003 1679 4048 est
1717 4012 1991 4064 numerus,
2019 4016 2127 4053 una

417 4147 425 4154 ,
529 4097 711 4140 tamen
737 4095 815 4141 est
852 4087 1101 4142 columba
1147 4104 1284 4153 mea,
1345 4088 1580 4157 perfecta
1637 4091 1822 4145 mea’:
1865 4091 2123 4147 nimirum

529 4188 727 4234 sancta
753 4186 808 4234 et
838 4179 1119 4234 catholica
1160 4178 1427 4235 Ecclesia.
1453 4181 1587 4247 Quae
1620 4182 1876 4238 columba
1900 4184 2124 4254 quidem

529 4279 640 4336 est,
673 4279 735 4326 ut
766 4272 1031 4339 diximus,
1071 4273 1141 4328 ob
1194 4272 1363 4342 hujus
1398 4272 1517 4328 avis
1560 4275 2040 4330 mansuetudinem
2074 4284 2130 4330 et

530 4362 904 4417 innocentiam
950 4378 1015 4417 ac
1065 4364 1475 4430 sinceritatem;
1506 4364 1750 4433 perfecta
1775 4382 1929 4430 vero,
1970 4365 2126 4437 quod

530 4453 834 4522 perfectam
866 4468 897 4507 a
927 4453 1037 4508 Deo
1068 4453 1382 4518 scientiam,
1412 4456 1839 4528 absolutamque
1889 4458 1959 4513 ab
2006 4458 2128 4527 ipso

536 4546 821 4602 Salvatore
887 4562 986 4616 per
1062 4543 1328 4616 Spiritum
1406 4556 1659 4603 sanctum
1754 4548 2127 4618 cognitionem

536 4634 732 4708 adepta
762 4638 854 4695 sit.
874 4638 1044 4708 Igitur
1067 4654 1305 4708 sponsus
1362 4639 1500 4710 ipse,
1523 4655 1686 4710 quem
1704 4638 1932 4694 Missum
1962 4641 2135 4696 inter-

536 4730 741 4801 pretari
773 4731 921 4796 licet,
954 4731 1058 4786 hoc
1092 4739 1179 4787 est
1229 4730 1457 4796 Siloam,
1493 4746 1691 4802 aquam
1740 4732 1905 4788 habet
1933 4734 2133 4789 leniter

534 4824 954 4893 scaturientem,
991 4824 1304 4880 doctrinam
1337 4822 1552 4881 scilicet
1597 4839 1710 4879 non
1761 4824 1969 4895 ingenti
2004 4841 2133 4880 cum

534 4918 767 4992 strepitu
835 4933 900 4972 ac
975 4917 1195 4989 fragore
1270 4917 1636 4990 praecipitem,
1699 4931 1802 4973 nec
1853 4917 2005 4971 inani
2069 4933 2132 4979 se

535 5026 739 5084 pompa
764 5017 820 5066 et
853 5009 1154 5066 ambitione
1186 5008 1510 5080 iactantem.
1542 5008 1718 5078 Cujus
1740 5023 1948 5079 sponsa
1976 5011 2130 5064 mitis

536 5107 715 5161 instar
752 5104 1021 5159 columba:
1049 5116 1261 5158 veneno
1294 5109 1484 5167 caret;
1521 5116 1700 5172 neque
1730 5101 1967 5156 molares
1993 5101 2132 5155 den-

538 5198 622 5255 [es
643 5208 739 5254 aut
770 5200 993 5255 aculeos
1025 5197 1188 5270 gerit,
1249 5194 1562 5266 cuiusmodi
1603 5201 1891 5265 serpentes
1925 5193 2134 5249 habent

540 5292 633 5345 isti
664 5290 758 5360 qui
782 5306 994 5348 veneno
1025 5297 1257 5351 scatent,
1296 5301 1532 5357 quorum
1566 5286 1765 5357 singuli
1793 5285 2133 5356 praecipuum

540 5381 767 5449 aliquod
800 5383 1119 5439 mortalium
1165 5381 1354 5453 generi
1391 5378 1544 5433 virus
1576 5386 1857 5433 conantur
1919 5375 2132 5430 immit-

541 5476 697 5531 tere.
756 5485 819 5526 ac
846 5483 1153 5530 sectatores
1202 5488 1337 5529 suos
1376 5484 1758 5541 corrumpere.
1806 5468 2051 5535 Quorum
2104 5480 2136 5521 e

546 5571 780 5611 numero
806 5561 897 5617 ille
916 5573 1001 5620 est
1024 5565 1162 5636 ipse,
1184 5579 1347 5635 quem
1379 5561 1567 5616 divino
1591 5558 1790 5619 verba,
1812 5556 2137 5626 caelestique

546 5647 807 5723 praesidio
842 5651 1012 5714 fretus
1036 5658 1290 5729 detegere
1321 5656 1530 5719 studui,
1551 5670 1616 5710 ac
1642 5650 1927 5725 pbalangii
1957 5649 2137 5705 instar

2276 1299 2351 1355 I".
2392 1299 2612 1354 Τούτων
2662 1297 2842 1351 τοίνυν
2901 1294 3078 1358 οὕτως
3132 1293 3396 1364 ἐχόντων,
3456 1287 3609 1361 ἧκετέ
3643 1303 3742 1357 μοι,

2207 1396 2409 1458 πάντες
2452 1393 2590 1448 Θεοῦ
2624 1391 2840 1456 δοῦλοι,
2890 1392 2939 1443 oi
2986 1390 3086 1459 τῆς
3116 1386 3378 1456 ἀληθείας
3407 1382 3650 1455 ἐρασταί·
3672 1381 3744 1435 καὶ

2206 1488 2475 1558 γελάσατε
2511 1485 2603 1540 τὸν
2644 1481 2942 1539 ἀπατεῶνα
2986 1480 3081 1535 καὶ
3124 1480 3229 1548 άγύ
3239 1493 3373 1549 ρτην
3418 1472 3740 1547 Κολόρδασσν’

2212 1581 2412 1653 μᾶλλον
2432 1578 2491 1632 δὲ
2515 1577 2820 1648 πενθήσατε
2846 1574 2974 1637 τοὺς
2997 1569 3401 1642 ἀπατηθέντας,
3427 1566 3519 1620 καὶ
3542 1562 3743 1625 ἑαυτοὺς,

2210 1673 2306 1728 καὶ
2335 1671 2563 1734 πολλοὺς
2596 1667 2991 1729 ἀπολέσαντας.
3030 1662 3198 1717 Αὐτοὶ
3227 1661 3288 1715 δὲ
3321 1657 3443 1729 Θεῷ
3467 1654 3745 1728 εὐχαριστή-

2215 1780 2420 1836 σωμεν,
2449 1763 2526 1827 ὠς
2552 1760 2643 1816 διὰ
2691 1757 2905 1832 μικρῶν
2939 1756 3035 1811 καὶ
3084 1753 3277 1810 ἀπλῶν
3308 1751 3479 1821 λόγων
3506 1750 3538 1819 ἡ
3565 1745 3746 1836 ἀλήθεια

2135 1845 2180 1902 Β
2205 1834 2334 1921 τοὺς
2365 1854 2568 1926 ἑαυτῆς
2599 1855 2680 1916 εἰς
2717 1852 2837 1906 ὁδὸν
2870 1848 3087 1904 εὐθεῖαν
3131 1846 3354 1917 ὁδηγεῖν
3383 1839 3568 1905 εἷωθε’
3599 1834 3747 1891 καὶτὰ

2212 1948 2433 2021 σχέτλια
2456 1947 2554 2002 καὶ⁸
2580 1934 2930 2015 πολύκομπα,
2958 1940 3049 1995 διὰ
3081 1938 3288 2008 πολλῆς
3313 1934 3554 2008 μηχανῆς
3577 1929 3745 2021 ψ’

2210 2019 2475 2096 πισθέντα
2499 2078 2513 2102 ,
2551 2036 2997 2091 διασκεδάννυσιν
3022 2072 3038 2098 ,
3072 2028 3377 2102 ἀνατρέπει
3408 2025 3502 2080 καὶ
3540 2019 3746 2092 ἀφανίζει

2210 2133 2387 2205 ησυχῆ
2422 2129 2710 2201 βαίνουσαν
2742 2127 2817 2190 ὡς
2854 2123 3042 2194 σαφῶς
3070 2121 3220 2175 ἔστιν
3251 2118 3382 2173 ἰδεῖν
3411 2114 3521 2170 ἀπο
3538 2110 3747 2205 τοῦ

2210 2197 2442 2297 ςρητίὲῴῢ
2494 2223 2677 2291 λόγου.
2713 2215 2998 2287 Ἐγκαλῶν
3034 2213 3144 2285 γὰρ
3192 2214 3223 2265 ὀ
3255 2209 3538 2304 προφήτης
3578 2203 3671 2304 τοῖς
3695 2197 3749 2252 τὰ

2209 2315 2359 2373 δεινά
2390 2310 2932 2387 περιεργαζομένοις,
2968 2307 3063 2361 καὶ
3088 2305 3111 2337 ⁵
3143 2302 3443 2372 πολύφημα
3471 2299 3744 2390 ἐπινοοῦσιν,

2211 2412 2292 2475 είς
2326 2386 2534 2463 ἑαυτῶν
2560 2404 2779 2473 ἀπάτην
2802 2442 2818 2468 ,
2852 2400 3007 2469 έλεγε
3026 2415 3039 2429 ·
3068 2396 3174 2450 Διὰ
3199 2394 3268 2449 τὸ
3295 2393 3381 2463 μὴ
3412 2389 3598 2446 θέλειν
3627 2386 3747 2454 ὑμᾶς

2211 2500 2277 2555 τὸ
2309 2498 2466 2567 ὕδωρ
2498 2496 2605 2551 τοῦ
2636 2494 2873 2563 Σιλωὰμ
2898 2491 2966 2545 τὸ
2992 2487 3407 2558 πορευόμενον
3436 2478 3644 2552 ἡσυχῆ,
3667 2475 3747 2567 ἀγ·

2210 2594 2340 2663 άγει
2376 2566 2468 2660 ἐφ’
2502 2586 2660 2658 ὑμᾶς
2690 2586 2907 2654 Κύριος
2930 2583 2998 2637 τὸ
3035 2581 3196 2648 ὕδωρ
3229 2577 3339 2633 τοῦ
3374 2570 3643 2643 ποταμοῦ,
3669 2566 3749 2663 uir

2206 2658 2477 2751 ,βασιλέα
2515 2680 2636 2735 τῶν
2667 2678 3029 2746 ’Δσσυρίων.
3059 2673 3249 2741 ’Υδωρ
3281 2671 3391 2743 γάρ
3412 2665 3635 2735 Σιλωὰμ,
3661 2658 3749 2751 εστὶ

2212 2749 2532 2833 διδασκαλία
2559 2772 2657 2826 τοῦ
2691 2768 3131 2841 ἀπεσταλμένον.
3184 2768 3287 2831 Τίς
3332 2766 3378 2819 δ’
3420 2763 3483 2818 ἂν
3527 2760 3607 2830 εἴη
3631 2749 3749 2816 οὗτος

2214 2869 2330 2925 ἀλλ’
2364 2868 2398 2938 ἢ
2431 2866 2460 2919 ὁ
2492 2865 2699 2937 Κύριος
2723 2862 2886 2933 ἡμῶν
2914 2858 3158 2931 Ἰησοῦς,
3193 2858 3224 2910 ὁ
3268 2857 3378 2912 άπὸ
3400 2853 3493 2908 τοῦ
3523 2848 3640 2905 Θεοῦ
3665 2848 3748 2938 Ila-

2213 2960 2341 3032 τρὸς
2379 2936 2547 3013 αὑτοῦ
2590 2936 3046 3023 ἀπεσταλμένος,
3090 2947 3274 3020 ἡσυχῆ
3319 2948 3377 3001 δὲ
3421 2944 3505 2999 διὰ
3530 2944 3584 2997 τὸ
3625 2936 3749 3032 μηδὲν

2216 3029 2575 3121 καινόφωνον,
2624 3050 2762 3119 μήτε
2808 3042 3165 3107 ἐπίπλαστον,
3216 3040 3335 3094 ἀλλ’
3367 3041 3425 3093 ὲν
3451 3033 3655 3107 ἀληθείᾳ
3675 3029 3748 3097 τὴν

2218 3146 2382 3217 ἀγίαν
2411 3142 2577 3199 αὑτοῦ
2610 3140 2833 3213 νύμφην
2865 3138 2965 3210 τὴν
2992 3139 3121 3209 παρ’
3147 3135 3319 3191 αὐτοῦ
3355 3128 3655 3205 περιστερὰν
3679 3139 3751 3178 κα·

2221 3239 2511 3310 λουμένην,
2547 3234 2637 3290 διὰ
2675 3235 2739 3288 τὸ
2771 3235 2978 3289 ἄκακον
3006 3231 3100 3285 καὶ
3127 3230 3340 3300 ἥμερον
3374 3226 3466 3281 καὶ
3487 3219 3750 3310 καθαρώτας

2221 3305 2630 3393 τονττοῦζώου,
2682 3329 2740 3381 ὲν
2764 3328 2879 3390 τοῖς
2909 3323 3154 3396 ’ᾼσμασι
3179 3320 3278 3374 τοῦ
3312 3316 3636 3389 Σολομῶνοςς
3668 3305 3750 3363 Καὶ

2224 3425 2339 3478 ἔστι
2362 3420 2642 3493 θαυμάσαι
2675 3420 2717 3487 ⁸,
2749 3418 2851 3483 τὰς
2887 3418 2985 3489 μὲν
3017 3415 3187 3478 ἀλλας
3231 3414 3307 3486 μὴ
3323 3412 3487 3473 οὔσας
3501 3403 3663 3465 αὑτοῦ,
3682 3396 3749 3452 ἐπὶ

2222 3516 2280 3570 δὲ
2313 3514 2391 3587 τῷ
2412 3515 2640 3585 ὀνόματι
2668 3510 2833 3567 αὐτοῦ
2863 3508 3063 3572 ἑαυτὰς
3095 3506 3432 3577 κεκληκυίας
3456 3495 3747 3587 παλλακίδαςτ

2223 3581 2478 3681 ὠνόμασε
2509 3581 2618 3662 ⁷καὶ
2655 3604 2974 3676 βασιλίσσας
3007 3601 3098 3656 διὰ
3136 3600 3199 3654 τὸ
3241 3596 3519 3671 βασιλεῦον
3547 3581 3749 3660 ὄνομαῶ

2225 3700 2430 3772 ἑκάστη
2482 3699 2719 3771 Χριστὸν
2765 3692 3184 3767 ἐπιγραφομένῃ
3246 3693 3416 3762 ἑαυτῇ
3466 3682 3747 3757 σεμνύνεται.

2237 3796 2376 3850 Ἀλλ’
2414 3794 2463 3848 εἰ
2494 3793 2589 3847 καὶ
2611 3788 2947 3862 ὀγδοήκοντά
2976 3790 3080 3843 εἱσι
3107 3784 3412 3848 παλλακαὶ,
3440 3778 3623 3841 αἵτινές
3650 3777 3749 3827 εἰσιν

2225 3891 2283 3944 αἱ
2328 3866 2619 3960 αἱρέσεις(
2654 3884 2848 3938 ἔπειτα
2898 3881 2986 3945 δὲ,
3009 3878 3286 3944 νεάνιδες
3312 3919 3327 3942 ,
3361 3870 3448 3930 ὧν
3492 3873 3592 3928 οὐκ
3624 3867 3750 3920 ἐστιν

2225 3979 2488 4050 ἀριθμὸς,
2509 3977 2642 4049 φησὶ¹
2657 4020 2672 4045 ,
2685 3977 2795 4046 μία
2814 3974 2947 4028 ἐστὶ
2968 3969 3290 4043 περιστερά
3308 3986 3447 4040 μου,
3463 3963 3734 4050 τελείαμου

2225 4048 2505 4128 τουτέστιν
2526 4048 2664 4141 αὖτὴ
2690 4070 2822 4139 ἁγία
2843 4067 3053 4139 νύμφη,
3087 4067 3184 4120 καὶ
3207 4064 3467 4132 καθολικὴ
3491 4048 3748 4121 Ἐκκλησία-

2226 4166 2535 4238 Περιστερά
2572 4163 2695 4235 μὲν,
2719 4163 2793 4226 ὡς
2822 4162 2978 4232 ἔφην,
3004 4159 3092 4213 διὰ
3120 4160 3182 4211 τὸ
3210 4159 3439 4229 ἥμερον,
3458 4152 3545 4207 καὶ
3576 4148 3747 4238 ἄκακνν.

2228 4229 2323 4312 καί
2353 4229 2595 4327 καθαρὸν
2616 4252 2710 4306 τοῦ
2750 4229 2925 4316 ζώουί
2956 4248 3140 4302 τελεία
3169 4247 3250 4309 δὲ,
3277 4246 3366 4300 διὰ
3386 4243 3445 4298 τὸ
3474 4241 3562 4311 τὴν
3589 4229 3748 4325 τελείαν

2228 4353 2294 4404 ὲκ
2342 4345 2480 4402 Θεοῦ
2504 4326 2507 4327 ν
2529 4345 2716 4400 λαϐεῖν
2751 4343 2934 4415 χάριν,
2954 4340 3050 4395 καὶ⁵
3087 4339 3293 4408 γνῶσιν
3333 4336 3463 4406 παρ’
3506 4326 3649 4384 αὑτοῦ
3685 4334 3747 4415 του

2230 4442 2486 4513 Σωτῆρος
2517 4438 2605 4492 διὰ
2628 4412 2948 4507 Πνεῦματος
2967 4431 3150 4501 ἁγίου.
3185 4430 3358 4492 Αὐτὸς
3386 4422 3476 4480 οῦν
3506 4426 3532 4476 ὁ
3556 4412 3747 4513 νυμφίος»

2161 4545 2205 4600 D
2233 4538 2262 4590 ὁ
2306 4501 2792 4601 Ἀλεάταοῖμένοξ
2824 4525 3285 4599 ἑρμηνευόμενος,
3312 4517 3549 4575 τουτέστι
3564 4501 3749 4601 Euthia-Pi

2235 4627 2379 4697 ὕδωρ
2406 4625 2520 4696 ἔχει
2548 4592 2916 4694 πορευόμενον
2943 4592 3122 4689 ησυχῆ
3149 4654 3165 4680 ,
3200 4612 3444 4669 τουτέστι
3471 4592 3751 4697 διδασκαλίαγ

2232 4680 2468 4772 domino;
2484 4755 2498 4780 ,
2540 4680 2636 4769 καί
2684 4680 3021 4783 ἀψοφοποιδν
3038 4680 3185 4776 ,Πκαὶ
3228 4701 3655 4771 ἀφαντασίαστον,
3685 4680 3753 4738 καὶ

2230 4811 2606 4881 ἀκόμπαστον.
2663 4806 2727 4859 Ἦ
2774 4804 2833 4858 δὲ
2868 4801 3034 4857 αὑτοῦ
3071 4801 3261 4872 νύμφη
3313 4795 3405 4851 καὶ
3447 4789 3574 4859 αὑτὴ
3600 4787 3752 4881 ῆςνχος

2231 4873 2562 4977 περιστερὰ,
2619 4901 2759 4972 μήτε
2795 4898 2873 4952 ἰὸν
2916 4896 3118 4967 ἔχουσα
3139 4933 3155 4958 ,
3209 4893 3348 4964 μήτε
3393 4873 3751 4977 μυλοστομίδαςζ

2235 4958 2373 5070 μήθτε
2404 4958 2633 5066 κέντρα,
2662 4958 2738 5057 ῶς
2772 4984 2920 5047 οὗτοι
2946 4958 3159 5052 ’πάντες
3189 4958 3239 5041 οἱ
3270 4958 3659 5056 έρπετόμορφοι,
3685 4958 3752 5070 ἰαὶ

2236 5056 2314 5144 ἱδᾷ
2360 5056 2889 5150 ἀναὸλυστάνοντες,
2922 5082 3159 5145 ἕκαστος
3197 5070 3658 5149 φιλοτιμησάμενος
3683 5056 3751 5150 δη·

2232 5178 2489 5251 λητήριόν
2507 5195 2562 5230 τι
2590 5176 2668 5248 τῷ
2691 5148 2884 5247 κόσμιρ
2910 5148 3340 5233 κατασκευάσαι,
3366 5166 3455 5220 καὶ
3474 5148 3752 5251 λυμήνασθςιι

2232 5274 2361 5335 τοὺς
2391 5268 2543 5341 αὐτῷ
2576 5267 2931 5330 πεισθέντας·
2964 5258 3040 5319 ὧν
3077 5263 3174 5317 καὶ
3202 5257 3355 5322 οὗτος
3386 5251 3464 5319 εἷς
3503 5251 3572 5305 ῶν
3596 5234 3751 5344 :W‘l’x'd‘

2236 5383 2340 5431 νει,
2370 5368 2401 5419 ὁ
2430 5335 2668 5418 ἐνταῦθά
2704 5379 2794 5433 μοι
2821 5358 3182 5420 σπουδασθεὶς
3218 5350 3523 5427 φωραθῆναι
3541 5339 3617 5395 διὰ
3642 5335 3749 5433 ea?

2554 5416 2808 5527 βοηθείας
2842 5453 2944 5523 τῆς
2986 5416 3213 5515 ἀνωθεν,
3231 5416 3338 5502 ’καὶ
3367 5416 3671 5528 συντριϐῆναι
3694 5416 3750 5528 Si:

2372 5508 2678 5621 ξρέιῖᾆγνιέυ
2711 5508 3081 5619 ητραγνάθου
3122 5508 3352 5614 ἑρπετοῦ
3393 5508 3746 5623 “timavi

2235 5609 2312 5708 ὡς
2341 5609 2453 5698 ἀπὸ
2476 5609 2854 5714 ἀμερισδαίνης
2879 5609 2979 5708 τῆς
3010 5609 3300 5704 δικεῷάλου
3320 5626 3520 5701 ἐχίδνης
3536 5609 3747 5688 τμηθεῖσα

2141 3190 2185 3249 C

626 5803 645 5835 ⁸
674 5802 779 5858 lsa.
816 5822 934 5880 vni,
965 5812 1017 5868 6.
1088 5817 1107 5848 ³
1143 5813 1299 5869 Cant.
1328 5827 1389 5878 ll,
1434 5811 1517 5880 lO,
1561 5812 1659 5880 14;
1696 5827 1749 5877 ν,
1782 5809 1857 5880 2',
1894 5823 1970 5876 vt,
1997 5805 2050 5863 8ο

2225 5813 2337 5863 ant.
2363 5821 2438 5873 rt,
2472 5803 2528 5875 7,
2552 5801 2606 5856 8.
2686 5800 2708 5834 ⁸
2737 5800 2800 5856 ι’.
2824 5799 3182 5869 παλίμφημα.
3260 5796 3280 5827 ³
3308 5790 3474 5846 Deest.
3497 5778 3578 5842 ὡς·
