3934 6426
205 345 329 403 633

840 344 1212 404 ADVERSUS
1249 345 1591 404 HERESES
1624 346 1754 403 LIB.
1788 344 1828 400 l.
1865 344 2032 403 TOM.
2073 343 2162 402 lll.
2184 376 2254 388 --
2278 343 2557 402 HrERES.
2599 341 2843 399 XXXVI.

3376 342 3483 399 634

204 461 443 535 κεφαλὴ
485 460 545 516 ἐν
601 464 865 534 συντομία
914 463 1379 536 κατακλασθῖψαι.
1424 464 1717 538 Παρελθὼν
1747 464 1797 519 δὲ

1906 463 2191 528 obterere,
2262 458 2417 533 'quod
2476 458 2907 532 tetragnatbum,
2959 455 3066 513 hoc
3112 463 3199 512 est
3256 465 3482 525 quatuor

202 554 417 605 τοῦτον
467 550 651 618 πάλιν,
701 551 801 616 τὰς
856 550 984 624 ἑξῆς
1034 552 1414 625 διασκοπήσω·
1458 554 1556 608 ml.
1600 553 1804 617 ταύτας

204 642 458 711 διεξιὼν,
502 644 568 698 δι’
598 642 765 715 εὐχῆς
792 644 1022 714 αἰτήσω,
1057 643 1127 698 τά
1171 644 1271 714 μὲν
1300 646 1421 699 κατ’
1453 643 1624 708 αὑτὰς
1660 644 1802 698 κατὰ

213 734 485 805 αλήθειαν
512 734 747 802 ἐξειπεῖν
769 773 784 802 ,
818 733 1022 806 μηδένα
1047 734 1104 788 δὲ
1126 733 1366 810 βλάψαι,
1399 733 1434 804 ἢ
1468 734 1630 800 αὐτὸς
1668 732 1798 804 βλα-

206 830 404 899 ὅῆναι.

209 926 382 985 nent,
411 920 486 976 ita
536 935 605 976 ex
657 920 738 977 rei
786 919 1018 976 veritate
1073 918 1368 990 proferam,
1430 918 1579 974 nulla
1637 920 1700 971 ut
1740 913 1800 972 in
1827 929 2155 988 quemquam
2175 924 2339 989 atque
2359 916 2495 973 adeo
2520 917 2785 988 meipsum
2811 930 2880 971 ex
2905 930 2972 971 eo
3027 912 3180 970 fraus
3235 927 3299 966 ac
3356 925 3479 982 per-
3574 922 3582 929 ·

215 1011 402 1069 nicies
434 1011 724 1068 redundet.

611 1126 802 1181 ΚΑΤΑ
845 1126 1411 1193 ΗΡΑΚΛΕΩΝΙΤΩΝ,

416 1229 864 1309 Ἐξκαιδεκάτη,
903 1239 943 1307 ἡ
981 1239 1081 1293 καὶ
1118 1238 1439 1307 τριακοστὴ
1455 1239 1620 1309 ἕκτη.

284 1366 366 1422 Δ’.
384 1368 694 1440 Ἡρακλέων
708 1387 792 1432 τις
806 1368 992 1423 τοῦτον
1011 1370 1097 1423 τὸν
1112 1370 1363 1442 Κολόρόα
1370 1389 1459 1426 σον
1475 1372 1794 1444 διαδέχεται,

210 1459 315 1528 ἀφ’
350 1450 521 1529 οὗπερ
547 1461 595 1513 οἱ
625 1459 1048 1531 Ἠρακλεωνίται
1077 1461 1423 1533 καλούμενοι,
1452 1463 1605 1518 οὐδὲν
1631 1458 1794 1533 ἦττον

207 1550 322 1621 τῆς
380 1550 533 1622 παρὰ
570 1549 757 1605 τοῦτον
802 1553 1131 1621 κενοφωνίας
1164 1554 1494 1623 ἠσκημένος.
1547 1556 1658 1609 Καὶ
1695 1556 1795 1609 ὅσα

212 1644 323 1714 μὲν
362 1642 558 1696 ἐκεῖνοι
591 1642 831 1711 λέγουσι,
860 1645 954 1696 καὶ
996 1638 1146 1707 οὗτος
1179 1643 1419 1714 ὁρίζεται
1448 1645 1590 1699 κατὰ
1617 1646 1794 1700 πάντα

1904 553 2063 609 malis
2104 552 2388 622 prwditum
2444 560 2677 608 vocant:
2739 558 2834 606 aut
2891 550 3041 606 velut
3098 547 3482 619 amphisbaenae

1901 644 2145 715 bicipitis
2169 645 2371 716 viperae
2426 644 2704 700 desectum
2756 648 2922 713 caput
2979 640 3345 712 confringere.
3374 636 3482 692 Sed

1898 733 2005 790 hoc
2027 734 2236 792 omisso
2258 735 2502 805 reliquas
2533 750 2948 806 persequamur.
2969 733 3124 801 Quod
3146 732 3274 789 dum
3302 746 3484 802 aggre-

1899 825 2042 892 dior,
2061 828 2289 899 supplex
2317 842 2349 882 a
2378 827 2491 883 Deo
2525 830 2762 897 postulo,
2796 835 2859 883 ut
2883 842 3005 897 qua:
3032 825 3100 880 ad
3134 825 3255 881 illas
3304 822 3481 893 perti-

2229 1122 2511 1182 CONTRA
2555 1122 3150 1187 HERACLEONITAS,

2113 1233 2246 1301 Qum
2291 1244 2371 1290 est
2410 1235 2624 1291 haeresis
2653 1235 2704 1289 Χ
2721 1232 2815 1301 γι,
2856 1234 2934 1289 vel
2974 1231 3246 1287 XXXVI.

1967 1372 2008 1428 1.
2038 1373 2339 1432 Colorbaso
2363 1375 2608 1432 succedit
2633 1373 2954 1435 Heracleon,
2978 1388 3008 1428 a
3046 1387 3157 1443 quo
3198 1370 3478 1427 Heraclio--

1893 1462 2133 1518 nitarum
2172 1471 2323 1520 secta
2375 1465 2710 1529 nominatur,
2769 1461 3128 1516 nihilominus
3178 1475 3342 1529 quam
3369 1474 3477 1513 cae-

1901 1548 2005 1603 teri
2036 1550 2199 1620 nugis
2226 1565 2291 1605 ac
2317 1549 2619 1607 mendaciis
2648 1550 2972 1605 instructus.
3016 1547 3292 1617 Quidquid
3332 1548 3477 1602 enim

1900 1641 1970 1695 ab
1998 1641 2107 1697 illis
2155 1643 2444 1710 asseritur,
2503 1642 2593 1697 hic
2650 1650 2833 1697 tuetur
2870 1638 3211 1695 ac‘defendit
3256 1640 3477 1695 omnia:

205 1732 443 1805 τρόπον,
471 1728 559 1785 οἷα
580 1733 646 1805 δὴ
677 1733 737 1798 ἐξ
767 1734 948 1788 αὐτῶν
971 1734 1308 1806 ὁρμώμενος,
1338 1738 1432 1791 ml.
1456 1738 1586 1808 παρ’
1613 1737 1794 1792 αὐτῶν

1903 1737 2084 1800 utpote
2111 1732 2203 1802 qui
2237 1731 2306 1785 ab
2331 1731 2439 1786 illis
2460 1741 2637 1786 ortum
2670 1731 2874 1801 pariter
2908 1744 2971 1784 ac
2989 1724 3314 1783 venenatam
3333 1728 3478 1783 luem

206 1820 311 1875 τὸν
351 1821 428 1875 ἱὸν
457 1821 896 1896 ἀπομαξάμενος,
930 1824 1315 1897 περισσότερον
1361 1825 1417 1879 δὲ
1464 1826 1622 1897 δῆθεν
1665 1827 1804 1900 ὑπὲρ

208 1912 465 1976 ἐκείνους
501 1913 559 1968 ὲν
605 1913 784 1985 ἐαυτῷ
817 1914 1340 1987 ἀνατυπωσάμενόςσ
1361 1934 1504 1984 τινα,
1553 1917 1802 1989 βούλεται

210 2002 462 2067 ἐκείνους
517 2004 871 2075 ὑπεραίρειν,
931 2006 1019 2060 ἵνα
1076 2007 1171 2062 ml.
1235 2007 1415 2080 ἐαυτῷ
1483 2009 1803 2081 συναγωγὴν

209 2093 515 2165 ποιήσηται
546 2095 654 2149 τῶν
682 2097 1067 2168 ἠπατημένων.
1109 2092 1266 2152 Οὗτοι
1310 2099 1427 2171 γὰρ.
1464 2100 1682 2164 πάντες,
1722 2103 1803 2164 εἰς

209 2185 716 2255 ἑκατοντακέφαλον
750 2187 976 2251 ἑαυτοὺς
1028 2188 1480 2254 ἀνατυπὼσαντες
1530 2190 1723 2261 σῶμα,
1765 2191 1798 2262 ἢ

210 2275 699 2347 ἐκατοντάχειρον,
741 2276 832 2330 τόν
884 2294 1014 2331 ποτε
1070 2278 1441 2349 μυθευόμενον
1495 2281 1647 2351 παρὰ
1686 2283 1801 2345 τοῖς

208 2364 325 2419 τῶν
360 2364 628 2437 Ἑλλήνων
662 2371 916 2439 ποιηταῖς
958 2371 1299 2441 ἐμιμήσαντο
1333 2370 1538 2425 Κόττον
1566 2372 1599 2442 ἢ
1636 2372 1799 2443 Βριά-

208 2474 380 2527 ρεων,
411 2456 470 2510 δν
514 2458 608 2512 καὶ
637 2458 914 2528 Αἰγαίωνα
942 2460 1218 2526 καλοῦσιν,
1242 2461 1274 2533 ἥ
1296 2462 1495 2533 Γύγην,
1522 2463 1556 2534 ἢ
1584 2464 1674 2517 τὸν
1700 2482 1800 2518 κα-

206 2546 474 2616 λούμενον
503 2549 704 2620 Ἀργον
740 2549 832 2604 τὸν
865 2550 1303 2621 πολυόφθαλμον,
1335 2551 1479 2617 οἴους
1510 2555 1707 2606 ἐκεῖνοι
1740 2554 1799 2606 ἐν

205 2641 338 2701 ταῖς
360 2637 569 2692 ἑαυτῶν
597 2638 897 2710 ῥαψῳδίαις
921 2640 1327 2712 τερατεύονται,
1360 2643 1795 2714 ποιητευόμενοι,

210 2728 313 2780 καὶ
343 2727 592 2798 λέγοντες
623 2729 767 2799 ἔχειν
799 2730 889 2783 τὸν
935 2730 1036 2801 μὲν
1080 2731 1273 2785 ἑκατὸν
1304 2734 1508 2804 χεῖρας,
1542 2734 1636 2786 καὶ
1668 2734 1799 2786 ποτὲ

214 2820 317 2889 μὲν
337 2820 353 2851 ⁸
402 2822 740 2892 πεντήκοντα
781 2822 1041 2893 κεφαλὰς,
1075 2823 1203 2876 ποτὲ
1253 2822 1309 2875 δὲ
1357 2824 1547 2877 ἑκατόν
1568 2840 1582 2853 ο
1616 2824 1707 2878 τὸν
1739 2824 1797 2877 δὲ

212 2910 410 2965 ἑκατὸν
450 2911 775 2983 ὀφθαλμούς.
808 2915 919 2968 Καὶ
942 2915 1131 2968 τούτου
1167 2915 1328 2967 ἕνεκα
1365 2916 1499 2984 φασὶ
1543 2915 1632 2969 τὸν
1676 2917 1797 2988 Ἑρ-

214 3002 330 3072 μῆν
369 3002 651 3057 καλεῖσθαι
678 3004 1090 3078 Ἀργειφόντην,
1117 3006 1192 3071 ὡς
1219 3006 1310 3060 τὸν
1340 3007 1543 3079 ἷΑργον
1567 3007 1658 3059 τὸν
1700 3024 1796 3060 πο-

211 3091 559 3165 λυόφθαλμον
592 3098 979 3166 πεφονευκότα.
1007 3098 1162 3153 Οὕτω
1187 3099 1281 3153 καὶ
1312 3099 1516 3153 τούτων
1542 3100 1793 3164 ἕκαστος,

218 3185 545 3257 βουλόμενος
593 3190 770 3261 ἐαυτῷ
816 3191 991 3262 ἀρχὴν
1044 3190 1494 3264 προστήσασθαι,
1549 3190 1790 3262 κεφαλὴν

212 3278 498 3349 ὠνόμασεν
536 3280 744 3345 ἑαυτὸν,
777 3281 939 3353 ἕτερα
972 3283 1321 3355 ὁπεισφέρων
1361 3282 1513 3356 παρὰ
1556 3284 1655 3355 τὴν
1684 3282 1791 3337 τῶν

214 3370 548 3425 διδασκάλων
580 3370 756 3445 αὐτοῦ
803 3374 1192 3444 ματαιοπονίαν
1223 3375 1316 3428 ml.
1366 3372 1609 3446 μανιώδη
1649 3376 1794 3430 διδα-

1906 1822 2159 1878 traxerit.
2201 1820 2311 1877 Sed
2354 1822 2618 1877 nonnulla
2668 1829 2850 1876 tamen
2890 1836 2919 1874 a
2970 1835 3029 1876 se
3083 1818 3392 1889 excogitata
3427 1828 3482 1874 et

1904 1918 2138 1972 conﬁcta
2175 1917 2243 1972 ad
2286 1932 2476 1972 eorum
2528 1914 2816 1985 opiniones
2870 1911 3156 1980 adjiciens,
3218 1925 3481 1980 superare

1902 2011 2047 2076 illos,
2078 2025 2143 2065 ac
2172 2011 2450 2080 propriam
2506 2009 2610 2064 sibi
2639 2008 2884 2064 scholam
2918 2004 3199 2060 vindicare
3244 2004 3477 2060 studuit.

1902 2103 2118 2159 Etenim
2156 2118 2348 2159 omnes
2374 2102 2465 2159 isti
2492 2101 2770 2171 centiceps
2796 2114 2856 2155 se
2890 2098 2944 2152 in
2984 2112 3186 2168 corpus
3209 2111 3272 2150 ac
3301 2095 3480 2150 centi-

1901 2210 2126 2249 manum
2181 2192 2663 2256 transformantes,
2737 2190 3008 2262 gigantem
3076 2187 3229 2241 illum
3291 2187 3480 2240 nescio

1901 2302 2062 2358 quem
2113 2301 2145 2341 e
2200 2283 2516 2339 Graecorum
2566 2281 2767 2336 fabulis
2811 2280 3122 2349 exprimere
3163 2277 3477 2342 voluerunt,

1900 2376 2120 2432 Cottum
2155 2377 2373 2446 opinor,
2417 2382 2510 2432 ant
2571 2373 2881 2429 Briareum:
2937 2387 3103 2443 quem
3144 2378 3197 2425 et
3233 2368 3480 2440 Egeona

1899 2468 2193 2532 dixerunt,
2237 2475 2330 2521 aut
2385 2465 2593 2537 Gygen,
2647 2474 2742 2518 aut
2780 2463 2985 2534 Argum
3037 2461 3264 2517 infinitis
3315 2460 3477 2532 263

1899 2557 2073 2612 oculis
2101 2556 2420 2626 praiditum,
2462 2555 2772 2625 cuiusmodi
2816 2560 3087 2623 portenta
3111 2552 3228 2607 suis
3257 2551 3334 2605 illi
3362 2566 3482 2604 car-

1899 2648 2141 2704 minibus
2169 2648 2346 2703 solent
2373 2646 2705 2711 describere,
2733 2652 2792 2699 ut
2830 2654 3051 2699 centum
3083 2644 3240 2699 alteri
3256 2659 3477 2709 manus,

1899 2755 2023 2794 cum
2054 2739 2475 2811 quinquaginta,
2509 2739 2592 2793 vel
2628 2738 2792 2792 etiam
2841 2726 3095 2793 centenis
3158 2738 3479 2807 capitibus;

1899 2837 2117 2883 centum
2161 2829 2353 2883 oculos
2380 2812 2557 2883 'alteri
2614 2827 2880 2882 tribuant.
2941 2826 3117 2894 Quam
3148 2827 3218 2881 ob
3258 2842 3483 2881 causam

1899 2919 2229 2976 Mercurium
2259 2920 2442 2975 ferunt
2478 2919 2865 2989 Argiphontem
2906 2935 3029 2975 esse
3076 2919 3303 2982 dictum,
3338 2919 3483 2988 quod

1903 3011 2091 3065 multis
2118 3010 2420 3065 luminibus
2461 3008 2746 3080 praeditum
2802 3009 3007 3079 Argum
3058 3008 3340 3064 occiderit.
3390 3006 3483 3064 Sic

1902 3086 2119 3160 illorum
2173 3103 2403 3173 quilibet
2452 3102 2820 3173 principatum
2878 3100 3178 3166 affectans,
3237 3100 3480 3169 seipsum

1902 3202 2065 3265 caput
2083 3195 2341 3265 appellat,
2379 3202 2434 3249 et
2456 3208 2485 3247 a
2504 3200 2901 3264 praeceptorum
2923 3191 3137 3246 insanis
3162 3205 3225 3245 ac
3261 3190 3484 3245 furiosis

1894 3284 2241 3355 dogmatibus
2275 3283 2489 3338 diversa
2525 3280 2773 3353 qumdam
2828 3281 3121 3352 excogitat.
3163 3278 3366 3335 Verum
3414 3296 3484 3336 ne

1895 3377 1953 3431 in
1993 3374 2271 3446 praefando
2306 3376 2408 3430 sim
2449 3377 2687 3447 longior,
2710 3373 2777 3428 ad
2806 3389 2919 3428 rem
2948 3373 3121 3443 ipsam
3167 3372 3479 3443 aggrediar.

219 3466 467 3523 σκαλίαν.
499 3469 616 3524 Ἵνα
648 3469 704 3523 δὲ
757 3470 833 3542 μὴ
873 3472 952 3535 είς
980 3470 1112 3525 πολὺ
1160 3474 1334 3543 μῆκος
1373 3472 1552 3527 ὲλάσω
1598 3474 1694 3529 τοῦ
1741 3474 2031 3547 προοιμίου
2069 3472 2168 3544 τὴν
2204 3471 2492 3538 σύνταξιν,
2538 3472 2831 3544 ἐλεύσομαι
2872 3474 2951 3534 εἰς
2989 3470 3048 3524 τὸ
3103 3471 3480 3542 προκείμενον.

288 3584 366 3640 B'.
395 3584 710 3654 ’Πρακλέων
727 3586 905 3639 τοίνυν
927 3581 1102 3650 οὗτος,
1128 3586 1224 3639 ml.
1246 3588 1295 3639 οἱ
1321 3586 1417 3639 ἀπ’
1441 3586 1606 3642 αὐτοῦ
1634 3588 1796 3658 Ἥρα-

217 3677 525 3740 κλεωνῖται,
553 3677 627 3741 ὡς
653 3682 931 3750 προεῖπον,
955 3677 1158 3747 ὁμοίως
1185 3677 1394 3749 Μάρκῳ
1426 3678 1520 3732 καί
1541 3696 1651 3732 τισι
1684 3678 1792 3732 τῶν

217 3768 328 3839 πρὸ
370 3769 536 3823 αὑτοῦ
576 3770 706 3841 περὶ
746 3769 854 3823 τῶν
909 3769 1206 3837 Ὀγδοάδων
1256 3770 1493 3839 φάσκει,
1536 3770 1636 3840 τῆς
1679 3770 1793 3824 ἄνω

216 3862 363 3932 φημὶ
386 3862 479 3914 καὶ
506 3862 604 3931 τῆς
622 3860 793 3914 κάτω.
825 3861 1057 3914 Ἔπειτα
1078 3861 1135 3913 δὲ
1160 3862 1254 3913 ml.
1281 3859 1381 3923 τὰς
1400 3860 1663 3928 συζυγίας
1683 3859 1792 3913 τῶν

215 3954 510 4025 τριάκοντα
553 3951 773 4007 Αίώνων
816 3951 946 4015 ἴσως
985 3951 1215 4017 δοξάζει.
1251 3953 1571 4024 ’Ἄνθρωπον
1605 3952 1661 4006 δὲ
1696 3953 1793 4005 καὶ

217 4044 380 4108 αὐτὸς
411 4045 605 4113 φάσκει
630 4040 769 4097 εἶναι
792 4043 884 4097 τὸν
913 4043 1024 4097 ἅνω
1051 4044 1157 4097 τῶν
1181 4043 1317 4097 ὅλων
1340 4044 1580 4113 Πατέρα,
1608 4043 1665 4097 ὃν
1698 4043 1792 4097 καὶ

214 4134 389 4189 Βυθὸν
434 4134 861 4206 προσηγόρευσε.
912 4134 1172 4188 Βούλεται
1215 4133 1273 4187 δὲ
1314 4133 1478 4187 αὐτὸν
1511 4134 1605 4186 ml.
1634 4134 1795 4198 αὐτὸς

216 4228 400 4296 λέγειν
428 4229 563 4298 μήτε
590 4227 757 4297 ἄρρεν
789 4227 925 4297 μήτε
951 4225 1086 4295 θῆλυ
1106 4240 1125 4255 ο
1170 4224 1227 4291 ἐξ
1252 4224 1417 4277 αὐτοῦ
1441 4225 1496 4277 δὲ
1530 4220 1669 4278 εἶναι
1698 4224 1797 4297 τὴν

216 4318 327 4374 τῶν
365 4296 500 4374 ὅλων
537 4296 750 4391 μητέρα
771 4358 786 4383 ,
814 4296 881 4389 ἢν
912 4317 1007 4370 καὶ
1043 4316 1208 4388 Σιγὴν
1238 4317 1493 4387 ὀνομάζει
1522 4317 1617 4370 ml.
1642 4296 1797 4386 Ἀλήο
1831 4296 1877 4352 D

220 4411 393 4465 θειαν.
424 4412 546 4463 ’Δπ’
576 4411 744 4481 αὐτῆς
776 4409 831 4463 δὲ
861 4405 1001 4462 εἶναι
1032 4407 1130 4478 τὴν
1160 4406 1419 4477 δευτέραν
1466 4406 1676 4477 μητέρα
1703 4406 1801 4477 τὴν

221 4507 278 4560 ὲν
308 4502 447 4576 λήθῃ
481 4502 810 4574 γενομένην,
854 4502 923 4573 ἣν
966 4503 1062 4554 ml.
1096 4498 1351 4571 ’Δχαμὼθ
1385 4500 1479 4553 ml.
1512 4499 1673 4563 αὐτὸς
1703 4516 1801 4553 κα-

219 4595 333 4650 λεῖ·
368 4594 429 4661 ἐξ
455 4595 521 4667 ἧς
548 4594 731 4648 λοιπὸν
775 4592 844 4646 τὰ
878 4594 1054 4647 πάντα
1081 4594 1139 4645 ὲν
1170 4591 1508 4662 ὑστερήματι
1539 4589 1797 4659 κατέστη.

219 4684 477 4741 Βούλεται
509 4684 567 4739 δὲ
592 4684 813 4738 πλείονα
840 4683 951 4736 τῶν
972 4682 1079 4753 πρὸ
1101 4681 1266 4736 αὑτοῦ
1289 4680 1386 4735 καὶ
1411 4672 1567 4744 οὗτος
1596 4680 1798 4749 λέγειν,

221 4776 384 4832 ἅτινά
414 4777 529 4831 ἐστι
563 4775 720 4829 τάδε’
769 4776 908 4839 Τοὺς
933 4772 1302 4836 τελευτῶντας
1341 4772 1437 4825 ἀπ’
1466 4770 1666 4838 αὐτῶν,
1707 4771 1801 4824 καὶ

219 4871 315 4926 ἐπὶ
344 4869 638 4940 αύτὴντεὴν
682 4867 857 4934 ἔξοδον
888 4866 1224 4936 φθάνοντας,
1268 4865 1378 4919 ἀπὸ
1406 4864 1501 4919 τοῦ
1542 4879 1802 4934 προειρη-

223 4960 390 5033 μένου
426 4960 654 5032 Μάρκου
683 4959 784 5023 ea;
810 4958 1111 5031 προφάσεις
1143 4957 1379 5029 εἰληφὼς
1406 4996 1422 5022 ,
1458 4957 1641 5011 οὐκέτι
1679 4956 1801 5011 κατ’

220 5055 429 5107 ἐκεῖνον
471 5048 761 5122 λυτροῦται
788 5090 804 5114 ,
839 5050 975 5103 ἀλλὰ
1030 5048 1204 5112 ἄλλως
1233 5040 1387 5111 οὗτος
1423 5045 1801 5119 μεταχειρίζε-

217 5163 311 5201 ται
334 5186 349 5209 ,
383 5144 746 5216 λυτρούμενος
777 5142 936 5213 δῆθεν
971 5143 1081 5214 (42)
1117 5141 1255 5213 πρὸς
1299 5143 1365 5211 τῇ
1412 5140 1635 5211 τελευτῇ
1675 5140 1801 5203 τοὺς

221 5239 313 5291 ὑπ’
366 5233 532 5289 αὑτοῦ
579 5234 977 5305 ἀπατηθέντας.
1022 5233 1161 5286 Ποτέ
1190 5231 1300 5302 γάρ
1330 5247 1471 5295 τινες
1502 5229 1562 5295 ἐξ
1594 5229 1797 5297 αὐτῶν,

219 5329 400 5383 ἔλαιον
433 5325 588 5380 ὕδατι
632 5325 917 5398 μίξαντες,
961 5323 1313 5380 ἐπιϐάλλουσι
1354 5324 1419 5383 τῇ
1456 5321 1663 5393 κεφαλῇ
1700 5320 1796 5376 τοῦ

1965 3585 2030 3643 ΙΙ.
2058 3585 2356 3643 Heracleon
2394 3585 2561 3655 igitur
2583 3600 2704 3640 cum
2737 3585 2875 3649 suis,
2908 3590 2968 3638 ut
2990 3582 3250 3647 diximus,
3274 3584 3466 3640 eadem

1895 3687 2021 3729 cum
2059 3678 2266 3744 Marco,
2317 3679 2550 3748 aliisque
2605 3678 2699 3747 qui
2749 3674 2993 3731 Marcum
3033 3684 3473 3740 antecesserunt,

1892 3768 1961 3823 de
1998 3768 2373 3840 Ogdoadibus,
2408 3770 2694 3839 superiore
2752 3770 3013 3823 nimirum
3068 3776 3124 3823 et
3181 3768 3468 3832 inferiore,

1893 3860 2082 3917 sentit.
2111 3860 2317 3917 Deinde
2335 3862 2556 3932 triginta
2580 3859 2820 3915 Aionum
2859 3860 3012 3930 paria
3059 3859 3202 3914 baud
3240 3858 3479 3914 absimili

1894 3952 2111 4006 ratione
2165 3953 2470 4007 constituit.
2525 3951 2811 4006 Hominem
2878 3965 3100 4021 quoque
3156 3965 3475 4019 supremum

1898 4043 2145 4098 omnium
2217 4043 2507 4099 Parentem
2567 4042 2905 4113 pronuntiat,
2954 4057 3115 4111 quem
3156 4050 3210 4096 et
3252 4040 3482 4110 Bythum

1899 4133 2164 4186 nominat.
2220 4131 2481 4187 Eumdem
2512 4148 2614 4186 nec
2645 4147 2852 4185 marem
2899 4147 3024 4187 esse
3074 4146 3174 4185 nec
3224 4131 3483 4186 feminam

1902 4230 2078 4295 putat,
2119 4239 2150 4278 a
2178 4238 2288 4294 quo
2334 4224 2715 4279 universorum
2740 4231 2914 4278 mater
2940 4224 3191 4288 exsistat,
3233 4237 3394 4291 quam
3429 4230 3484 4277 et

1908 4315 2095 4386 Sigen,
2136 4324 2192 4373 et
2235 4314 2536 4371 Veritatem
2594 4316 2850 4386 appellat.
2907 4316 2989 4370 Ab
3029 4315 3132 4369 hac
3184 4315 3483 4371 secundam

1904 4415 2172 4473 matrem,
2220 4424 2343 4479 quae
2399 4408 2455 4463 in
2492 4408 2768 4463 oblivione
2811 4408 2988 4479 posita
3041 4417 3160 4471 est,
3214 4408 3484 4477 originem

1906 4501 2160 4565 traxisse,
2184 4517 2348 4571 quam
2378 4501 2683 4556 Acbainoth
2711 4500 2935 4571 perinde
2972 4507 3030 4554 ut
3056 4500 3149 4553 alii
3182 4506 3481 4570 nuncupat,

1902 4606 1933 4645 a
1964 4608 2070 4660 qua
2110 4592 2368 4662 deinceps
2424 4593 2479 4647 in
2528 4592 2741 4649 defectu
2777 4592 3078 4647 constituta
3108 4599 3236 4646 sunt
3278 4590 3482 4645 omnia.

1907 4679 2010 4736 Sed
2044 4683 2281 4752 amplius
2315 4682 2578 4753 quiddam
2632 4693 2795 4754 quam
2840 4682 3153 4752 superiores
3189 4696 3380 4736 omnes
3428 4680 3486 4734 in

1906 4773 2165 4842 opinione
2202 4790 2303 4831 sua
2338 4774 2543 4845 posuit.
2603 4773 2817 4829 Etenim
2855 4774 2949 4844 qui
2978 4789 3043 4828 ex
3095 4787 3286 4828 eorum
3324 4786 3486 4842 grege

1906 4866 2157 4921 morituri
2212 4874 2361 4933 sunt,
2404 4867 2754 4923 occasionem
2804 4874 3002 4921 nactus
3046 4881 3077 4918 a
3121 4865 3334 4929 Marco,
3375 4880 3485 4919 non

1906 4958 2096 5015 eodem
2132 4969 2316 5013 tamen
2367 4974 2478 5029 quo
2537 4957 2643 5013 iste
2699 4958 2861 5012 modo
2913 4957 3162 5024 redimit;
3198 4957 3292 5012 sed
3322 4957 3483 5010 aliam

1906 5050 2199 5119 quamdam
2238 5048 2513 5117 ejusmodi
2556 5048 2611 5101 in
2649 5047 2884 5102 salutem
2941 5045 3257 5100 vindicandi
3313 5044 3483 5099 ratio-

1907 5154 2033 5193 nem
2096 5139 2373 5193 observat.
2430 5137 2572 5191 Sunt
2636 5136 2782 5192 enim
2827 5151 2894 5190 ex
2952 5134 3086 5203 ipsis
3139 5134 3330 5204 aliqui,
3388 5134 3482 5203 qui

1906 5230 2085 5285 oleum
2115 5245 2256 5299 aqua
2287 5237 2644 5298 temperatum
2669 5228 2834 5298 capiti
2855 5226 3137 5281 morientis
3150 5234 3480 5296 aspergunt;

1906 5330 2244 5394 unguentum
2309 5322 2421 5388 alii,
2486 5321 2630 5391 quod
2690 5319 3100 5391 opobalsamum
3159 5326 3373 5385 vocant,
3429 5327 3484 5373 et

297 5530 315 5565 ⁸
337 5529 692 5601 Transposita
722 5528 825 5585 ista
847 5537 994 5586 sunt.
1031 5527 1173 5598 Lege
1198 5529 1404 5599 χεῖρας.
1434 5528 1524 5583 τὸν
1548 5527 1607 5581 δὲ
1627 5527 1797 5585 imre

1903 5528 1994 5598 φθ.
2021 5528 2112 5583 καὶ
2135 5528 2268 5583 ποτὲ
2298 5528 2423 5599 μέν.

295 5749 409 5817 (49.)
451 5746 863 5818 Λυτρούμενος
903 5746 1103 5817 δῆθεν.
1133 5744 1416 5821 Λύτρωσις
1452 5746 1543 5805 illa
1578 5746 1797 5820 baptisn'

1917 5754 2035 5805 erat
2068 5749 2146 5811 εἰς
2178 5745 2445 5819 λύτρωσιν
2477 5745 2779 5819 ἁμαρτιῶν.
