3934 6420
526 359 624 414 655

1947 352 2006 407 S.
2042 341 2391 400 EPIPHANII
3374 390 3382 397 .
3678 342 3756 401 ωδ

517 491 744 550 aquam,
775 478 1123 533 invocatione
1151 474 1375 548 quidem
1430 472 1620 530 eadem
1652 478 1907 534 utuntur,
1947 478 2114 540 quam

2220 458 2566 526 egemdvroc'
2592 458 2645 513 οἱ
2676 456 2737 512 δὲ
2769 473 2943 528 μυρον
2959 497 2973 523 ,
2995 457 3060 512 τὸ
3083 456 3376 528 λεγόμενον
3404 455 3755 527 Mecum,

518 579 573 623 et
604 567 848 622 Marcum
867 568 1186 623 adhibuisse
1217 566 1531 631 docuimus,
1573 562 1924 636 paucissimis
1948 574 2113 617 voca-

518 659 664 715 bulis
697 658 995 724 adiunctis.
1056 659 1131 712 Ea
1178 674 1345 730 porro
1378 668 1463 713 est
1507 656 1866 728 hujusmodi:
1919 652 2113 721 Maria,

519 750 709 818 upltar,
757 767 1142 821 egnamempsce
1195 749 1565 817 meuchaldia,
1639 764 1907 812 nossome,
1961 746 2115 808 dace,

432 905 443 915 .
520 843 833 912 aepharam,
866 858 1110 912 epseuva,
1149 841 1282 896 Iesu
1320 842 1574 895 nazaria.
1619 843 1754 907 Quae
1799 838 2025 911 quidem
2050 850 2118 893 eo

518 935 755 990 consilio
813 934 1043 999 faciunt,
1083 944 1142 989 ut
1194 935 1288 1006 qui
1343 935 1448 991 sub
1496 934 1705 990 exitum
1739 934 1867 987 vitae
1911 931 2118 987 talibus

518 1027 1058 1098 comprecationibus
1099 1027 1367 1089 instructi
1416 1026 1622 1081 fuerint
1670 1040 1797 1080 cum
1856 1038 2000 1104 aqua
2063 1030 2120 1078 et

517 1120 659 1183 oleo,
725 1119 843 1173 sive
890 1127 1174 1190 unguento
1231 1117 1587 1185 commistis,
1644 1132 1675 1171 a
1737 1114 2119 1186 superioribus

518 1206 916 1277 principatibus
978 1222 1045 1265 ac
1088 1207 1459 1278 potestatibus
1524 1205 1771 1262 cocnceri
1836 1204 2120 1275 viderique

515 1310 820 1373 nequeant;
874 1311 1040 1376 atque
1093 1312 1157 1358 ut
1207 1303 1439 1359 interior
1479 1302 1728 1373 ipsorum
1786 1301 1952 1356 homo
1985 1315 2119 1356 sur-

515 1410 641 1457 sum
708 1394 884 1467 possit
921 1394 965 1449 a~
1002 1395 1224 1451 nemine
1287 1402 1622 1466 conspectus
1666 1394 1920 1450 evadere.
1953 1392 2121 1467 265

516 1486 730 1559 Quippe
795 1487 1127 1558 corporibus
1187 1487 1311 1543 istis
1411 1492 1641 1542 censent
1715 1500 1841 1541 cum
1907 1485 2118 1555 reliqua

519 1580 672 1635 omni
724 1585 982 1634 creatura
1040 1577 1286 1645 relictis,
1332 1576 1616 1633 evolantes
1678 1577 1806 1632 hinc
1869 1576 2117 1647 ipsorum

520 1670 736 1725 animas
764 1668 1051 1732 Couditori
1070 1669 1165 1739 qui
1188 1669 1243 1723 iu
1267 1667 1487 1725 defectu
1527 1677 1804 1732 versatur,
1830 1669 2112 1732 assistere,

522 1760 836 1832 ibidemque
887 1760 1032 1831 apud
1082 1761 1237 1815 illum
1263 1760 1616 1816 commorari.
1657 1758 1766 1817 Sed
1790 1760 2111 1815 interiorem

520 1852 824 1917 hominem,
860 1853 955 1922 qui
986 1852 1167 1906 anima
1199 1852 1319 1923 ipsa
1374 1867 1716 1925 corporcque
1756 1852 1934 1924 magis
1979 1852 2112 1906 inti-

523 1957 646 1998 mus
684 1950 791 2005 est,
814 1942 983 1997 altius
1029 1940 1443 2014 eﬂ‘erri;quem
1489 1958 1558 1998 ex
1600 1942 1872 2013 superiori
1933 1941 2119 1997 Plero-

522 2040 669 2088 mate
710 2033 1020 2088 derivatum
1046 2035 1393 2089 existimant.

587 2121 676 2177 Ill.
718 2122 988 2178 Cmteium
1018 2141 1157 2196 quos
1181 2126 1248 2181 ad
1285 2142 1411 2181 eum
1442 2125 1665 2181 modum
1699 2125 1998 2191 illuserint,
2032 2124 2109 2179 ita

519 2216 799 2272 cohortari
850 2218 1048 2273 solent.
1098 2217 1225 2283 Ubi,
1264 2219 1546 2289 inquiunt,
1576 2220 1643 2274 ad
1690 2219 2033 2290 principatus
2062 2225 2119 2273 et

520 2314 822 2378 potestates
855 2320 977 2378 post
1019 2309 1232 2364 obitum
1276 2311 1536 2372 evolaris,
1579 2317 1855 2366 memento
1894 2310 2011 2364 haec
2037 2307 2117 2362 uti

518 2398 682 2454 verba
714 2399 962 2469 proferas
996 2419 1008 2454 :
1037 2399 1149 2473 Ego
1190 2401 1335 2470 ﬁlius
1364 2418 1398 2454 a
1429 2399 1615 2466 Patre,
1658 2410 1708 2455 et
1734 2417 1793 2455 eo
1825 2399 2007 2463 Patre,
2029 2398 2120 2470 qui

520 2501 643 2545 ante
673 2507 852 2546 omnes
890 2494 1121 2560 exsistit,
1158 2510 1220 2547 at:
1256 2495 1507 2562 prwsenti
1542 2503 1771 2562 tempore
1802 2492 1947 2562 ﬁlius
1978 2490 2114 2554 veni,

522 2591 579 2635 ut
607 2583 789 2637 omnia
845 2584 1193 2645 tam‘aliena,
1226 2600 1385 2654 quam
1431 2584 1642 2653 privata
1686 2599 1974 2645 cernerem,
2025 2596 2118 2634 nec

522 2673 733 2726 omnino
764 2682 941 2727 tamen
972 2672 1187 2737 aliena;
1228 2673 1319 2727 sed
1352 2672 1422 2727 ad
1451 2673 1745 2729 Achamoth
1775 2671 2115 2742 pertineni‘ia,

520 2779 639 2834 qua:
654 2780 771 2817 cum
802 2764 1002 2833 femina
1028 2766 1118 2828 sit,
1149 2763 1253 2819 sibi
1278 2765 1382 2819 ista
1412 2764 1721 2833 fabricavit.
1764 2763 1927 2833 Origo
1958 2775 2118 2832 porro

522 2872 639 2909 mea
660 2864 739 2910 est
773 2854 838 2909 ab
866 2872 925 2909 eo
959 2855 1141 2922 ducta,
1172 2857 1262 2927 qui
1308 2866 1429 2912 ante
1461 2873 1640 2911 omnes
1672 2855 1909 2921 exsistit,
1956 2868 2121 2923 eoque

521 2963 759 3009 rursum,
798 2946 936 3001 unde
959 2957 1106 3002 ortus
1148 2949 1597 3020 sum,regredior.
1641 2947 1774 3015 Qum
1804 2962 1928 3003 cum
1963 2945 2119 3001 dixe-

522 3039 613 3103 rit,
633 3037 866 3093 subinde
906 3054 936 3093 e
968 3040 1331 3109 potestatibus
1357 3048 1625 3112 ereptum,
1655 3039 1723 3094 ad
1738 3039 2116 3103 Conditorem,

2221 555 2318 608 καὶ
2356 551 2527 624 ὕδωρ·
2571 550 2673 625 τὴν
2704 550 2888 622 μέντοι
2917 550 3207 623 ἐπίκλησιν
3247 550 3433 623 κοινὴν
3458 550 3676 622 ἔχοντες,
3700 555 3759 620 ὡς

2215 647 2283 720 δὴ
2310 647 2405 701 καὶ
2427 648 2456 701 ὁ
2472 645 2585 716 πρὸ
2610 643 2778 699 αὐτοῦ
2794 643 3024 717 Μάρκος
3049 643 3306 709 ἐποιεῖτο,
3336 643 3472 715 μωιά
3492 642 3759 720 προσθήκης

2218 740 2383 794 τινῶν
2416 738 2725 811 ὀνομάτων.
2766 738 2831 792 Ἥ
2863 736 2923 792 δὲ
2957 737 3249 809 ἐπίκλησίς
3292 737 3442 792 ἔστιν
3480 737 3642 810 αὕτη·
3674 742 3761 794 Ms-

2218 832 2326 885 σία
2350 869 2365 893 ί
2397 830 2593 899 οὐφάρ
2617 869 2633 896 ν
2678 829 3034 899 έΐναμεμψὰ
3053 869 3068 895 9
3090 830 3458 901 μενκαλδίαο
3494 833 3760 901 νοσσθμὴν

2219 922 2366 976 dae):
2384 959 2399 986 ,
2429 920 2709 991 ἀκςραρὰν
2730 963 2747 989 ,
2774 921 3077 991 Mmoria,
3117 923 3313 990 Ἰησοῦ
3340 921 3594 993 ναζὶιρία.
3627 922 3763 979 Τοῦτο

2218 1013 2276 1067 δὲ
2308 1013 2576 1082 ποιοῦσιν,
2618 1014 2708 1068 ἵνα
2744 1013 2906 1084 δῆθεν
2933 1015 2983 1068 οἱ
3013 1014 3386 1086 λαμϐάνοντες
3415 1015 3508 1069 ἐπὶ
3540 1019 3603 1088 τῇ
3633 1016 3762 1088 ἐξόδῳ

2219 1106 2427 1170 ταύτας
2482 1107 2585 1170 τὰς
2630 1106 2992 1179 ἐπικλήσεις,
3036 1107 3137 1173 τὰς
3171 1107 3312 1179 μετὰ
3354 1106 3449 1163 τοῦ
3487 1107 3661 1173 ὕδατος
3691 1113 3763 1164 καὶ

2221 1197 2403 1250 ἐλαίου
2422 1236 2441 1261 ,
2472 1196 2593 1268 ἦτοι
2625 1194 2823 1268 μύρου,
2860 1197 3351 1269 ἀναμεμιγμένων,
3381 1199 3664 1270 ἅκράτητοι
3693 1200 3764 1268 γέ·

2219 1305 2441 1354 νωνται,
2476 1288 2571 1341 καὶ
2603 1288 2825 1359 ἀόρατοι
2854 1290 2976 1353 ταῖς
3010 1289 3126 1343 ἄνω
3152 1290 3350 1361 ἀρχαῖς
3391 1291 3485 1345 καὶ
3507 1291 3761 1359 ἐξουσίαις,

2220 1383 2300 1445 εἰς
2324 1381 2388 1434 τὸ
2411 1381 2721 1454 ὑπερϐῆναι
2748 1382 3000 1455 ἀοράτως
3042 1383 3136 1437 τὸν
3160 1383 3269 1438 εσω
3295 1383 3478 1437 αὐτῶν
3501 1384 3760 1457 ἄνθρωπον,

2222 1473 2408 1543 φασὶν,
2438 1474 2516 1537 ὡς
2541 1474 2652 1528 τῶν
2674 1473 2947 1545 σωμάτων
2974 1474 3180 1529 τούτων
3226 1476 3286 1530 ὲν
3328 1479 3395 1548 τῇ
3429 1475 3597 1530 κτίσει
3629 1493 3761 1532 mea.

2220 1563 2674 1635 λιμπανομένωνο
2707 1566 2807 1637 τῆς
2857 1564 2916 1619 δὲ
2943 1566 3128 1637 ψυχῆς
3176 1565 3360 1620 αὐτῶν
3402 1566 3760 1638 παρισταμένης

2219 1656 2299 1728 τῷ
2355 1657 2688 1729 Δημιουργῷ
2738 1657 2849 1711 ἄνω
2904 1658 2984 1729 τῷ
3034 1659 3094 1712 ὲν
3141 1659 3490 1731 ὑστερήματι
3539 1658 3759 1728 γεγονότι,

2220 1747 2362 1802 ὥστε
2394 1749 2492 1803 καὶ
2526 1750 2707 1803 ὲκεῖσε
2754 1751 3082 1821 καταμένειν
3121 1753 3255 1829 παρ’
3302 1751 3475 1822 αὐτῷ.
3513 1752 3763 1821 Ὑπερανα-

2148 1812 2192 1868 Β
2220 1838 2430 1894 ϐαίνειν
2461 1838 2519 1892 δὲ
2539 1879 2553 1905 ,
2587 1838 2665 1903 ὡς
2701 1838 2840 1911 ἔφην
2864 1812 3008 1903 ,αὸν
3057 1840 3168 1895 ἐσω
3207 1812 3502 1909 ἂνθρωποι)
3544 1812 3763 1909 ἐσώτερον

2216 1928 2397 2001 ψυχῆς
2436 1931 2533 1985 καὶ
2573 1929 2862 2002 σώματος’
2902 1931 2963 1986 δν
3008 1931 3074 2005 δὴ
3128 1932 3347 1988 θέλουσι
3388 1933 3564 2003 λέγειν
3602 1933 3659 1985 ὲκ
3692 1928 3762 1983 τοῦ

2218 2020 2427 2075 ἄνωθεν
2456 2020 2835 2093 Πληρὼματος
2866 2022 3318 2093 κατεληλυθέναι.

2291 2114 2364 2167 1".
2419 2113 2833 2183 Ἐγκελεύονται
2877 2114 2935 2168 δὲ
2986 2116 3101 2179 τοῖς
3134 2113 3282 2169 οὕτω
3321 2114 3456 2186 παρ’
3487 2114 3653 2178 αὐτοῖς
3691 2112 3763 2184 ἒμ-

2221 2206 2647 2276 πεπαιγμένοις,
2688 2206 2773 2259 ὅτι
2799 2206 2965 2277 φησιν
2985 2224 2998 2237 ·
3028 2206 3156 2259 Ἐὰν
3182 2206 3351 2277 ἔλθῃς
3381 2208 3473 2260 ἐπὶ
3504 2206 3597 2269 τὰς
3627 2206 3763 2276 ἀρχὰς

2220 2298 2317 2351 καὶ
2366 2299 2649 2365 ἐξουσίας,
2683 2297 2773 2370 ἔχε
2818 2300 2877 2352 ὲν
2914 2299 3107 2372 μνήμῃ
3147 2298 3277 2353 τάδε
3330 2301 3504 2353 εἰπεῖν
3546 2298 3666 2369 μετὰ
3688 2296 3763 2367 τὴν

2222 2390 2472 2445 ἐντεῦθεν
2496 2392 2787 2463 τελευτήν⁸
2827 2390 2977 2461 Ἐγὼ
2998 2393 3128 2457 υίὸς
3158 2392 3280 2445 ἀπὸ
3308 2390 3555 2460 Πατρός,
3582 2388 3763 2456 Harpe;

2221 2486 2516 2553 προόντος
2538 2523 2553 2548 ,
2574 2484 2713 2549 υἱὸς
2739 2481 2809 2535 δὲ
2848 2484 2919 2537 ἐν
2960 2481 3042 2548 τῷ
3070 2484 3326 2551 παρόντι
3347 2524 3362 2547 ,
3397 2480 3583 2555 ἦλθον
3609 2481 3763 2536 πάντα

2226 2576 2374 2630 ἰδεῖν
2407 2575 2480 2629 τὰ
2513 2574 2805 2643 ἀλλότρια
2837 2574 2938 2629 καὶ
2971 2576 3044 2628 τὰ
3070 2574 3191 2629 ἴδια
3210 2590 3224 2606 ·
3252 2576 3354 2629 καὶ
3378 2577 3489 2631 οὐκ
3523 2574 3762 2641 ἀλλότρια

2221 2667 2291 2721 δὲ
2319 2664 2629 2733 παντελῶς
2648 2709 2663 2734 ,
2701 2667 2864 2721 ἀλλὰ
2888 2666 3000 2736 τῆς
3042 2668 3317 2739 Ἀχαμὼθ
3338 2709 3353 2734 ,
3385 2668 3515 2736 ἥτις
3541 2665 3655 2722 ἐστὶ
3674 2664 3763 2731 θή-

2221 2763 2391 2825 λεια,
2448 2759 2547 2813 καὶ
2593 2758 2783 2813 ταῦτα
2810 2758 2997 2829 ἑαυτῇ
3034 2762 3312 2829 ἐποίησε.
3353 2760 3588 2830 Κατὰτω
3629 2756 3761 2811 δὲτὸ

2223 2852 2400 2922 γένος
2426 2853 2495 2906 ἐκ
2519 2851 2627 2906 τοῦ
2655 2853 2950 2923 προόντος
2973 2893 2991 2921 ,
3021 2852 3120 2907 καὶ
3151 2854 3482 2924 πορεύομαι
3509 2851 3673 2906 πάλιν
3698 2850 3761 2913 εἰς

2224 2946 2297 2999 τὰ
2336 2944 2491 3007 ἴδια,
2524 2945 2664 2998 ὅθεν
2694 2944 2990 3013 ἐλήλυθα.
3039 2945 3148 2999 Καὶ
3199 2944 3380 3000 ταῦτα
3414 2944 3647 3007 εἰπόντα,
3677 2941 3762 2994 δια-

2226 3038 2452 3108 φεύγειν
2481 3038 2581 3103 τὰς
2616 3037 2889 3104 ἐξουσίας,
2913 3037 3171 3109 ἔρχεσθαι
3205 3038 3265 3093 δὲ
3291 3039 3386 3094 ἐπὶ
3413 3040 3534 3105 τοὺς
3565 3038 3672 3103 περὶ
3693 3032 3760 3086 τὸν

521 3129 753 3200 ejusque
812 3130 1109 3200 stipatores
1176 3129 1424 3201 adusque
1485 3132 1719 3203 primam
1797 3127 2113 3200 Ogdoadem

2226 3128 2570 3200 Δημιουργὸν
2607 3128 2720 3182 ἄνω
2757 3128 2890 3201 περὶ
2935 3128 3034 3200 τὴν
3081 3128 3310 3203 πρώτην
3363 3131 3627 3198 ’ογδοάδα,
3663 3124 3761 3179 Βού-

520 3218 728 3276 cli‘erri.
762 3218 1047 3289 Siquidem
1102 3226 1229 3290 post
1286 3220 1605 3275 Creatorem
1640 3218 1806 3275 etiam
1845 3218 1938 3274 isti
1969 3216 2114 3272 int‘e-

522 3311 725 3368 riorem
777 3326 903 3367 esse
968 3311 1164 3365 volunt
1232 3310 1666 3375 licbdomadem,
1718 3310 2011 3380 ipsumque
2060 3311 2116 3365 in

524 3400 841 3471 septenario
897 3408 1148 3461 octavum
1179 3416 1324 3464 esse,
1375 3399 1470 3455 sed
1509 3399 1566 3453 in
1601 3398 1819 3455 defectu
1853 3406 1908 3453 et
1955 3401 2115 3470 igno-

522 3491 705 3546 rantia
763 3492 1146 3545 constitutum.
1172 3488 1379 3545 Jubent
1408 3490 1575 3561 igitur
1606 3504 1754 3555 eum,
1782 3490 1877 3560 qui
1906 3505 1972 3545 ex
2014 3491 2120 3546 hac

525 3580 638 3635 vita
666 3580 1005 3643 discesserit,
1038 3579 1357 3635 Creatorem
1415 3580 1646 3650 ejusque
1700 3582 1935 3637 comites
1970 3581 2115 3636 hunc

527 3672 584 3726 in
601 3672 825 3726 modum
859 3672 1101 3743 alloqui:
1142 3669 1252 3727 Vas
1284 3686 1387 3741 ego
1432 3686 1554 3727 sum
1586 3668 1889 3742 pretiosum
1920 3675 2116 3745 magis,

528 3778 693 3834 quam
748 3762 952 3818 femina
1000 3764 1094 3818 illa
1127 3778 1250 3835 quae
1291 3778 1390 3818 vos
1445 3763 1710 3818 condidit.
1747 3761 1804 3817 Si
1869 3768 2114 3821 radicem

530 3870 686 3911 suam
719 3864 904 3911 vestra
934 3863 1107 3911 mater
1167 3856 1404 3926 ignorat,
1424 3871 1527 3927 ego
1565 3857 1693 3913 novi
1720 3872 1806 3911 me
1834 3859 2034 3928 ipsum,
2064 3865 2120 3913 et

528 3945 677 4000 unde
706 3945 810 4000 sim
843 3944 997 4012 scio;
1025 3952 1191 4016 atque
1248 3946 1626 4016 incorruptam
1657 3948 1989 4020 sapientiam
2026 3950 2115 4004 in-

527 4046 687 4096 voco,
728 4047 852 4104 quae
881 4034 1025 4089 inest
1056 4035 1110 4089 in
1140 4035 1321 4097 Patre,
1362 4034 1671 4107 matrisque
1715 4045 1916 4093 vestra:
1943 4047 2120 4095 mater

520 4134 633 4195 est,
657 4126 780 4197 ejus
818 4143 941 4198 quae
979 4137 1209 4183 matrem
1247 4146 1356 4185 non
1389 4131 1575 4193 habet.
1610 4146 1674 4185 ac
1705 4147 1776 4187 ne
1821 4131 2117 4202 eonjugem

527 4218 755 4288 quidem
819 4236 1063 4287 murem;
1105 4222 1200 4277 sed
1244 4237 1276 4278 e
1322 4222 1527 4279 femina
1587 4231 1715 4278 nata
1761 4224 1962 4281 femina
2022 4240 2119 4281 vos

525 4312 821 4381 produxit,
862 4314 1059 4370 matris
1099 4315 1288 4387 ignara
1342 4331 1491 4382 suae,
1541 4306 1711 4388 seque
1770 4334 1893 4375 esse
1940 4319 2117 4374 solam

524 4403 874 4459 existimans.
901 4406 971 4459 At
1013 4421 1113 4477 ego
1157 4414 1392 4463 matrem
1446 4409 1568 4480 ejus
1625 4410 1858 4480 appello.
1905 4410 2120 4477 Quibus

2223 3221 2406 3276 λονται
2431 3222 2541 3293 γὰρ
2567 3224 2663 3276 καῒ¹
2687 3223 2843 3276 αὐτοὶ
2879 3223 3016 3295 μετὰ
3040 3223 3133 3277 τὸν
3172 3224 3519 3296 Δημιουργὸν
3550 3223 3677 3277 κάτω
3700 3214 3759 3272 εἷ-

2223 3331 2310 3366 ναι
2335 3312 2607 3384 ἑϐδομάδα
2631 3330 2645 3344 ’
2691 3314 2857 3368 αὑτὸν
2882 3313 2938 3367 δὲ
2969 3309 3110 3368 εἶναι
3149 3315 3208 3369 ὲν
3240 3315 3324 3388 τῷ
3352 3316 3559 3388 ἑϐδόμῳ
3597 3313 3758 3384 ὄγδοον,

2225 3407 2283 3459 ὲν
2335 3407 2672 3478 ὑστερήματι
2719 3406 2776 3460 δὲ
2810 3408 2905 3461 καὶ
2938 3408 3217 3481 ἀγνωσία·
3255 3410 3355 3465 καὶ
3387 3410 3561 3478 λέγειν
3598 3410 3652 3462 ὲκ
3680 3402 3760 3458 τῶν

2222 3497 2318 3551 τοῦ
2351 3498 2468 3569 βίου
2500 3497 2785 3563 ἐξελθόντα
2809 3502 2923 3565 τοῖς
2947 3501 3078 3572 περὶ
3101 3503 3191 3555 τὸν
3214 3502 3555 3575 Δημιουργόν
3575 3518 3588 3532 ·
3605 3495 3759 3558 Σκεῦός

2223 3590 2340 3661 εἰμι
2357 3588 2594 3661 ἔντιμον,
2620 3590 2822 3661 μᾶλλον
2850 3590 3002 3664 παρὰ
3025 3598 3126 3663 τὴν
3146 3592 3374 3663 θήλειαν
3390 3594 3488 3666 τὴν
3515 3593 3757 3664 ποιήσασαν

2222 3681 2388 3752 ὑμᾶς.
2426 3682 2490 3735 Ei
2526 3683 2561 3753 ἡ
2597 3683 2782 3755 μήτηρ
2810 3683 2964 3754 ὑμῶν
3010 3685 3199 3753 ἀγνοεῖ
3238 3687 3344 3758 τὴν
3386 3686 3582 3756 ἑαυτῆς
3623 3680 3755 3755 ῥίζαν.

2225 3771 2336 3841 ἐγὼ
2363 3767 2479 3826 οἶδα
2508 3772 2766 3843 ἐμαυτὸν,
2796 3775 2892 3828 καὶ
2918 3775 3175 3844 γινώσκω
3203 3777 3331 3831 ὅθεν
3360 3777 3477 3849 εξμί
3497 3795 3511 3809 ·
3558 3774 3642 3829 καὶ
3670 3776 3757 3826 ἐπι-

2225 3864 2499 3937 καλοῦμαι
2538 3865 2639 3939 τὴν
2675 3866 2952 3940 ἄφθαρτον
2985 3869 3223 3939 Σοφίαν,
3281 3872 3407 3942 ἥτις
3444 3869 3586 3925 ἐστὶν
3616 3869 3667 3921 ὲν
3700 3861 3757 3933 τῷ

2222 3959 2419 4030 Πατρὶ»
2454 3960 2641 4031 μήτηρ
2682 3961 2740 4014 δὲ
2778 3960 2878 4032 τῆς
2918 3962 3127 4033 μητρὸς
3150 3961 3310 4033 ὑμῶν
3339 3966 3440 4035 τῆς
3471 3963 3540 4034 μὴ
3574 3958 3756 4032 tum;

2226 4053 2466 4123 μητέρα,
2522 4051 2638 4106 ἀλλ’
2684 4050 2809 4105 οὔτε
2838 4052 3071 4121 σύζυγον
3119 4053 3362 4125 ἄρρεναυ
3402 4053 3582 4126 θήλεια
3603 4051 3650 4104 δὲ
3680 4046 3755 4101 ὑπὸ

2223 4144 2445 4217 θηλείας
2468 4144 2740 4215 γενομένη
2776 4144 3037 4216 ἐποίησεν
3062 4145 3211 4215 ὑμᾶς
3229 4186 3243 4211 ,
3286 4144 3552 4215 ἀγνοοῦσα
3579 4141 3658 4197 καὶ
3684 4137 3755 4208 τὴν

2226 4237 2441 4310 μητέρα
2469 4238 2662 4308 αὐτῆς,
2691 4238 2786 4291 καὶ¹
2812 4236 3049 4293 δοκοῦσα
3072 4237 3271 4310 ἑαυτὴν
3294 4234 3436 4293 εἶναι
3462 4237 3635 4309 μόνην.
3650 4227 3753 4299 Ἐγὼ

2221 4330 2279 4384 δὲ
2310 4329 2679 4400 ἐπικαλοῦμαι
2717 4329 2888 4399 αὐτῆς
2920 4330 3021 4388 τὴν
3058 4330 3292 4403 μητέρα.
3324 4324 3753 4394 Τούτους¹δὲτοῦς

2223 4423 2356 4495 περὶ
2388 4424 2480 4477 τὸν
2510 4422 2854 4494 Δημιουργὺν
2898 4421 3240 4488 ἀκούσαντας
3283 4425 3488 4495 σφόδρα
3539 4414 3753 4491 ταραχθῆ-

528 4495 736 4551 auditis
764 4498 1045 4554 Creatoris
1075 4500 1370 4556 factionem
1397 4516 1729 4572 magnopere
1779 4503 2116 4573 perturbari,

2228 4534 2337 4581 ναι,
2369 4517 2463 4571 καὶ
2480 4514 2833 4585 καταγνῶναι
2863 4514 3044 4569 αὐτῶν
3063 4515 3165 4586 τῆς
3188 4515 3363 4587 ῥεξης,
3388 4512 3587 4572 καὶτοῦ
3606 4512 3752 4581 γένους

529 4594 696 4659 atque
721 4590 991 4659 originem
1022 4606 1203 4659 suam,
1230 4595 1537 4665 matrisque
1588 4596 1854 4651 damnare
1905 4612 2114 4667 genus;

529 4679 710 4749 ipsum
737 4696 868 4735 vero
901 4682 996 4751 qui
1028 4683 1135 4739 ista
1164 4682 1388 4750 dixerit,
1419 4686 1650 4757 aluectis
1681 4689 1923 4744 vinculis
1975 4689 2113 4758 suis,

526 4781 584 4829 et
612 4775 829 4845 angelo,
877 4775 993 4831 sive
1044 4778 1248 4845 anima,
1284 4781 1563 4850 propriam
1615 4781 1672 4835 in
1697 4782 1883 4838 sedem
1932 4790 2115 4839 trans-

527 4864 680 4923 ferri.
746 4865 1079 4922 Existimant
1107 4870 1254 4924 enim
1320 4874 1627 4928 secundum
1673 4888 1877 4945 corpus
1907 4882 1962 4931 et
1993 4875 2119 4930 ani-

525 4973 673 5013 mam
702 4960 922 5014 tertium
966 4961 1229 5031 quiddam
1283 4963 1340 5019 in
1376 4965 1601 5021 homine
1630 4967 1884 5037 reperiri.
1937 4968 2117 5039 Atque

524 5051 643 5106 hinc
679 5060 830 5116 sunt,
849 5068 971 5123 qua:
1006 5053 1073 5110 de
1113 5055 1334 5110 illorum
1387 5058 1768 5129 redemptione
1803 5061 2117 5130 compcrire

526 5147 827 5215 potuimus.

600 5236 691 5293 IV.
720 5235 893 5294 Porro
924 5240 1180 5313 quisquis
1209 5241 1424 5313 judicio
1439 5245 1607 5311 valet,
1642 5244 1734 5301 ubi
1759 5245 2117 5303 inauissimas

530 5326 696 5385 hasce
723 5347 897 5402 nugas
928 5334 1188 5401 audierit,
1232 5336 1604 5407 sic'tanquam
1644 5339 1843 5395 mimos
1874 5337 2119 5396 fabulas-

533 5433 641 5485 que
679 5422 901 5478 ridebit.
932 5424 1048 5481 Hoc
1086 5429 1233 5484 enim
1266 5429 1483 5485 illorum
1518 5432 1755 5502 quisque
1781 5434 2035 5504 suscipit,
2058 5440 2118 5488 ut

538 5507 607 5561 ab
633 5509 860 5568 aliorum
895 5515 1149 5588 dogmate
1187 5519 1467 5578 diversum
1511 5525 1772 5597 quiddam
1806 5542 1907 5596 pro
1927 5526 2122 5583 volun-

538 5599 668 5654 tatis
693 5616 805 5659 suae
828 5606 1055 5668 libidine
1079 5615 1320 5679 sentiat;
1352 5634 1452 5673 nec
1484 5622 1593 5675 ulla
1623 5637 1711 5678 res
1738 5620 1899 5693 265
1936 5621 2118 5693 ipsum

622 5755 637 5784 ’
667 5753 728 5809 Ρ.
755 5762 961 5821 τούτου.
1038 5773 1059 5803 ⁸
1093 5770 1249 5827 Corr.
1283 5774 1523 5844 ἐλήλυθε.

2223 4610 2325 4680 τῆς
2379 4608 2614 4681 μητρός·
2652 4607 2815 4663 αὐτὸν
2864 4608 2921 4661 δὲ
2970 4607 3303 4680 πορευθῆναι
3337 4612 3418 4673 εἰς
3460 4608 3524 4662 τὰ
3552 4608 3660 4668 ἴδια,
3692 4598 3752 4672 ῥί-

2223 4701 2404 4771 ψαντα
2441 4700 2533 4753 τὸν
2560 4699 2758 4771 δεσμὸν
2788 4698 2977 4765 αὐτοῦ,
3017 4700 3113 4755 καὶ
3145 4702 3240 4754 τὸν
3271 4700 3519 4771 ἄγγελον,
3556 4694 3752 4751 τουτέστι

2223 4790 2325 4863 τὴν
2365 4789 2567 4863 ψυχήν.
2597 4790 2815 4845 Οῐονται
2857 4791 2957 4863 μὲν
2995 4792 3106 4869 γὰρ
3148 4793 3286 4863 μετὰ
3318 4793 3473 4865 σῶμα
3507 4791 3593 4845 καὶ
3615 4781 3753 4857 ψυχὴν

2224 4876 2365 4936 εἶναί
2392 4900 2446 4936 τι
2479 4884 2573 4936 καὶ
2608 4883 2796 4957 ἕτερον
2842 4885 2900 4936 ὲν
2932 4882 3227 4956 ἀνθρώπῳ.
3260 4887 3373 4939 Καὶ
3415 4873 3545 4957 περί
3566 4882 3652 4954 μὲν
3677 4874 3751 4944 τῆς

2224 4970 2659 5044 ἀπολυτρώσεως
2698 4972 2873 5029 ταῦτά
2904 4975 3056 5030 ἐστιν
3089 4977 3189 5031 ὅσα
3221 4979 3301 5042 εἰς
3332 4979 3477 5049 ἡμᾶς
3516 4965 3750 5039 συνεληλύ-

2222 5064 2393 5136 θαμεν
2409 5066 2449 5117 ¹.

2294 5249 2369 5303 Δ’.
2406 5248 2467 5300 0i
2494 5247 2550 5300 δὲ
2581 5248 2829 5314 συνετοὶ,
2865 5250 3310 5315 κατακούσαντες
3348 5252 3444 5323 τῆς
3490 5236 3747 5317 περισσοτέ-

2226 5358 2328 5414 ρας
2367 5341 2549 5396 αὐτῶν
2591 5342 2822 5416 χλεύης,
2855 5346 3277 5415 καταγελάσειεν
3310 5345 3409 5416 τῆς
3442 5333 3742 5414 malum.

2221 5433 2299 5498 ὡς
2332 5435 2565 5498 ἕκαστος
2591 5435 2772 5489 αὐτῶν
2797 5436 2962 5509 ἕτερα
2988 5438 3142 5511 παρὰ
3169 5438 3263 5492 τὸν
3291 5438 3473 5506 ἕτερον
3497 5420 3740 5502 νομοθετεῖ,

2222 5528 2300 5593 ὡς
2343 5526 2594 5595 βούλεται
2618 5570 2634 5595 ν
2671 5531 2766 5587 καὶ
2796 5531 2900 5602 τῆς
2926 5532 3134 5606 τόλμης
3161 5530 3354 5588 ἑαυτοῦ
3376 5528 3474 5584 οὐκ
3494 5518 3741 5611 aventem?

2223 5636 2314 5674 ται
2335 5636 2348 5651 ·
2383 5620 2521 5675 ἀλλὰ
2544 5622 2757 5693 ὅσαπερ
2785 5621 3014 5679 δύναται
3042 5623 3273 5688 ἕκαστος
3303 5618 3514 5677 ἐπινοεῖ.
3543 5607 3637 5668 Καὶ
3658 5607 3740 5656 τῶν
