3934 6422
129 327 252 381 657

834 328 1204 386 ADVERSUS
1228 331 1571 389 HERESES
1606 331 1738 389 LIB.
1779 332 1822 388 Ι.
1852 333 2016 391 TOM.
2054 334 2219 392 lll.—
2243 332 2516 392 HERES.
2560 335 2796 392 XXXVI.

3310 344 3419 403 ϐα

129 436 226 491 ἔτι
256 438 343 500 εἰς
368 434 529 510 δεῦρο
557 440 912 512 γεννωμένων
946 444 1076 514 παρ’
1109 443 1294 509 αὐτοῖς
1321 445 1421 503 καὶ¹
1449 447 1745 517 ἐπιφυομέ-

1865 461 1881 500 ι
1914 455 2065 505 tanta
2089 450 2396 506 temeritate
2414 447 2721 517 deterreat;
2756 447 2852 504 sed
2872 462 3215 520 quaecunque
3244 460 3423 523 potest

131 545 253 582 νων
275 529 331 581 οἱ
360 529 484 583 καθ’
519 531 734 604 ἡμέραν
765 533 1079 604 εὑρίσκουσί
1110 553 1164 589 τι
1198 537 1385 592 καινὸν
1417 539 1613 603 εἰπεῖν,
1647 539 1743 593 καὶ

134 623 427 691 φαντάσαι
457 625 585 688 τοὺς
618 627 1014 697 ἐπαγομένους,
1045 627 1284 699 χαλεπόν
1311 629 1426 682 ἐστι
1456 630 1634 685 πάντα
1671 630 1745 684 τά

90 732 95 735 “
134 715 361 770 τούτων
396 714 687 789 ζητῆσαιῆ
717 717 973 781 ἐξειπεῖν.
1003 719 1168 773 Ὅθεν
1198 721 1609 792 ἀρκεσθήσομαι
1640 720 1747 775 πά-

136 806 234 859 λιν
269 809 388 871 τοῖς
419 808 515 862 καὶ
560 809 689 879 περὶ
726 808 931 881 ταύτης
958 809 1059 879 τῆς
1099 811 1366 883 αἱρέσεως
1398 811 1743 883 εἰρημένοις,

139 897 319 950 ἆτινα
363 897 458 950 καὶ
495 897 574 960 είς
615 898 763 969 ἡμᾶς
791 894 955 969 ἦλθεν
991 898 1287 965 ὑποδεῖξαι.
1333 900 1396 952 Ἡ
1427 899 1485 953 δὲ
1520 899 1743 972 τοιαύτη

138 980 603 1040 διδασκαλία’τίνι
625 987 726 1041 οὐκ
758 988 825 1043 ἂν
854 988 1032 1062 σαφὴς
1057 990 1165 1060 εἴη,
1195 991 1271 1056 ὡς
1306 988 1477 1061 μῦθός
1504 992 1620 1045 ἐστι
1650 992 1745 1046 κοιλ⁸

140 1077 328 1149 χλεύη
370 1077 431 1131 τὸ
466 1078 608 1143 adv;
638 1077 811 1131 Πόθεν
842 1080 952 1151 γὰρ
975 1119 989 1143 ,
1039 1075 1084 1134 ὦ
1138 1077 1295 1145 οὗτος
1339 1083 1439 1147 σὺ,
1471 1082 1504 1153 ἢ
1547 1084 1600 1135 οἱ
1643 1083 1748 1154 πρὸ

145 1167 279 1233 σοῦ,
311 1168 374 1222 τὸ
402 1168 562 1240 σῶμα
601 1170 858 1240 εἰλήφατε
882 1187 897 1236 ;
925 1170 1025 1243 τὴν
1050 1171 1107 1225 δέ
1138 1172 1317 1245 ψυχὴν
1347 1172 1539 1242 πόθεν;
1571 1174 1664 1227 τὸν
1689 1173 1747 1227 δὲ

145 1259 432 1313 ἐσώτατόν
465 1276 557 1312 σου
589 1260 873 1332 ἄνθρωπον
920 1262 1120 1329 πόθεν;
1157 1265 1269 1319 Καὶ
1299 1268 1347 1320 εἰ
1395 1265 1494 1337 μὲν
1542 1266 1747 1321 ἄνωθεν

145 1351 269 1406 ἀπὸ
303 1351 397 1405 τοῦ
425 1352 538 1406 ἄνω
571 1352 961 1423 πνευματικοῦ,
982 1353 1059 1418 ὡς
1084 1355 1262 1425 λέγεις
1288 1357 1745 1429 δραματουργῶν,

148 1443 255 1495 καὶ
285 1441 589 1513 ἐπαγγελίᾳ
618 1441 832 1506 ἐλπίδος
857 1443 1157 1513 κεπφὼσας
1187 1447 1315 1512 τοὺς
1344 1448 1447 1501 ὑπὸ
1482 1448 1577 1502 σοῦ
1613 1450 1750 1519 ὴπαν-

147 1533 452 1606 τημένους,
485 1532 571 1586 ἵνα
596 1530 783 1603 σκοπῷ
811 1548 918 1586 τινι
947 1535 1277 1607 ἐπαρθέντες
1306 1536 1620 1610 ὑποσύρωσι
1641 1539 1656 1570 ¹
1679 1540 1746 1610 τῇ

150 1627 227 1696 σῇ
265 1622 673 1695 γεγοητευμένῃ
706 1623 1158 1697 δραματουργία*
1193 1625 1340 1695 λέγε,
1380 1627 1464 1692 τίς
1494 1629 1528 1699 ή
1559 1645 1750 1682 κοινω-

155 1716 247 1770 νία
289 1715 385 1768 τοῦ
418 1715 530 1768 ἀνω
570 1712 939 1784 πνευματικοῦ
975 1715 1112 1786 πρὸς
1145 1715 1205 1768 τὸ
1234 1716 1458 1784 ὑλικόν;
1497 1719 1581 1784 τίς
1611 1718 1669 1772 δὲ
1712 1719 1746 1789 ἡ

148 1804 252 1858 τοῦ
298 1803 488 1858 ὑλικοῦ
533 1804 669 1876 πρὸς
708 1804 770 1857 τὸ
796 1804 1061 1875 ψυχικόν;
1106 1805 1222 1869 πῶς
1251 1806 1307 1859 δὲ
1336 1807 1364 1859 6
1407 1808 1755 1879 Δημιουργὸς
1780 1791 1820 1845 Β

149 1896 227 1949 τὰ
261 1896 343 1968 μὴ
374 1895 566 1949 ἐαυτοῦ
601 1893 986 1967 ἐδημιούργει;
1020 1894 1138 1959 πῶς
1178 1893 1295 1950 δέό
1340 1897 1452 1951 ἄνω
1484 1898 1579 1970 τὴν
1618 1901 1749 1972 παρ’

150 1986 333 2041 αὐτοῦ
378 1985 604 2057 δύναμιν
655 1986 1034 2057 πνευματικὴν
1085 1988 1327 2058 παρέσχε
1359 1989 1437 2060 τῷ
1470 1990 1545 2061 μὴ
1574 1978 1752 2055 καλῶς

155 2077 526 2149 ἐργασαμένῳ
571 2076 932 2149 Δημιουργῷ;
976 2076 1148 2130 Πόθεν
1194 2076 1253 2130 δὲ
1317 2080 1345 2132 ό
1390 2079 1752 2150 Δημιουργὸς,

151 2170 434 2242 ἀναμίξας
464 2169 525 2221 τὸ
573 2166 767 2221 ἑαυτοῦ
806 2167 1037 2237 ψυχικὸν
1083 2168 1221 2238 μετά
1269 2167 1363 2223 τοῦ
1416 2169 1639 2235 ὑλικοῦ,
1686 2172 1751 2241 τῇ

156 2261 264 2333 ’ύλῃ
300 2259 501 2332 μᾶλλον
527 2257 791 2329 ἠθέλησεν
821 2256 1192 2328 ἐγκαταδῆσαι
1227 2256 1327 2329 τὴν
1354 2259 1548 2311 ἑαυτοῦ
1593 2259 1755 2313 δύνα-

160 2369 259 2423 μιν
281 2369 296 2418 ;
325 2352 387 2405 Εξ
406 2351 462 2405 δὲ
488 2350 585 2420 τὴν
612 2348 805 2404 ἐαυτοῦ
831 2347 1060 2419 δύναμιν
1085 2347 1332 2417 βούλεται
1362 2348 1750 2419 ἐγκαταμίξαι,

156 2445 266 2497 οὐκ
330 2444 439 2513 ἄρα
488 2439 742 2510 ἀλλοτρία
774 2439 808 2509 ἡ
853 2437 974 2509 ῦλη.
1013 2439 1075 2491 Εἰ
1132 2438 1191 2490 δέ
1252 2439 1346 2492 καὶ
1404 2439 1550 2493 ἐστιν
1599 2438 1756 2498 ἀλλο-

158 2534 317 2605 τρία,
346 2532 429 2598 τίς
457 2531 603 2604 αύτῷ
629 2532 732 2602 τῆς
761 2530 894 2601 ὕλης
927 2532 1169 2604 παρέσχε
1200 2532 1297 2604 τὴν
1331 2533 1612 2600 ἐξουσίαν;
1646 2531 1759 2585 Καὶ

161 2627 391 2697 πρῶτον
431 2625 555 2692 λέγε
599 2641 727 2695 μοι,
763 2616 808 2677 ὦ
854 2623 1106 2677 ἀπατεὼν
1131 2665 1147 2691 ,
1180 2624 1410 2696 πότερον
1448 2625 1621 2695 μισῶν
1660 2624 1758 2695 τὴν

159 2719 353 2790 ᾠυχὴν
384 2717 679 2789 κατέδησεν
713 2717 881 2789 αὐτὴν
915 2718 978 2786 τῇ
1015 2714 1137 2787 ὕλῃ,
1166 2714 1199 2784 ἢ
1234 2713 1444 2783 ἀγνοῶν
1476 2714 1537 2767 τὸ
1574 2713 1762 2784 ἐσόμε-

163 2828 282 2863 νον.
323 2810 460 2863 Ἀλλ’
496 2805 634 2876 οἶδα,
680 2810 763 2862 ὅτι
814 2808 1095 2878 οὐδέτερον
1142 2804 1347 2859 τούτων
1390 2806 1555 2876 ἐρεῖς.
1589 2804 1760 2875 ’Ύλην

168 2903 285 2974 γὰρ
317 2902 377 2955 οὺ
412 2901 640 2972 λέγομεν
666 2900 727 2954 τὸ
759 2899 916 2971 σῶμα
936 2939 950 2963 ,
987 2899 1061 2971 μὴ
1095 2898 1349 2966 γένοιτοῐ
1385 2897 1508 2949 οὐδὲ
1539 2895 1638 2959 τὰς
1666 2894 1760 2947 τοῦ

168 2992 314 3047 Θεοῦ
347 2993 572 3057 κτίσεις.
626 2992 789 3046 Ἀλλά
831 2992 964 3064 ὓλην
993 2989 1118 3043 τινὰ
1154 2985 1293 3043 οἶδεν
1326 2991 1358 3059 ἡ
1404 2988 1593 3060 Γραφὴ
1625 2987 1765 3058 μετά

167 3087 379 3157 ταύτην
410 3085 507 3157 τὴν
538 3084 879 3156 φαύλην,είς
905 3083 961 3136 δέ
991 3080 1338 3142 κατασκευὰς
1365 3080 1570 3153 ἐκάστῃ
1599 3081 1761 3154 τέχνῃ
1790 3129 1832 3190 C

172 3179 275 3232 καὶ
308 3178 573 3251 ἐργασίας
603 3176 1007 3250 προκειμένη²,
1043 3174 1209 3246 ἄλλην
1234 3172 1375 3241 τινὰ,
1406 3172 1548 3242 λέγω
1568 3171 1632 3244 δὴ
1662 3172 1760 3244 τὴν

56 3338 81 3348 ⁸
170 3275 243 3325 ἐκ
273 3270 511 3334 διανοίας
547 3269 822 3341 φυομένην
875 3268 1130 3339 ῥυπαρὰν
1160 3266 1479 3338 ἐνθύμησιν,
1512 3266 1607 3318 καὶ
1635 3264 1763 3337 βορ-

172 3362 435 3437 ϐορώδεις
474 3361 767 3432 λογισμοὺς
812 3360 913 3428 τῆς
954 3360 1246 3431 ἁμαρτίας.
1280 3359 1507 3412 Φύονται
1551 3359 1658 3431 γὰρ
1688 3358 1765 3423 ὡς

170 3459 288 3513 ἀπὸ
321 3455 494 3530 πηλοῦ
533 3455 862 3527 δυσοδμίας³
904 3472 963 3508 τε
1008 3455 1101 3508 καὶ
1142 3453 1447 3526 ἀκάθαρτος
1490 3452 1762 3524 ἀποφορὰ,

171 3549 449 3622 λοιμώδης
491 3565 551 3603 τε
590 3548 682 3602 καὶ
705 3545 1074 3619 βορϐορώδης·
1106 3546 1180 3609 ὡς
1210 3548 1239 3598 ό
1270 3544 1540 3616 μακάριος
1572 3545 1760 3612 Δαϐὶδ,

172 3641 510 3711 διωκόμενος
550 3639 643 3692 καὶ
670 3635 1104 3707 ’διαϐαλλόμενος
1149 3633 1294 3707 [ὡς]
1349 3635 1453 3688 ὑπὸ
1511 3634 1763 3707 πονηρῶν

176 3736 281 3790 ἀνθ
291 3734 487 3808 ρώπων
497 3774 511 3799 ,
524 3732 709 3802 ἔλεγεν
727 3749 739 3764 σ
758 3728 1089 3799 Ἐνεπάγην
1102 3731 1189 3792 εὶς
1203 3727 1224 3758 ⁸
1244 3726 1403 3796 ὕλην
1423 3725 1762 3797 (65)βυθοῦ,

180 3827 282 3889 καὶ
306 3824 376 3879 τὰ
406 3823 555 3894 ἑξῆς.

1848 538 2070 609 impune
2100 538 2639 595 comminiscitur.Ac
2664 555 2792 595 cum
2818 540 2878 594 in
2899 538 3224 597 hodiernum
3252 559 3425 614 usque

1847 629 1993 685 diem
2021 632 2089 686 ab
2125 630 2236 686 illis
2253 632 2422 686 multa
2451 630 2821 703 proferantur,
2854 639 3266 704 nascanturque
3290 650 3424 705 por-

1846 713 2021 788 tenta,
2052 721 2147 791 qui
2191 722 2436 792 quotidie
2462 723 2587 776 novi
2604 723 2808 793 aliquid
2832 721 2900 777 ad
2919 722 3228 779 illudendos
3245 724 3424 781 homi-

1848 828 1946 868 nes
1982 812 2326 884 confingunt,
2370 811 2587 868 diﬂicile
2644 820 2728 870 est
2788 813 3058 868 extricare
3106 815 3312 882 omnia,
3335 817 3424 872 vel

1848 904 2099 959 oratione
2171 904 2483 971 complecti.
2552 903 2732 970 Quare
2777 920 2901 974 qua:
2955 906 3022 961 de
3074 906 3178 962 hac
3226 906 3422 965 haeresi

1847 994 2128 1064 disputata
2160 1001 2310 1061 sunt,
2355 997 2425 1050 iis
2453 997 2699 1050 contenti
2738 1010 2862 1051 esse
2888 995 3172 1062 debemus,
3206 1013 3330 1068 quae
3354 998 3425 1055 ad

1848 1093 2095 1141 nostram
2161 1086 2483 1140 memoriam
2568 1094 2956 1155 pervenerunt.
3029 1087 3211 1158 Atque
3279 1089 3426 1147 hanc

1849 1189 2064 1229 omnem
2105 1173 2320 1228 illorum
2373 1173 2679 1229 doctrinam
2739 1174 2864 1244 quis
2908 1189 3019 1229 non
3075 1189 3257 1231 meras
3294 1190 3424 1232 esse

1849 1266 2062 1323 fabulas
2099 1282 2164 1322 ac
2186 1266 2421 1321 ludibria
2454 1266 2781 1337 perspiciat?
2801 1265 2946 1323 Cedo
2966 1267 3136 1331 enim,
3157 1267 3295 1325 heus
3324 1275 3384 1323 tu
3405 1268 3421 1323 l

1850 1359 2194 1429 majoresque
2250 1359 2367 1424 tui,
2430 1357 2578 1413 unde
2647 1372 2850 1426 corpus
2898 1357 3230 1426 accepistis?
3282 1357 3428 1415 unde

1850 1445 2120 1499 animam?
2158 1445 2306 1501 unde
2357 1445 2677 1501 interiorem
2729 1446 2884 1501 illum
2940 1445 3257 1500 hominem?
3293 1444 3353 1499 Si
3394 1460 3444 1501 a-

1852 1536 2133 1608 superiore
2190 1538 2283 1592 illo
2343 1537 2535 1593 nescio
2587 1552 2697 1607 quo
2747 1551 2813 1592 ac
2863 1537 3096 1607 spiritali
3134 1536 3337 1592 habere
3377 1543 3432 1593 te

1852 1627 2078 1693 dixeris,
2109 1642 2207 1698 pro
2233 1643 2297 1683 eo
2338 1643 2402 1683 ac
2439 1628 2662 1683 mentiri
2686 1627 2859 1691 soles,
2892 1633 2947 1681 et
2978 1625 3094 1697 spei
3138 1624 3430 1695 cujusdam

1852 1719 2169 1776 ostensione
2208 1719 2402 1775 illusos
2428 1733 2458 1771 a
2485 1725 2537 1773 te
2560 1698 2816 1773 homines
2864 1714 3057 1771 inﬂare
3077 1754 3092 1783 ,
3145 1730 3254 1785 quo
3276 1714 3433 1784 ejus-

1852 1810 1998 1865 modi
2045 1809 2327 1881 proposito
2349 1808 2454 1865 sibi
2482 1822 2650 1878 scopo
2702 1817 2828 1862 tuas
2868 1806 2937 1861 ad
2967 1806 3277 1877 praestigias
3299 1822 3433 1876 pro-

1853 1902 2157 1970 lectentur;
2184 1902 2570 1967 dic,obsecro,
2600 1914 2721 1971 qum
2769 1898 2843 1954 sit
2885 1898 3127 1954 caelestis
3176 1897 3325 1953 illius
3370 1912 3436 1954 ac

1852 1992 2118 2062 spiritalis
2152 2008 2277 2047 cum
2309 1992 2552 2048 materiae
2574 1997 2833 2045 concreto
2863 1989 3123 2052 societas,
3149 1994 3243 2042 aut
3267 1987 3435 2058 hujus

1854 2098 1982 2137 cum
2024 2083 2283 2151 animali;
2311 2090 2406 2138 aut
2449 2097 2559 2153 quo
2597 2081 2816 2137 tandem
2864 2090 3026 2151 pacto
3047 2079 3276 2135 (lreator
3314 2094 3437 2150 qua

1854 2174 1924 2229 ad
1955 2189 2015 2230 se
2040 2174 2386 2245 pertinebant
2433 2173 2573 2229 nihil
2610 2171 2937 2228 condiderit.
2972 2170 3085 2225 Cur
3136 2185 3431 2240 supremus

1856 2268 1951 2322 ille
1990 2266 2289 2337 spiritalem
2346 2281 2503 2321 suam
2550 2264 2660 2319 vim
2720 2262 3041 2326 Couditori,
3097 2262 3193 2333 qui
3252 2262 3438 2317 minus

1858 2366 2007 2414 recte
2032 2358 2257 2413 molitus
2279 2364 2419 2421 erat,
2448 2354 2781 2410 attribuerit.
2835 2353 2949 2408 Cur
2984 2353 3130 2408 idem
3162 2353 3251 2407 ille
3275 2350 3426 2406 Con-

1860 2452 2008 2507 ditor
2051 2451 2288 2506 animale
2337 2464 2500 2506 suum
2549 2463 2674 2503 cum
2738 2445 3005 2501 materiali
3067 2443 3437 2499 commiscens

1861 2541 2106 2597 materiae
2132 2556 2296 2611 quam
2328 2539 2563 2594 habebat
2591 2538 2701 2593 vim
2730 2537 2941 2608 illigare
2974 2535 3249 2592 maluerit.
3274 2531 3433 2599 Quod

1864 2632 1911 2687 si
1931 2632 2037 2687 vim
2077 2631 2168 2687 ille
2198 2645 2354 2686 suam
2401 2629 2714 2684 immiscere
2757 2627 2935 2698 cupit,
2962 2641 3072 2681 non
3102 2627 3207 2681 erit
3257 2626 3440 2680 aliena

1864 2722 2115 2778 materia.
2153 2721 2251 2776 Sin
2287 2732 2371 2778 est
2400 2721 2621 2785 aliena,
2673 2720 2799 2790 quis
2841 2719 2890 2774 ei
2917 2718 3010 2788 jus
3054 2717 3113 2770 in
3154 2716 3439 2771 materiam

1865 2821 2300 2884 potestatemque
2334 2810 2650 2868 concessit?
2700 2809 2779 2863 Ac
2824 2810 3062 2879 primum
3122 2806 3258 2861 illud
3292 2805 3442 2863 volo

1866 2906 2001 2960 mihi
2033 2905 2208 2968 dicas,
2229 2906 2516 2974 impostor,
2568 2908 2753 2956 utrum
2785 2901 2985 2954 animae
3013 2897 3269 2953 inductus
3293 2897 3443 2957 odio.

1867 3013 1938 3052 an
1999 2996 2147 3067 quod
2214 2995 2458 3050 futurum
2500 2996 2625 3048 “erat
2670 2992 2951 3061 ignorans,
3018 2986 3248 3041 materia
3295 2983 3446 3038 illam
3527 3007 3532 3011 ’

1868 3088 2205 3144 astrinxerit.
2239 3086 2356 3140 Non
2391 3084 2581 3140 dubito
2630 3082 2764 3153 quin
2794 3081 2990 3134 horum
3025 3091 3275 3134 asserere
3310 3091 3444 3132 neu-

1866 3184 2009 3232 trum
2035 3174 2255 3233 audeas.
2281 3173 2479 3230 Procul
2531 3171 2676 3229 enim
2707 3169 2868 3236 absit,
2902 3166 3185 3224 materiam
3218 3170 3272 3220 ut
3308 3180 3435 3221 cor-

1863 3284 1968 3339 pus
1999 3267 2353 3337 appellemus,
2380 3271 2472 3318 aut
2503 3278 2590 3318 res
2630 3276 2658 3314 a
2697 3260 2806 3316 Deo
2856 3258 3127 3314 conditas.
3166 3255 3274 3311 Sed
3306 3255 3444 3310 alte-

1865 3359 1983 3414 rius
2029 3355 2318 3425 cujusdam
2370 3354 2615 3408 matcrize
2675 3352 2961 3420 Scriptura
3020 3345 3273 3403 meminit
3322 3354 3448 3416 post

1866 3449 2029 3503 vilem
2059 3446 2199 3500 hanc
2220 3452 2274 3499 et
2314 3443 2606 3514 abjectam,
2637 3456 2759 3513 quae
2791 3439 3017 3496 cuilibet
3049 3436 3152 3492 arti
3184 3436 3449 3506 operique

1866 3540 2216 3612 proponitur.
2239 3535 2567 3606 Cujusmodi
2593 3544 2679 3591 est
2700 3536 2811 3599 ille,
2832 3533 2926 3604 qui
2952 3548 3016 3587 ex
3042 3531 3224 3586 animo
3265 3529 3450 3601 pullu-

1869 3635 1971 3698 lat,
2009 3630 2330 3702 inquinatus
2371 3627 2538 3682 animi
2587 3634 2792 3687 motus,
2830 3640 2895 3679 ac
2926 3624 3210 3679 lutulentae
3236 3620 3454 3692 peccati

1868 3723 2260 3796 cogitationes:
2338 3734 2461 3791 quae
2508 3733 2574 3774 ex
2632 3717 2959 3773 fetidissimo
3042 3728 3238 3782 coeno,
3304 3710 3455 3767 velut

1868 3815 2183 3872 teterrimus
2254 3825 2422 3881 vapor
2481 3824 2545 3864 ac
2590 3809 2856 3881 pestilens
2901 3807 3151 3877 spiritus,
3213 3803 3451 3860 exhalat.

178 3920 361 3987 Quam
386 3916 457 3973 ob
491 3893 713 3973 causam
768 3914 965 3970 beatus
1027 3910 1118 3966 ille
1163 3908 1357 3974 David,
1403 3922 1527 3962 cum
1568 3922 1693 3961 eum
1751 3907 2116 3964 conscelerati
2177 3904 2430 3958 homines
2494 3906 2964 3972 persequerentur
3036 3912 3102 3951 ac
3164 3893 3455 3950 calumniis

180 4014 557 4075 incesserent,
614 4007 823 4078 Inﬁxae
851 4021 989 4070 sum,
1038 4002 1238 4074 inquit,
1266 4003 1320 4055 in
1346 4004 1569 4055 materia
1594 4000 1846 4071 profundi
1869 4002 1913 4067 ³,
1936 4009 2042 4056 ctc.

255 4106 334 4158 E'.
389 4099 605 4172 Ἐπειδὴ
643 4099 701 4154 δέ
750 4114 832 4152 σοι
878 4097 1041 4160 δοκεῖ,
1057 4094 1390 4167 Ἡρακλέων,
1424 4093 1583 4147 τοῦτο
1609 4093 1764 4163 λέγε-

185 4196 315 4251 σθαι
363 4192 515 4264 ὓλην,
545 4190 650 4244 τῶν
699 4186 999 4261 ἀνθρώπων
1032 4185 1099 4239 τὰ
1136 4184 1384 4256 σώματα,
1412 4185 1507 4237 καὶ
1537 4184 1628 4238 τὸν
1674 4186 1763 4238 ἐν-

185 4288 318 4343 θάδε
368 4285 571 4355 κόσμον
624 4283 865 4338 ἀπαντα’
903 4281 996 4332 ἐπὶ
1038 4279 1175 4348 ποίῳ
1205 4277 1391 4347 σκοπῷ
1422 4276 1521 4348 τὴν
1569 4274 1764 4331 ἑαυτοῦ

186 4379 369 4451 ψυχὴν
400 4380 429 4432 ό
456 4373 792 4449 Δημιουργδς
825 4375 890 4443 τῇ
939 4371 1040 4443 ῦλῃ
1066 4368 1452 4440 ὲγκατέμιξεν;
1483 4369 1547 4421 Εἰ
1589 4369 1685 4439 μὲν
1707 4367 1768 4419 τὸ
1804 4417 1846 4471 D

192 4471 430 4543 πονηρὸν
461 4469 693 4538 ἀγνοῶν,
723 4467 783 4519 ού
814 4465 1038 4519 δύναται
1066 4462 1417 4534 δημιουργεῖν
1452 4462 1480 4513 ὁ
1511 4458 1585 4530 μὴ
1611 4457 1772 4527 γινώ-

197 4580 341 4617 σκων
379 4562 408 4615 6
443 4558 688 4631 βούλεται
732 4554 1160 4628 δημιουργῆσαι.
1193 4551 1329 4606 Οὔτε
1363 4553 1472 4622 γὰρ
1518 4552 1680 4622 ἡμεῖς
1720 4568 1771 4602 τι

192 4655 509 4728 πράττομεν
560 4652 679 4705 καθ’
711 4650 950 4719 ἑκάστην
1002 4647 1198 4716 τέχνην
1228 4642 1605 4715 ἐργαζόμενοι,
1636 4643 1770 4713 ὅπερ

192 4747 254 4798 οὐ
305 4742 553 4813 νοοῦμεν.
604 4740 716 4795 Καὶ
763 4734 1249 4811 προενθυμούμεθα
1278 4733 1384 4805 γὰρ
1433 4732 1461 4786 6
1510 4732 1776 4787 ἐπιτελεῖν

196 4837 524 4911 βουλόμεθα,
556 4836 653 4890 καὶ
696 4833 917 4903 οἴδαμεν
952 4830 1080 4902 πρὶν
1125 4828 1347 4898 ποιῆσαι
1393 4826 1422 4879 6
1466 4823 1776 4879 ἐπιτελέσαι

197 4929 583 5004 προῃρήμεθα.
614 4926 805 4981 Καίτοι
852 4942 916 4993 γε
961 4924 1120 4993 ἡμεῖς
1171 4919 1416 4981 ἀσθενεῖς
1465 4918 1638 4980 ὄντες,
1683 4914 1776 4968 καὶ

199 5022 375 5079 πολλὰ
400 5020 715 5083 ἀποδέοντες
750 5017 847 5088 τῆς
867 5012 961 5070 τοῦ
989 5013 1123 5067 Θεοῦ
1149 5011 1428 5082 δυνάμεως
1451 5027 1462 5039 ·
1493 5009 1582 5062 διὰ.
1599 5008 1655 5061 δὲ
1677 5008 1775 5078 τῆς

199 5116 294 5169 ὑπ’
331 5110 495 5166 αὐτοῦ
522 5109 929 5180 κεχαρισμένης
972 5103 1239 5165 συνέσεως
1290 5103 1400 5164 τοῖς
1443 5099 1769 5171 ἀνθρώποις,

197 5208 425 5277 οἴδαμεν
465 5204 559 5258 καὶ
608 5201 855 5272 νοοῦμεν.
906 5197 1231 5268 Συμϐέϐηκε
1278 5193 1336 5247 δέ
1376 5210 1480 5257 σοι,
1533 5186 1578 5244 ὦ
1617 5191 1782 5260 Ἦρα-

201 5298 399 5362 κλέων,
430 5299 463 5367 ή
502 5298 566 5350 ἐκ
599 5292 732 5347 Θεοῦ
781 5291 995 5353 σύνεσις
1038 5290 1119 5352 είς
1152 5285 1353 5357 βλάϐην
1376 5302 1391 5317 ·
1418 5285 1500 5338 ὅτι
1538 5282 1611 5353 μὴ
1644 5281 1785 5335 κατά

200 5390 338 5446 Θεὸν
364 5387 532 5458 αὐτὴν
562 5382 948 5459 πραγματεύῃ,
973 5379 1110 5434 ἀλλά
1150 5377 1290 5433 κατά
1333 5373 1575 5447 πονηρὰν
1599 5373 1787 5442 ἐπιτή-

1954 4092 2018 4145 ν.
2055 4090 2259 4145 Verum
2311 4085 2783 4160 quandoquidem,
2837 4098 2872 4139 ο
2922 4079 3190 4137 Heracleo
3217 4122 3232 4147 ,
3278 4078 3456 4151 placet

1871 4185 1972 4240 tibi
2026 4181 2310 4237 materiam
2351 4179 2638 4235 hominum
2686 4191 2813 4233 esse
2859 4187 3123 4245 corpora,
3176 4180 3457 4239 totumque

1875 4277 2021 4332 istud
2068 4274 2385 4329 universum
2422 4290 2435 4326 :
2471 4284 2657 4342 quaero
2693 4269 2792 4323 abs
2831 4274 2885 4322 te
2939 4265 3138 4337 quibus
3176 4262 3243 4319 de
3275 4262 3456 4318 causis

1875 4369 2039 4441 266
2081 4367 2329 4424 animam.
2362 4379 2518 4419 suam
2573 4360 2817 4417 materiae
2868 4359 3097 4414 Creator
3144 4353 3454 4413 inseruerit.

1878 4460 1937 4515 Si
1972 4459 2176 4513 malum
2201 4457 2473 4528 ignoravit
2499 4495 2513 4519 ,
2538 4455 2631 4525 qui
2660 4453 2807 4523 quod
2839 4450 3021 4506 moliri
3062 4449 3179 4504 vult
3210 4448 3456 4518 ignorat,

1877 4550 2115 4605 edicere“
2134 4549 2361 4603 omnino
2409 4546 2548 4602 nihil
2596 4553 2797 4616 potest.
2835 4542 3025 4614 Neque
3071 4541 3216 4596 enim
3252 4553 3354 4593 nos
3404 4536 3460 4591 in

1878 4643 2109 4713 singulis
2148 4641 2358 4695 artibus
2398 4640 2656 4694 molimur
2702 4636 3017 4707 quidpiam,
3051 4631 3199 4704 quod
3233 4646 3339 4686 non
3372 4629 3462 4683 in-

1880 4734 2196 4806 telligimus.
2245 4731 2523 4803 Quidquid
2562 4736 2745 4785 autem
2782 4726 3045 4798 perlicere
3084 4725 3372 4787 volumus,
3407 4719 3459 4774 id

1882 4826 1975 4881 diu
2019 4834 2143 4880 ante
2199 4824 2534 4879 meditamur
2578 4829 2634 4876 et
2678 4820 2824 4892 quod
2873 4816 3178 4873 faciendum
3215 4813 3463 4882 suscepi-

1884 4934 2028 4984 mus,
2057 4918 2240 4972 animo
2269 4924 2392 4971 ante
2414 4922 2469 4970 et
2498 4912 2810 4984 cognitione
2837 4908 3268 4980 complectimur.
3295 4903 3460 4973 Atqui

1881 5008 2180 5063 imbecilles
2214 5006 2319 5076 ipsi
2359 5020 2581 5070 sumus,
2609 5010 2663 5057 et
2692 5002 2853 5071 longe
2887 5014 2917 5053 a
2952 4999 3133 5053 divina
3196 5000 3464 5067 potestate

1880 5094 2188 5163 vincimur;
2244 5102 2297 5150 et
2350 5103 2531 5147 tamen
2573 5107 2672 5163 pro
2707 5091 2872 5146 insita
2920 5090 2988 5143 ab
3025 5088 3119 5142 illo
3153 5084 3337 5156 generi
3368 5082 3462 5137 hu—

1882 5200 2047 5241 mano
2069 5185 2289 5241 solertia
2323 5183 2577 5239 novimus
2615 5182 2762 5236 istud
2799 5187 2852 5235 et
2885 5184 3065 5232 mente
3107 5173 3460 5246 percipimus.

1886 5278 2008 5334 Tibi
2041 5284 2222 5332 autem
2245 5275 2529 5339 nimirum,
2567 5272 2864 5337 Heracleo,
2900 5282 3165 5339 concessa
3197 5266 3289 5320 illa
3320 5263 3463 5320 divi-

1890 5371 2040 5428 nitus
2061 5367 2417 5440 intelligentia
2446 5365 2623 5420 fraudi
2655 5363 2777 5429 fuit,
2802 5360 2948 5433 quod
2978 5376 3087 5416 non
3115 5355 3297 5415 exDei
3324 5372 3466 5427 prae-

281 5549 299 5580 ¹
326 5543 486 5601 Corr.
509 5539 842 5613 ὑποωρῶσι.
916 5541 938 5571 ²
956 5535 1112 5593 Corr.
1141 5531 1527 5604 προκειμένην.
1604 5527 1624 5559 ⁸
1642 5525 1703 5580 F.
1728 5526 1756 5578 δ

1865 5524 2007 5594 Buta.
2088 5523 2111 5555 ⁸
2137 5521 2280 5577 LXX
2311 5520 2425 5575 ἰλύν
2455 5519 2814 5588 scripserunt.
2884 5519 2906 5552 '
2941 5516 3085 5573 Psal.
3120 5532 3310 5577 uvm,
3339 5517 3385 5571 5.

278 5723 400 5798 (45)
450 5713 788 5795 Ἐνεπάγνηὸ⁸
830 5721 915 5787 εις
960 5719 1138 5786 ὕλην.
1168 5715 1382 5772 Vltioso
1423 5710 1612 5769 codice
1653 5724 1757 5765 usu

1865 5716 1914 5765 st
1945 5706 2210 5778 Epiphan.
2251 5704 2386 5761 Nam
2433 5704 2564 5775 ὓλην
2604 5701 2739 5758 haud
2782 5701 2945 5759 dubie
3004 5704 3321 5769 corruptum
3366 5705 3465 5759 pro

212 5800 356 5857 ἰλύν.
