3934 6420
127 399 237 454 641

783 400 1152 460 ADVERSUS
1190 402 1530 461 lleRESl-ZS
1568 401 1696 459 LIB.
1732 402 1777 460 Ι.
1819 400 1982 458 ΤΟΜ.
2014 402 2102 460 lll.
2134 404 2478 464 —ll1ERES.
2523 406 2782 466 XXXVII.

3313 416 3419 472 6-52

126 518 404 592 ἑρπετὸν,
438 518 804 594 ἁσκαλαὸώτῃ
844 521 1038 586 ἐοικώς
1060 539 1073 552 ’
1098 516 1158 578 οὗ
1187 526 1219 595 ἠ
1257 530 1355 595 μὲν
1393 523 1486 578 τοῦ
1519 523 1723 594 δήγμα-

1834 521 1999 578 lionis
2027 523 2236 593 specie;
2281 525 2376 594 qui
2408 540 2532 580 cum
2577 542 2767 582 morsu
2799 526 2940 582 nihil
2975 526 3270 583 admodum
3319 546 3418 583 no-

128 628 230 674 τος
282 610 456 683 βλάϐη
503 613 584 675 εἰς
631 612 783 666 οὐδὲν
827 613 1122 682 λογίζεται,
1153 614 1214 669 τὸ
1241 616 1297 669 δὲ
1331 615 1576 685 πτύσμα,
1607 615 1640 685 ἢ
1673 615 1731 671 ὲν

129 701 420 773 βρώματι,
454 700 488 772 ἣ
528 703 587 755 ὲν
617 700 766 772 ποτῷ
808 703 1144 771 ἀκοντισθὲν,
1180 704 1409 759 θάνατον
1433 704 1595 768 εὐθὺς
1619 706 1732 768 τοῖς

130 791 545 863 μεταλαϐοῦσιν
573 791 867 865 ἐργάζεται
886 811 900 826 ·
928 795 1016 849 οἴα
1044 800 1138 848 καὶ
1180 797 1214 866 ἡ
1259 796 1449 850 τούτου
1473 797 1731 851 διδασκα-

128 882 251 938 λία.
271 883 437 938 Ἀλλά
463 885 555 940 καὶ
583 884 773 939 τούτου
802 887 893 941 τὸν
917 887 994 941 ἰὸν
1022 887 1396 959 φωράσαντες,
1420 889 1516 942 καὶ
1543 891 1609 960 τῇ
1634 886 1728 941 τοῦ

128 979 354 1050 Κυρίου
389 978 613 1051 δυνάμει
647 981 758 1035 ἀπὸ
789 980 1089 1052 φαρύγγων
1121 981 1155 1052 ἢ
1185 982 1410 1052 χειλέων
1458 982 1568 1036 τῶν
1601 981 1729 1053 μελ-

126 1078 346 1133 λόντων
389 1078 720 1149 βλάπτεσθαι
750 1080 1163 1151 άπομάξαντες,
1196 1082 1295 1146 τὰς
1339 1081 1466 1152 ἑξῆς
1508 1081 1728 1136 διέλθω-

131 1186 270 1239 μεν,
309 1168 385 1232 ὡς
409 1171 692 1239 προεῖπον,
735 1170 836 1241 τῆς
872 1171 1054 1225 αὐτῶν
1088 1171 1293 1243 βλάϐης
1323 1172 1603 1237 ποιοῦντες
1634 1173 1726 1227 τὸν

128 1259 390 1329 ἔλεγχον.

674 1374 861 1429 ΚΑΤΑ
911 1376 1189 1442 οῷιτοΝ,

263 1464 791 1549 Ἑπτακαιδεκάτη,
820 1470 857 1536 ἡ
882 1469 982 1522 καὶ
1006 1468 1325 1537 τριακοστὴ
1365 1468 1606 1537 ἑϐδόμη.

209 1577 296 1631 A'.
348 1577 436 1641 Ὠς
467 1572 560 1631 οῦν
592 1581 658 1649 τῇ
689 1579 783 1632 τοῦ
808 1580 943 1634 Θεοῦ
979 1581 1206 1652 δυνάμει
1244 1581 1722 1653 ἐπαγγειλάμενοι,

132 1664 280 1719 Θεοῦ
329 1665 668 1737 βοηθοῦντος,
696 1670 790 1723 καὶ
817 1672 883 1741 τῇ
928 1670 1057 1742 ἑξῆς
1098 1671 1301 1744 ταύτης
1330 1672 1725 1745 ύφηγησόμεθα

131 1760 261 1821 ταῖς
292 1759 555 1830 πρότερον
582 1759 1024 1833 ἀκολουθήσασαν
1055 1765 1548 1835 ματαιοφροσύναις
1573 1767 1723 1836 Ὀφι-

1833 620 1974 676 ceat,
2009 624 2230 683 sputum
2258 615 2437 685 ipsum
2468 617 2515 672 si
2544 617 2601 670 in
2624 617 2808 672 cibum
2837 626 2933 673 aut
2962 628 3152 689 potum
3181 620 3413 691 eliserit,

1832 717 2076 772 prasens
2122 705 2189 758 iis
2230 706 2325 774 qui
2364 706 2719 761 adhibuerint
2764 708 2996 764 exitium
3044 708 3239 765 afferre
3281 710 3390 765 dici

1833 802 1942 849 tur.
1972 796 2255 866 Ejusmodi
2281 806 2367 853 est
2407 799 2557 855 illius
2586 799 2860 855 doctrina.
2893 800 3006 858 Nos
3038 811 3222 858 autem
3248 803 3415 874 hujus

1831 900 2051 956 quoque
2084 903 2293 943 veneno
2318 889 2591 959 patefacto
2612 930 2627 956 ,
2647 906 2712 944 ac
2739 891 2925 946 divina
2948 908 3053 963 ope
3078 909 3145 949 ex
3168 894 3411 959 illorum,

1829 979 2031 1047 quibus
2059 978 2288 1050 jamjam
2312 982 2626 1036 nociturum
2654 990 2795 1051 erat,
2829 982 3083 1041 faucibus
3112 996 3207 1041 aut
3238 986 3413 1042 labris

1829 1075 2100 1136 absterso,
2137 1074 2203 1127 ad
2236 1080 2464 1129 caeteras
2497 1081 2868 1140 transeamus,
2887 1084 2942 1132 et
2964 1091 3083 1146 eas,
3114 1084 3175 1133 ut
3203 1078 3410 1135 dictum

1827 1175 1935 1232 est,
1964 1166 2214 1222 oratione
2240 1172 2428 1222 nostra
2455 1164 2822 1223 confutemus.

2228 1365 2600 1422 ADVERSUS
2667 1365 2985 1433 OPHITAS,

2008 1459 2141 1525 Qua:
2182 1466 2260 1512 est
2304 1458 2519 1513 haeresis
2573 1457 2768 1527 XVII,
2816 1461 2893 1514 vel
2916 1458 3224 1515 XXXVII.

1896 1573 1938 1627 l.
1967 1571 2124 1639 Quod
2152 1571 2320 1642 igitur
2348 1571 2537 1625 divino
2570 1570 2695 1626 freti
2737 1573 2996 1642 prmsidio
3028 1574 3372 1645 suscepimus
3394 1614 3408 1637 ,

1824 1664 2148 1735 Ophitarum
2178 1662 2413 1717 haeresin
2432 1702 2447 1727 ,
2476 1677 2598 1733 quae
2651 1663 3030 1733 superioribus
3061 1666 3170 1721 illis
3200 1666 3411 1720 insanis

1825 1756 2149 1826 stolidisque
2207 1756 2373 1808 sectis
2425 1755 2669 1823 proxima
2739 1762 2845 1820 est,
2878 1757 3243 1826 aggredimur.
3281 1757 3413 1823 Quae

130 1849 270 1916 τῶν,
305 1849 375 1902 τὰ
422 1850 519 1921 μὲν
562 1852 705 1906 κατὰ
754 1853 822 1907 τὰ
852 1848 989 1908 αὐτὰ
1021 1857 1349 1929 φερομένην,
1380 1856 1452 1911 τὰ
1483 1858 1539 1911 δὲ
1575 1857 1722 1928 διηλ-

1828 1849 2047 1918 quidem
2080 1847 2280 1918 partim
2325 1862 2448 1900 cum
2491 1847 2599 1901 illis
2632 1848 2926 1915 convenit,
2959 1849 3156 1919 partim
3204 1850 3415 1905 discre—

131 1939 440 2011 λαγμένην.
466 1942 687 2011 Λεγέτω
724 1942 781 1996 δὲ
800 1943 818 1974 ¹
853 1945 964 2008 τοῖς
994 1946 1150 2016 ἤθεσι
1180 1947 1275 1999 καὶ
1323 1947 1564 2019 σχήμασι
1610 1949 1717 2003 τῶν

133 2031 443 2101 χρωμένων
471 2032 605 2103 αὐτῇ
627 2048 641 2062 ο
671 2032 757 2085 ἵνα
794 2033 905 2086 ἀπὸ
943 2038 1042 2105 τῆς
1073 2036 1346 2109 μετεώρου
1383 2038 1590 2110 πλάνης
1620 2038 1721 2108 τῆς

132 2122 349 2175 τούτων
376 2122 673 2192 διαφωνίας
705 2125 868 2178 παντί
892 2143 970 2197 τῳ
995 2126 1153 2197 δῆλον
1174 2126 1385 2199 ἔσηται,
1420 2129 1503 2183 ὅτι
1544 2128 1721 2202 πλάνῃ

134 2212 395 2280 ἄγονται,
424 2214 518 2267 καὶ
539 2213 638 2267 οὐκ
656 2213 904 2286 ἀληθείᾳ.
922 2217 1308 2289 Φωραθήσεται
1338 2219 1395 2272 δὲ
1420 2218 1515 2274 νῦν
1540 2217 1618 2291 τῷ
1641 2218 1722 2272 λό-

135 2320 222 2374 γῳ
260 2304 357 2358 καὶ
402 2303 784 2377 ἐλεγχθήσεται
818 2309 850 2379 ἠ
879 2309 998 2363 κατ’
1022 2309 1188 2363 αὑτοῦ
1207 2310 1227 2340 ²
1255 2310 1429 2365 ἄνοια.

208 2486 274 2538 Οἱ
305 2487 519 2554 Ὀφῖται
566 2486 666 2557 μὲν
698 2486 825 2559 γὰρ,
850 2487 926 2551 ὡς
969 2488 1252 2560 προεῖπον,
1284 2487 1382 2551 τὰς
1420 2486 1721 2559 προφάσεις

133 2577 426 2648 εἰλήφασιν
475 2578 583 2632 ἀπὸ
631 2579 729 2649 τῆς
772 2578 865 2632 τοῦ
910 2579 1198 2644 Νικολάου,
1242 2579 1337 2632 καὶ
1377 2578 1718 2643 Γνωστικῶν,

136 2672 236 2725 καὶ
264 2670 376 2724 τῶν
410 2671 515 2741 πρὸ
538 2670 742 2725 τούτων
772 2671 1035 2742 αἱρέσεων
1055 2687 1068 2701 ⁶
1097 2673 1311 2741 Ὀφῖται
1344 2671 1400 2724 δὲ
1434 2671 1719 2726 καλοῦνται

135 2764 208 2817 δι’
236 2762 300 2816 ὃν
346 2762 662 2828 δοξάζουσιν
710 2762 1075 2832 ὅφιν.’¹Ατοπα
1117 2763 1226 2835 γὰρ
1259 2764 1353 2817 καὶ
1390 2758 1535 2818 οὗτοι
1566 2763 1721 2836 ἐρεύ-

136 2871 350 2923 γονται,
378 2855 454 2918 ὡς
485 2855 593 2907 ἀπὸ
615 2854 714 2925 τῆς
745 2854 1150 2927 προειρημένης
1178 2853 1436 2926 βρώσεως
1466 2854 1566 2924 τῆς
1590 2855 1720 2908 δυσ-

134 2943 334 3019 οδμίας
376 2944 821 3015 ἐμπεπλησμένοι
842 2961 856 2975 ο
905 2944 998 2997 καὶ
1033 2944 1109 3008 ὡς
1138 2943 1271 3005 κενὰ
1298 2944 1553 3014 δαιμόνια
1575 2945 1720 2997 ἀπα-

135 3037 400 3109 τηθέντες
449 3032 596 3089 οῦτοι
649 3035 739 3089 τὸν
791 3036 934 3106 ὅφιν,
965 3035 1040 3099 ὡς
1089 3038 1371 3106 προεῖπον,
1415 3033 1717 3099 δοξάζουσι.

136 3131 253 3183 Καὶ
297 3130 401 3201 δρα
434 3130 513 3192 είς
544 3129 676 3200 ὅσην
721 3128 928 3199 προέϐη
963 3126 1374 3198 κακομηχανίαν
1424 3128 1453 3180 6
1497 3126 1720 3189 τούτους

1821 1952 1937 2019 pat,
1986 1956 2086 2011 pro
2136 1954 2325 1994 eorum
2367 1938 2462 2007 qui
2513 1940 2663 1993 illam
2722 1941 2893 1995 secuti
2947 1948 3110 2006 sunt,
3162 1942 3412 1997 moribus

1822 2035 2124 2102 habituque
2157 2030 2436 2096 dissimili,
2467 2037 2525 2085 ut
2555 2031 2640 2085 vel
2670 2032 2851 2086 inanis
2890 2032 2983 2086 illa
3029 2041 3084 2088 et
3126 2035 3411 2089 erroribus

1820 2125 2099 2195 implicata
2154 2121 2432 2177 discordia
2504 2137 2705 2192 magno
2763 2124 3020 2179 omnibus
3082 2132 3411 2195 argumento

1823 2216 1918 2280 sit,
1946 2213 2189 2270 falsitate
2222 2212 2350 2267 illos
2387 2228 2509 2268 esse
2542 2228 2651 2266 non
2678 2212 2909 2268 veritate
2936 2215 3224 2270 subnixos.
3251 2214 3409 2270 Nunc

1820 2304 2007 2376 itaque
2059 2319 2251 2360 eorum
2299 2303 2549 2359 oratione
2580 2311 2773 2359 nostra
2825 2304 3128 2376 detegenda
3160 2321 3225 2361 ac
3273 2321 3407 2361 con~

1820 2396 2094 2452 vincenda
2120 2395 2347 2451 vesania
2371 2403 2477 2450 est.
2838 2464 2843 2469 _

1893 2488 2059 2558 268
2084 2485 2218 2540 Nam
2266 2485 2515 2557 Ophitac,
2561 2477 3026 2558 quemadmodum
3062 2488 3340 2555 diximus,
3377 2505 3408 2544 a

1822 2579 2068 2645 Nicolao,
2099 2587 2153 2634 et
2179 2579 2483 2644 Gnosticis,
2513 2593 2578 2634 ac
2611 2579 2890 2649 prioribus
2913 2580 3038 2635 aliis
3078 2582 3245 2637 sectis
3262 2582 3409 2637 elllo-

1822 2679 2069 2726 ruerunt.
2102 2668 2251 2735 Quos
2286 2667 2538 2739 Ophitas,
2576 2669 2677 2723 hoc
2716 2677 2799 2723 est
2848 2673 3132 2738 anguineos
3155 2710 3169 2735 ,
3209 2670 3276 2725 ab
3308 2685 3410 2724 an—

1822 2776 1928 2831 gue
1978 2760 2073 2814 illo
2129 2775 2291 2830 quem
2346 2760 2660 2824 celebrant,
2731 2761 3005 2829 appellare
3052 2760 3250 2815 solent.
3305 2759 3412 2815 Sed

1820 2851 2095 2907 horrenda
2127 2866 2259 2908 sane
2288 2859 2416 2907 sunt
2445 2867 2566 2921 quae
2596 2852 2847 2907 homines
2875 2851 2987 2916 isti,
3012 2860 3073 2906 ut
3101 2852 3177 2907 ita
3208 2852 3411 2917 dicam,

1821 2951 2094 3008 eructant,
2134 2959 2196 2999 ex
2228 2945 2321 2998 illo
2355 2959 2454 3000 esu
2486 2945 2631 2999 velut
2668 2953 2809 2997 tetro
2845 2945 3084 3013 quodam
3121 2942 3292 2998 odore
3324 2960 3413 2999 re-

1823 3031 1968 3086 ferti.
2014 3030 2335 3101 Serpentem
2370 3032 2571 3101 quippe
2620 3032 2745 3085 novi
2777 3031 3064 3100 cujusdam
3091 3033 3269 3085 instar
3304 3048 3410 3085 nu-

1823 3121 1987 3176 minis
2025 3129 2375 3176 venerantur.
2422 3121 2499 3174 Ac
2548 3120 2669 3175 vide
2716 3107 2937 3190 quantis
2990 3136 3086 3176 eos
3123 3120 3411 3179 fraudibus

137 3223 431 3293 ἀπατήσας
471 3221 614 3291 ὄφις.
642 3220 908 3293 Καθάπερ
934 3220 1044 3291 γὰρ
1066 3217 1126 3284 ἐξ
1151 3219 1402 3291 ὑπαρχῆς
1433 3219 1559 3282 τοὺς
1593 3218 1720 3291 περὶ

1828 3210 1945 3277 ille,
1988 3227 2019 3265 a
2050 3227 2160 3281 quo
2190 3212 2551 3266 circumventi
2589 3221 2747 3275 sunt,
2782 3225 3007 3280 serpens
3053 3211 3300 3266 irretitos
3333 3221 3414 3265 te-

139 3313 293 3369 Εὖαν
343 3314 438 3367 καὶ
484 3313 575 3367 τὸν
609 3312 782 3384 ’Λδὰμ
811 3313 1114 3384 ἠπάτησεν,
1144 3311 1285 3365 οὕτω
1324 3311 1420 3365 καὶ
1451 3308 1549 3364 νῦν
1590 3310 1723 3382 κρύ-

141 3422 298 3458 πτων
333 3403 520 3457 ἑαυτὸν
547 3402 606 3455 ἔν
646 3419 702 3456 τε
728 3401 806 3472 τῷ
839 3401 1182 3474 παρόντικαὶ
1215 3404 1272 3455 ἐν
1296 3400 1374 3471 τῷ
1415 3401 1591 3472 χρόνῳ
1616 3399 1722 3453 τῶν

149 3495 446 3560 Ἰουδαίων,
470 3494 598 3566 ἄχρι
623 3497 723 3566 τῆς
744 3492 840 3547 τοῦ
866 3492 1101 3565 Χριστοῦ
1124 3492 1448 3564 παρουσίας.
1472 3486 1607 3545 Εἶτα
1630 3490 1724 3545 καὶ

137 3586 545 3660 προϐαινόντων
570 3585 679 3639 τῶν
699 3585 906 3657 χρόνων
932 3584 1144 3655 λίχνους
1166 3583 1326 3647 ὄντας
1355 3584 1481 3647 τοὺς
1511 3582 1722 3655 ἀνθρώ-

138 3696 281 3743 πους
314 3680 380 3749 τῇ
413 3677 479 3730 δι’
517 3675 681 3729 αὑτοῦ
720 3676 786 3728 ὲκ
828 3674 927 3746 τῆς
972 3673 1257 3747 παρακοῆς
1285 3672 1555 3744 ληφθείσῃ
1584 3670 1725 3744 βρώ-

140 3788 250 3833 σει,
282 3768 365 3822 ετι
403 3766 743 3823 ύπονοθεύων
777 3766 873 3819 καὶ
904 3764 1185 3842 ἐρεθίζων,
1218 3765 1298 3826 είς
1331 3762 1724 3835 περισσοτέραν

137 3864 361 3934 ἀπάτην
405 3861 516 3915 ἀπὸ
563 3859 655 3915 τοῦ
701 3859 854 3922 ὄντος
896 3855 1033 3911 Θεοῦ
1080 3857 1363 3927 ἀφίστησι,
1415 3855 1584 3909 πολλὰ
1626 3854 1723 3926 μὲν

138 3952 578 4023 ὑπισχνούμενος
613 3951 722 4013 ἀεὶ,
753 3949 829 4012 ὡς
874 3949 968 4001 καὶ
1012 3949 1071 4014 ἐξ
1121 3947 1332 4018 ἀρχῆςο
1364 3947 1459 4000 καὶ
1491 3945 1599 4017 γὰρ
1632 3945 1725 3999 καὶ

137 4047 266 4099 τότε
287 4044 560 4116 ἠπάτησε,
579 4043 755 4111 λέγων
772 4060 787 4073 '
812 4043 1071 4095 Ἕσεσθε
1092 4040 1172 4107 ὡς
1193 4040 1317 4096 θεοί
1338 4057 1351 4070 ·
1376 4035 1494 4093 εἶτα
1517 4037 1728 4109 προῖόν-

137 4154 253 4190 των
280 4134 389 4188 τῶν
410 4134 634 4206 χρόνων,
662 4132 762 4204 τὴν
791 4130 1140 4202 πολύμορφον
1163 4130 1256 4183 καὶ
1284 4129 1564 4200 τερατώδη
1589 4144 1725 4197 φαν-

137 4229 339 4285 τασίαν
371 4228 553 4290 αὐτοῖς
596 4224 972 4298 ἐξειργάσατο.
992 4222 1124 4275 Ἀπὸ
1170 4221 1279 4294 γὰρ
1327 4219 1422 4275 τοῦ
1476 4222 1593 4285 ἑνὸς
1631 4222 1725 4275 καὶ

138 4319 239 4375 τοῦ
292 4316 546 4389 ἀληθινοῦ
600 4313 734 4369 Θεοῦ
780 4314 1093 4385 ἀποστήσας
1144 4312 1364 4377 αὐτοὺς,
1408 4312 1722 4383 ἐνεκίσσησε

141 4411 316 4467 πάλαι
362 4409 462 4481 τὴν
505 4410 604 4480 τῆς
656 4404 1099 4477 είδωλολατρείας
1147 4406 1239 4458 καὶ
1275 4404 1561 4468 πολυθεΐας
1593 4403 1723 4473 βλά-

147 4520 363 4574 σφημον
386 4498 738 4575 κενοφωνίαν.
771 4497 1037 4552 Οὐδέποτε
1065 4496 1173 4567 γὰρ
1206 4492 1345 4567 ’ἦσαν
1371 4495 1505 4561 θεοὶ,
1532 4493 1720 4565 ὥσπερ

143 4592 269 4647 οὐδὲ
294 4589 591 4655 είσίν,ἀλλά
611 4590 639 4642 6
663 4587 815 4651 Θεός.

1822 3311 1966 3358 neat.
1992 3300 2145 3373 Nam
2179 3312 2238 3355 ut
2267 3302 2435 3353 Evam
2493 3300 2621 3353 olim
2654 3307 2708 3355 et
2755 3300 3024 3352 Adamum
3057 3297 3248 3351 fefellit
3279 3315 3293 3363 ;
3336 3298 3410 3351 ita

1820 3394 1982 3450 modo
2014 3394 2254 3463 seipsum
2287 3401 2474 3462 tegens
2497 3408 2560 3446 ac
2583 3391 2962 3453 dissimulans,
2980 3389 3227 3460 adeoque
3248 3399 3410 3445 antea

1820 3481 2135 3538 Iudaeorum
2183 3482 2563 3552 temporibus,
2604 3482 2670 3536 ad
2697 3480 2990 3534 adventum
3028 3495 3202 3550 usque
3248 3479 3410 3534 Chri-

1824 3575 1916 3638 sti,
1946 3574 2275 3628 mortalibus
2300 3574 2582 3643 imposuit.
2611 3571 2749 3626 Tum
2776 3572 3256 3641 progredientibus
3282 3580 3415 3625 acta-

1824 3666 1971 3723 tibus
2000 3681 2127 3721 esca
2158 3666 2273 3731 illa,
2306 3680 2470 3735 quam
2498 3674 2692 3719 contra
2727 3664 2820 3719 Dei
2853 3664 3207 3719 interdictum
3245 3678 3410 3718 usur-

1824 3773 1956 3829 pare
2006 3757 2124 3813 ausi
2166 3758 2403 3822 fuerant,
2455 3758 2787 3827 prolectatos
2822 3757 3104 3820 homines,
3139 3765 3193 3811 et
3237 3756 3413 3810 avidi-

1823 3859 1935 3905 tate
1978 3861 2261 3919 correpros
2314 3850 2382 3904 ab
2430 3851 2703 3920 obsequio
2754 3850 2850 3905 Dei
2885 3851 3260 3906 callidioribus
3294 3865 3413 3903 ma-

1824 3942 2004 3998 chinis
2024 3943 2312 4005 abstraxit,
2345 3941 2727 3999 vehementius
2773 3941 3067 3997 identidem
3091 3941 3412 3998 adulterans
3476 3954 3484 3962 ‘

1823 4043 1878 4089 et
1908 4034 2215 4103 instigans,
2258 4047 2321 4086 ac
2359 4017 2655 4089 multarum
2706 4048 2887 4087 rerum
2923 4048 3076 4102 spem
3102 4073 3117 4096 ,
3162 4042 3223 4087 ut
3254 4034 3412 4108 initio

1825 4123 2060 4187 fecerat,
2105 4120 2426 4177 ostendens.
2468 4122 2604 4175 Nam
2650 4129 2702 4175 et
2736 4129 2869 4176 tunc
2916 4122 2991 4175 ita
3024 4122 3149 4176 illos
3196 4122 3414 4190 decepit

1825 4229 1951 4269 cum
1979 4213 2184 4268 diceret
2216 4230 2229 4266 :
2272 4211 2440 4265 Erilis
2484 4213 2622 4265 sicut
2661 4211 2737 4265 dii
2768 4211 2808 4265 ³.
2836 4210 2974 4266 Tum
3009 4212 3270 4281 paulatim
3316 4228 3412 4265 va-

1824 4307 1938 4361 rias
1966 4320 2029 4360 ac
2059 4304 2294 4376 portenti
2330 4304 2639 4360 simillimas
2666 4306 2746 4359 eis
2777 4304 2989 4374 species
3017 4304 3237 4374 objecit.
3272 4304 3409 4358 Cum

1825 4401 1968 4456 enim
2003 4401 2072 4455 ab
2121 4415 2231 4455 uno
2268 4415 2508 4470 veroque
2562 4398 2671 4455 Deo
2718 4400 2842 4454 illos
2878 4400 3202 4464 avertisset,
3240 4399 3414 4453 idolo-

1827 4494 1985 4547 latria
2042 4492 2540 4562 multipliciunique
2588 4491 2819 4546 deorum
2859 4491 3223 4561 ineptissimis
3282 4490 3412 4544 reli-

1832 4584 2086 4656 gionibus
2145 4584 2294 4637 velut
2343 4583 2457 4640 fetu
2504 4584 2745 4656 quodam
2806 4584 3071 4654 implevit.
3130 4582 3410 4653 Siquidem

143 4677 222 4742 tﬁi
254 4699 537 4754 nunquam
597 4682 962 4748 exstiterunt,
1010 4681 1089 4736 uti
1139 4695 1239 4736 nec
1282 4680 1561 4737 exsistunt
1593 4679 1793 4744 modo,
1826 4678 1920 4734 sed
1955 4677 2096 4735 Deus
2129 4678 2415 4734 duntaxat.

214 4799 525 4871 Προεκίσσα
546 4798 602 4851 δὲ
655 4796 752 4869 τὴν
789 4795 1195 4867 είδωλομανίαν,
1250 4795 1345 4851 καὶ
1404 4794 1717 4859 πολυθεῖαν,

1894 4792 2098 4849 Verum
2124 4794 2377 4850 insanum
2404 4795 2829 4851 simulacrorum
2851 4795 3082 4862 cultum,
3107 4809 3171 4850 ac
3186 4795 3411 4853 deorum

141 4896 243 4952 καὶ
286 4890 573 4962 ἀπατηλὴν
614 4889 873 4942 διάνοιαν.
938 4887 1052 4940 Οὐκ
1108 4882 1177 4958 ἦν
1230 4886 1287 4939 δὲ
1343 4887 1515 4950 αἴτιος
1563 4886 1726 4957 μόνος

137 4992 169 5043 ὁ
212 4985 536 5058 φαινόμενος
575 4981 693 5034 τότε
745 4982 887 5049 ὄφις,
932 4978 1066 5032 ἀλλὰ
1098 4980 1126 5031 6
1177 4979 1234 5031 ὲν
1280 4977 1359 5048 τῷ
1409 4977 1531 5048 ὕφει
1602 4979 1725 5048 ὄφις

140 5081 419 5150 λαλήσας,
468 5073 611 5145 φημὶ
658 5072 715 5126 δὲ
759 5070 1038 5135 διάϐολος,
1102 5071 1197 5125 καὶ
1260 5070 1358 5141 τὴν
1408 5072 1577 5142 ἀκοὴν
1628 5070 1722 5126 τοῦ

145 5168 432 5240 ἂνθρώπου
483 5163 723 5236 ταράξας
788 5163 876 5216 διὰ
931 5162 1032 5232 τῆς
1088 5161 1373 5230 γυναικός.
1438 5162 1551 5216 Καὶ
1602 5163 1722 5217 οὐδὲ

142 5264 205 5318 τὸ
240 5261 400 5326 ξύλον
430 5254 498 5329 ἦν
539 5255 801 5327 ἁμαρτία.
830 5253 964 5317 Θεὸς
1000 5252 1109 5323 γὰρ
1150 5253 1304 5306 οὐδὲν
1348 5253 1585 5325 πονηρὸν
1623 5272 1724 5323 φυ-

141 5353 315 5407 τεύει.
350 5347 554 5402 Γνῶσιν
580 5346 637 5400 δὲ
658 5344 940 5413 ἐνεποίησε
962 5341 1023 5394 τὸ
1047 5341 1202 5407 ξύλον
1228 5340 1322 5393 τοῦ
1352 5341 1549 5394 εἰδέναι
1581 5342 1722 5410 ἀγα-

145 5444 237 5497 θόν
272 5458 335 5494 τε
379 5439 473 5493 καὶ
508 5434 730 5507 φαῦλον.
762 5433 873 5488 Καὶ
916 5433 1039 5502 οὐχὶ
1068 5432 1158 5486 διὰ
1182 5432 1244 5485 τὸ
1274 5432 1472 5486 εἰδέναι
1500 5434 1528 5484 ὁ
1559 5430 1726 5485 θάνα-

143 5551 259 5601 τος,
291 5530 425 5586 ἀλλὰ
476 5530 564 5583 διὰ
608 5527 707 5598 τὴν
750 5527 1055 5597 παρακοήν.
1090 5523 1202 5578 Καὶ
1233 5524 1343 5595 γὰρ
1376 5524 1410 5594 ἡ
1446 5524 1596 5576 πᾶσα
1628 5522 1724 5576 τοῦ

149 5625 343 5702 ἐχθροῦ
374 5624 497 5678 τότε
530 5620 767 5693 συσκευὴ
797 5620 895 5690 οὐχ
928 5619 1112 5673 ἕνεκεν
1134 5618 1229 5673 τοῦ
1260 5616 1547 5689 βρώματος
1575 5618 1726 5686 γέγο-

227 5808 243 5840 ¹
269 5806 422 5874 Ὲ,γω
461 5805 539 5861 δέ.
616 5807 636 5837 ²
668 5802 728 5859 F.
761 5803 974 5869 αὐτούς.
1053 5802 1073 5833 ³
1107 5801 1245 5859 Gen.
1268 5818 1351 5870 tu,
1379 5802 1430 5855 5.

1826 4887 2231 4942 multitudinem
2258 4928 2273 4950 ,
2314 4895 2369 4942 et
2406 4887 2753 4944 fraudulenta
2784 4888 3237 4944 consiliadudum
3267 4888 3412 4959 apud

1827 4993 1885 5034 se
1913 4986 2268 5048 conceperat.
2302 4976 2494 5048 Neque
2524 4995 2655 5034 vero
2680 4979 2829 5035 s'olus
2855 4981 2945 5034 ille
2968 5020 2984 5047 ,
3019 4981 3113 5049 qui
3136 4979 3411 5034 extrinse-

1824 5086 1923 5126 cus
1954 5071 2286 5140 apparebat,
2323 5085 2550 5139 serpens
2587 5073 2725 5125 tanti
2758 5072 2884 5125 mali
2935 5086 3161 5127 causam
3193 5070 3412 5136 attulit;

1823 5162 1916 5216 sed
1948 5163 2039 5230 qui
2072 5176 2169 5230 per
2201 5176 2325 5216 eum
2359 5161 2686 5230 loquebatur
2711 5162 2854 5216 alius
2884 5176 3115 5231 serpens
3138 5199 3155 5225 ,
3192 5160 3298 5214 hoc
3328 5170 3416 5215 est

1828 5252 2116 5317 diabolus,
2158 5253 2253 5323 qui
2304 5253 2553 5327 auditum
2602 5253 2702 5307 viri
2758 5254 3006 5308 mulieris
3058 5266 3195 5307 usus
3247 5264 3411 5320 opera

1830 5345 2192 5416 perturbavit.
2238 5343 2427 5415 Neque
2476 5346 2686 5415 lignum
2714 5346 2894 5414 ipsum
2944 5351 3227 5415 peccatum
3265 5342 3410 5409 fuit;

1830 5436 1969 5491 nihil
1997 5436 2143 5491 enim
2178 5451 2207 5490 a
2252 5436 2362 5491 Deo
2410 5438 2538 5491 mali
2576 5437 2817 5501 seritur,
2871 5436 2967 5493 sed
3010 5436 3137 5491 boni
3174 5435 3414 5505 malique

1831 5527 2202 5597 cognitionem
2256 5528 2466 5599 lignum
2523 5528 2657 5583 illud
2708 5527 2910 5581 attulit.
2963 5527 3035 5581 At
3081 5541 3193 5580 non
3231 5541 3300 5581 ex
3345 5540 3410 5580 ea

1832 5617 2066 5675 scientia
2098 5633 2247 5675 mors
2265 5626 2369 5686 est,
2397 5618 2494 5676 sed
2516 5635 2581 5675 ex
2608 5618 2957 5674 contumacia
2988 5615 3251 5687 profecta.
3273 5614 3409 5671 Nam
