  <div class='ocr_page' id='page_1' title='image "/cluster/home/n/w/nwhite01/storage/ocr_20150623/41:no.1/coo.31924054869387/327.png"; bbox 0 0 3934 6424; ppageno 0'>
   <div class='ocr_carea' id='block_1_1' title="bbox 576 404 685 463">
    <p class='ocr_par' dir='ltr' id='par_1_1' title="bbox 576 404 685 463">
     <span class='ocr_line' id='line_1_1' title="bbox 576 404 685 463; baseline 0 0"><span class='ocrx_word' id='word_1_1' title='bbox 576 404 685 463; x_wconf 63' lang='grc'><strong>643</strong></span> 
     </span>
    </p>
   </div>
   <div class='ocr_carea' id='block_1_2' title="bbox 1968 392 3774 462">
    <p class='ocr_par' dir='ltr' id='par_1_2' title="bbox 1968 392 3774 462">
     <span class='ocr_line' id='line_1_2' title="bbox 1968 392 3774 462; baseline -0.003 -11"><span class='ocrx_word' id='word_1_2' title='bbox 1968 397 2029 451; x_wconf 90' lang='lat' dir='ltr'><strong>S.</strong></span> <span class='ocrx_word' id='word_1_3' title='bbox 2071 392 2418 450; x_wconf 76' lang='grc' dir='ltr'><strong>ΕΡΙΡΗΑΝΙΙ</strong></span> <span class='ocrx_word' id='word_1_4' title='bbox 3698 408 3774 462; x_wconf 64' lang='grc' dir='ltr'><strong>θη</strong></span> 
     </span>
    </p>
   </div>
   <div class='ocr_carea' id='block_1_3' title="bbox 577 512 2171 600">
    <p class='ocr_par' dir='ltr' id='par_1_3' title="bbox 577 512 2158 582">
     <span class='ocr_line' id='line_1_3' title="bbox 577 512 2158 582; baseline -0.008 -5"><span class='ocrx_word' id='word_1_5' title='bbox 577 529 696 577; x_wconf 79' lang='lat' dir='ltr'><strong>tota</strong></span> <span class='ocrx_word' id='word_1_6' title='bbox 729 520 905 575; x_wconf 85' lang='lat' dir='ltr'><strong>hostis</strong></span> <span class='ocrx_word' id='word_1_7' title='bbox 937 518 1028 572; x_wconf 78' lang='lat' dir='ltr'><strong>illa</strong></span> <span class='ocrx_word' id='word_1_8' title='bbox 1057 515 1330 571; x_wconf 77' lang='lat' dir='ltr'><strong>calliditas</strong></span> <span class='ocrx_word' id='word_1_9' title='bbox 1356 529 1468 569; x_wconf 92' lang='lat' dir='ltr'><strong>non</strong></span> <span class='ocrx_word' id='word_1_10' title='bbox 1503 513 1575 570; x_wconf 80' lang='lat' dir='ltr'><strong>ad</strong></span> <span class='ocrx_word' id='word_1_11' title='bbox 1602 526 1787 568; x_wconf 88' lang='lat' dir='ltr'><strong>escam</strong></span> <span class='ocrx_word' id='word_1_12' title='bbox 1813 512 2158 582; x_wconf 84' lang='lat' dir='ltr'><strong>pertinebat;</strong></span> 
     </span>
    </p>
   </div>
   <div class='ocr_carea' id='block_1_4' title="bbox 2272 512 3777 600">
    <p class='ocr_par' dir='ltr' id='par_1_4' title="bbox 2272 513 3777 600">
     <span class='ocr_line' id='line_1_4' title="bbox 2272 513 3777 600; baseline 0.004 -34"><span class='ocrx_word' id='word_1_13' title='bbox 2272 530 2375 577; x_wconf 83' lang='grc' dir='ltr'>νεν,</span> <span class='ocrx_word' id='word_1_14' title='bbox 2404 513 2519 568; x_wconf 86' lang='grc' dir='ltr'>ἀλλ’</span> <span class='ocrx_word' id='word_1_15' title='bbox 2549 513 2737 567; x_wconf 72' lang='grc' dir='ltr'>ἕνεκεν</span> <span class='ocrx_word' id='word_1_16' title='bbox 2788 513 2881 569; x_wconf 84' lang='grc' dir='ltr'><strong>τοῦ</strong></span> <span class='ocrx_word' id='word_1_17' title='bbox 2926 517 3262 587; x_wconf 73' lang='grc' dir='ltr'>ἐργάσασθαι</span> <span class='ocrx_word' id='word_1_18' title='bbox 3306 521 3487 588; x_wconf 80' lang='grc' dir='ltr'>αὐτοῖς</span> <span class='ocrx_word' id='word_1_19' title='bbox 3525 523 3615 596; x_wconf 79' lang='grc' dir='ltr'>τὴν</span> <span class='ocrx_word' id='word_1_20' title='bbox 3638 544 3777 600; x_wconf 78' lang='grc' dir='ltr'>παρα.</span> 
     </span>
    </p>
   </div>
   <div class='ocr_carea' id='block_1_5' title="bbox 580 603 2163 680">
    <p class='ocr_par' dir='ltr' id='par_1_5' title="bbox 580 603 2163 680">
     <span class='ocr_line' id='line_1_5' title="bbox 580 603 2163 680; baseline -0.007 -12"><span class='ocrx_word' id='word_1_21' title='bbox 580 612 676 668; x_wconf 90' lang='lat' dir='ltr'><strong>sed</strong></span> <span class='ocrx_word' id='word_1_22' title='bbox 702 627 771 666; x_wconf 89' lang='lat' dir='ltr'><strong>eo</strong></span> <span class='ocrx_word' id='word_1_23' title='bbox 795 610 1141 680; x_wconf 81' lang='lat' dir='ltr'><strong>potissimum</strong></span> <span class='ocrx_word' id='word_1_24' title='bbox 1172 606 1477 676; x_wconf 79' lang='lat' dir='ltr'><strong>spectabat,</strong></span> <span class='ocrx_word' id='word_1_25' title='bbox 1506 612 1567 659; x_wconf 90' lang='lat' dir='ltr'><strong>ut</strong></span> <span class='ocrx_word' id='word_1_26' title='bbox 1596 605 1717 659; x_wconf 84' lang='lat' dir='ltr'><strong>illos</strong></span> <span class='ocrx_word' id='word_1_27' title='bbox 1751 608 1820 658; x_wconf 86' lang='lat' dir='ltr'><strong>ad</strong></span> <span class='ocrx_word' id='word_1_28' title='bbox 1844 603 2163 657; x_wconf 89' lang='lat' dir='ltr'><strong>violandum</strong></span> 
     </span>
    </p>
   </div>
   <div class='ocr_carea' id='block_1_6' title="bbox 578 694 2166 769">
    <p class='ocr_par' dir='ltr' id='par_1_6' title="bbox 578 694 2166 769">
     <span class='ocr_line' id='line_1_6' title="bbox 578 694 2166 769; baseline -0.004 -13"><span class='ocrx_word' id='word_1_29' title='bbox 578 702 671 758; x_wconf 85' lang='lat' dir='ltr'><strong>Dei</strong></span> <span class='ocrx_word' id='word_1_30' title='bbox 701 701 1016 756; x_wconf 79' lang='lat' dir='ltr'><strong>mandatum</strong></span> <span class='ocrx_word' id='word_1_31' title='bbox 1049 699 1372 769; x_wconf 81' lang='lat' dir='ltr'><strong>impelleret.</strong></span> <span class='ocrx_word' id='word_1_32' title='bbox 1409 696 1488 750; x_wconf 78' lang='lat' dir='ltr'><strong>Ex</strong></span> <span class='ocrx_word' id='word_1_33' title='bbox 1518 711 1629 765; x_wconf 89' lang='lat' dir='ltr'><strong>quo</strong></span> <span class='ocrx_word' id='word_1_34' title='bbox 1664 702 1798 750; x_wconf 89' lang='lat' dir='ltr'><strong>tunc</strong></span> <span class='ocrx_word' id='word_1_35' title='bbox 1836 694 2075 761; x_wconf 86' lang='lat' dir='ltr'><strong>accidit,</strong></span> <span class='ocrx_word' id='word_1_36' title='bbox 2106 703 2166 750; x_wconf 91' lang='lat' dir='ltr'><strong>ut</strong></span> 
     </span>
    </p>
   </div>
   <div class='ocr_carea' id='block_1_7' title="bbox 577 787 2166 863">
    <p class='ocr_par' dir='ltr' id='par_1_7' title="bbox 577 787 2166 863">
     <span class='ocr_line' id='line_1_7' title="bbox 577 787 2166 863; baseline -0.005 -15"><span class='ocrx_word' id='word_1_37' title='bbox 577 795 694 863; x_wconf 88' lang='lat' dir='ltr'><strong>lege</strong></span> <span class='ocrx_word' id='word_1_38' title='bbox 738 798 1050 861; x_wconf 88' lang='lat' dir='ltr'><strong>contempta</strong></span> <span class='ocrx_word' id='word_1_39' title='bbox 1101 806 1131 844; x_wconf 91' lang='lat' dir='ltr'><strong>e</strong></span> <span class='ocrx_word' id='word_1_40' title='bbox 1171 790 1429 859; x_wconf 81' lang='lat' dir='ltr'><strong>paradiso</strong></span> <span class='ocrx_word' id='word_1_41' title='bbox 1467 789 1823 857; x_wconf 79' lang='lat' dir='ltr'><strong>pellerentur,</strong></span> <span class='ocrx_word' id='word_1_42' title='bbox 1857 787 2166 855; x_wconf 78' lang='lat' dir='ltr'><strong>meritoque</strong></span> 
     </span>
    </p>
   </div>
   <div class='ocr_carea' id='block_1_8' title="bbox 576 877 2166 953">
    <p class='ocr_par' dir='ltr' id='par_1_8' title="bbox 576 877 2166 953">
     <span class='ocr_line' id='line_1_8' title="bbox 576 877 2166 953; baseline -0.004 -15"><span class='ocrx_word' id='word_1_43' title='bbox 576 884 999 953; x_wconf 77' lang='lat' dir='ltr'><strong>castigarentur,</strong></span> <span class='ocrx_word' id='word_1_44' title='bbox 1050 895 1161 935; x_wconf 81' lang='lat' dir='ltr'><strong>non</strong></span> <span class='ocrx_word' id='word_1_45' title='bbox 1207 880 1337 935; x_wconf 89' lang='lat' dir='ltr'><strong>odio</strong></span> <span class='ocrx_word' id='word_1_46' title='bbox 1382 880 1523 941; x_wconf 90' lang='lat' dir='ltr'><strong>ullo,</strong></span> <span class='ocrx_word' id='word_1_47' title='bbox 1573 878 1677 932; x_wconf 72' lang='lat' dir='ltr'><strong>Sed</strong></span> <span class='ocrx_word' id='word_1_48' title='bbox 1724 877 1817 932; x_wconf 79' lang='lat' dir='ltr'><strong>Dei</strong></span> <span class='ocrx_word' id='word_1_49' title='bbox 1864 892 1995 946; x_wconf 86' lang='lat' dir='ltr'><strong>erga</strong></span> <span class='ocrx_word' id='word_1_50' title='bbox 2043 877 2166 931; x_wconf 86' lang='lat' dir='ltr'><strong>illos</strong></span> 
     </span>
    </p>
   </div>
   <div class='ocr_carea' id='block_1_9' title="bbox 578 966 2167 1042">
    <p class='ocr_par' dir='ltr' id='par_1_9' title="bbox 578 966 2167 1042">
     <span class='ocr_line' id='line_1_9' title="bbox 578 966 2167 1042; baseline -0.005 -13"><span class='ocrx_word' id='word_1_51' title='bbox 578 988 709 1029; x_wconf 76' lang='lat' dir='ltr'><strong>cura</strong></span> <span class='ocrx_word' id='word_1_52' title='bbox 753 971 1204 1042; x_wconf 78' lang='lat' dir='ltr'><strong>providentiaquc</strong></span> <span class='ocrx_word' id='word_1_53' title='bbox 1251 969 1536 1039; x_wconf 78' lang='lat' dir='ltr'><strong>singulari.</strong></span> <span class='ocrx_word' id='word_1_54' title='bbox 1564 969 1655 1022; x_wconf 88' lang='lat' dir='ltr'><strong>Sic</strong></span> <span class='ocrx_word' id='word_1_55' title='bbox 1706 967 1853 1021; x_wconf 90' lang='lat' dir='ltr'><strong>enim</strong></span> <span class='ocrx_word' id='word_1_56' title='bbox 1901 966 2167 1021; x_wconf 80' lang='lat' dir='ltr'><strong>Dominus</strong></span> 
     </span>
    </p>
   </div>
   <div class='ocr_carea' id='block_1_10' title="bbox 577 1058 2163 1133">
    <p class='ocr_par' dir='ltr' id='par_1_10' title="bbox 577 1058 2163 1133">
     <span class='ocr_line' id='line_1_10' title="bbox 577 1058 2163 1133; baseline -0.004 -14"><span class='ocrx_word' id='word_1_57' title='bbox 577 1063 726 1133; x_wconf 83' lang='lat' dir='ltr'><strong>ipsos</strong></span> <span class='ocrx_word' id='word_1_58' title='bbox 755 1062 1053 1132; x_wconf 79' lang='lat' dir='ltr'><strong>alloquitur</strong></span> <span class='ocrx_word' id='word_1_59' title='bbox 1081 1081 1093 1116; x_wconf 90' lang='lat'><strong>:</strong></span> <span class='ocrx_word' id='word_1_60' title='bbox 1124 1061 1290 1116; x_wconf 75' lang='lat' dir='ltr'><strong>Terra</strong></span> <span class='ocrx_word' id='word_1_61' title='bbox 1319 1077 1373 1114; x_wconf 80' lang='lat' dir='ltr'><strong>es</strong></span> <span class='ocrx_word' id='word_1_62' title='bbox 1393 1099 1408 1123; x_wconf 95' lang='lat'><strong>,</strong></span> <span class='ocrx_word' id='word_1_63' title='bbox 1435 1070 1485 1112; x_wconf 85' lang='lat' dir='ltr'><strong>et</strong></span> <span class='ocrx_word' id='word_1_64' title='bbox 1515 1060 1570 1113; x_wconf 71' lang='lat' dir='ltr'><strong>in</strong></span> <span class='ocrx_word' id='word_1_65' title='bbox 1593 1068 1791 1113; x_wconf 77' lang='lat' dir='ltr'><strong>terram</strong></span> <span class='ocrx_word' id='word_1_66' title='bbox 1821 1059 2092 1113; x_wconf 70' lang='lat' dir='ltr'><strong>reverteris</strong></span> <span class='ocrx_word' id='word_1_67' title='bbox 2122 1058 2163 1113; x_wconf 77' lang='grc'><strong>⁸.</strong></span> 
     </span>
    </p>
   </div>
   <div class='ocr_carea' id='block_1_11' title="bbox 579 1151 2166 1226">
    <p class='ocr_par' dir='ltr' id='par_1_11' title="bbox 579 1151 2166 1226">
     <span class='ocr_line' id='line_1_11' title="bbox 579 1151 2166 1226; baseline -0.003 -16"><span class='ocrx_word' id='word_1_68' title='bbox 579 1155 860 1226; x_wconf 82' lang='lat' dir='ltr'><strong>Siquidem</strong></span> <span class='ocrx_word' id='word_1_69' title='bbox 903 1154 1101 1210; x_wconf 87' lang='lat' dir='ltr'><strong>rationi</strong></span> <span class='ocrx_word' id='word_1_70' title='bbox 1142 1162 1575 1209; x_wconf 88' lang='lat' dir='ltr'><strong>consentaneum</strong></span> <span class='ocrx_word' id='word_1_71' title='bbox 1626 1152 1751 1213; x_wconf 82' lang='lat' dir='ltr'><strong>fuit,</strong></span> <span class='ocrx_word' id='word_1_72' title='bbox 1782 1161 1840 1206; x_wconf 89' lang='lat' dir='ltr'><strong>ut</strong></span> <span class='ocrx_word' id='word_1_73' title='bbox 1879 1151 1969 1206; x_wconf 89' lang='lat' dir='ltr'><strong>ille</strong></span> <span class='ocrx_word' id='word_1_74' title='bbox 2000 1164 2166 1205; x_wconf 88' lang='lat' dir='ltr'><strong>verus</strong></span> 
     </span>
    </p>
   </div>
   <div class='ocr_carea' id='block_1_12' title="bbox 577 1240 2165 1320">
    <p class='ocr_par' dir='ltr' id='par_1_12' title="bbox 577 1240 2165 1320">
     <span class='ocr_line' id='line_1_12' title="bbox 577 1240 2165 1320; baseline -0.006 -17"><span class='ocrx_word' id='word_1_75' title='bbox 577 1250 810 1312; x_wconf 76' lang='lat' dir='ltr'><strong>artifex,</strong></span> <span class='ocrx_word' id='word_1_76' title='bbox 859 1249 1004 1320; x_wconf 87' lang='lat' dir='ltr'><strong>ﬁguli</strong></span> <span class='ocrx_word' id='word_1_77' title='bbox 1056 1248 1253 1312; x_wconf 89' lang='lat' dir='ltr'><strong>instar,</strong></span> <span class='ocrx_word' id='word_1_78' title='bbox 1300 1245 1483 1315; x_wconf 89' lang='lat' dir='ltr'><strong>operis</strong></span> <span class='ocrx_word' id='word_1_79' title='bbox 1518 1244 1639 1313; x_wconf 85' lang='lat' dir='ltr'><strong>ejus</strong></span> <span class='ocrx_word' id='word_1_80' title='bbox 1679 1258 1743 1295; x_wconf 87' lang='lat' dir='ltr'><strong>ac</strong></span> <span class='ocrx_word' id='word_1_81' title='bbox 1792 1242 1981 1308; x_wconf 82' lang='lat' dir='ltr'><strong>vasis,</strong></span> <span class='ocrx_word' id='word_1_82' title='bbox 2018 1240 2165 1310; x_wconf 89' lang='lat' dir='ltr'><strong>quod</strong></span> 
     </span>
    </p>
   </div>
   <div class='ocr_carea' id='block_1_13' title="bbox 577 1333 2166 1406">
    <p class='ocr_par' dir='ltr' id='par_1_13' title="bbox 577 1333 2166 1406">
     <span class='ocr_line' id='line_1_13' title="bbox 577 1333 2166 1406; baseline -0.004 -13"><span class='ocrx_word' id='word_1_83' title='bbox 577 1342 833 1393; x_wconf 85' lang='lat' dir='ltr'><strong>manibus</strong></span> <span class='ocrx_word' id='word_1_84' title='bbox 887 1340 1141 1401; x_wconf 76' lang='lat' dir='ltr'><strong>ﬁnxerat,</strong></span> <span class='ocrx_word' id='word_1_85' title='bbox 1184 1351 1376 1391; x_wconf 85' lang='lat' dir='ltr'><strong>curam</strong></span> <span class='ocrx_word' id='word_1_86' title='bbox 1410 1350 1626 1406; x_wconf 78' lang='lat' dir='ltr'><strong>gerens,</strong></span> <span class='ocrx_word' id='word_1_87' title='bbox 1666 1333 1903 1404; x_wconf 87' lang='lat' dir='ltr'><strong>idipsum</strong></span> <span class='ocrx_word' id='word_1_88' title='bbox 1934 1348 1998 1387; x_wconf 84' lang='lat' dir='ltr'><strong>ex</strong></span> <span class='ocrx_word' id='word_1_89' title='bbox 2026 1348 2166 1402; x_wconf 78' lang='lat' dir='ltr'><strong>pra:-</strong></span> 
     </span>
    </p>
   </div>
   <div class='ocr_carea' id='block_1_14' title="bbox 579 1419 2163 1497">
    <p class='ocr_par' dir='ltr' id='par_1_14' title="bbox 579 1419 2163 1497">
     <span class='ocr_line' id='line_1_14' title="bbox 579 1419 2163 1497; baseline -0.006 -15"><span class='ocrx_word' id='word_1_90' title='bbox 579 1428 722 1497; x_wconf 90' lang='lat' dir='ltr'><strong>cepti</strong></span> <span class='ocrx_word' id='word_1_91' title='bbox 756 1428 1053 1482; x_wconf 65' lang='lat' dir='ltr'><strong>violatione</strong></span> <span class='ocrx_word' id='word_1_92' title='bbox 1082 1425 1454 1485; x_wconf 84' lang='lat' dir='ltr'><strong>immunitum,</strong></span> <span class='ocrx_word' id='word_1_93' title='bbox 1481 1421 1725 1493; x_wconf 87' lang='lat' dir='ltr'><strong>quandiu</strong></span> <span class='ocrx_word' id='word_1_94' title='bbox 1752 1421 1913 1475; x_wconf 88' lang='lat' dir='ltr'><strong>molle</strong></span> <span class='ocrx_word' id='word_1_95' title='bbox 1947 1419 2126 1473; x_wconf 89' lang='lat' dir='ltr'><strong>adhuc</strong></span> <span class='ocrx_word' id='word_1_96' title='bbox 2148 1461 2163 1486; x_wconf 90' lang='lat'><strong>,</strong></span> 
     </span>
    </p>
   </div>
   <div class='ocr_carea' id='block_1_15' title="bbox 581 1513 2167 1593">
    <p class='ocr_par' dir='ltr' id='par_1_15' title="bbox 581 1513 2167 1593">
     <span class='ocr_line' id='line_1_15' title="bbox 581 1513 2167 1593; baseline -0.006 -17"><span class='ocrx_word' id='word_1_97' title='bbox 581 1522 747 1593; x_wconf 78' lang='lat'><strong>269</strong></span> <span class='ocrx_word' id='word_1_98' title='bbox 774 1528 831 1575; x_wconf 85' lang='lat' dir='ltr'><strong>ut</strong></span> <span class='ocrx_word' id='word_1_99' title='bbox 868 1522 945 1575; x_wconf 89' lang='lat' dir='ltr'><strong>ita</strong></span> <span class='ocrx_word' id='word_1_100' title='bbox 973 1519 1236 1582; x_wconf 77' lang='lat' dir='ltr'><strong>dixerim,</strong></span> <span class='ocrx_word' id='word_1_101' title='bbox 1283 1518 1458 1572; x_wconf 90' lang='lat' dir='ltr'><strong>lutum</strong></span> <span class='ocrx_word' id='word_1_102' title='bbox 1482 1526 1631 1582; x_wconf 90' lang='lat' dir='ltr'><strong>erat,</strong></span> <span class='ocrx_word' id='word_1_103' title='bbox 1677 1527 1839 1586; x_wconf 84' lang='lat' dir='ltr'><strong>atque</strong></span> <span class='ocrx_word' id='word_1_104' title='bbox 1868 1530 1931 1569; x_wconf 82' lang='lat' dir='ltr'><strong>ex</strong></span> <span class='ocrx_word' id='word_1_105' title='bbox 1970 1513 2167 1569; x_wconf 90' lang='lat' dir='ltr'><strong>ﬁssura</strong></span> 
     </span>
    </p>
   </div>
   <div class='ocr_carea' id='block_1_16' title="bbox 582 1604 2166 1683">
    <p class='ocr_par' dir='ltr' id='par_1_16' title="bbox 582 1604 2166 1683">
     <span class='ocr_line' id='line_1_16' title="bbox 582 1604 2166 1683; baseline -0.005 -18"><span class='ocrx_word' id='word_1_106' title='bbox 582 1611 815 1683; x_wconf 88' lang='lat' dir='ltr'><strong>quadam</strong></span> <span class='ocrx_word' id='word_1_107' title='bbox 847 1626 911 1664; x_wconf 89' lang='lat' dir='ltr'><strong>ac</strong></span> <span class='ocrx_word' id='word_1_108' title='bbox 952 1610 1091 1664; x_wconf 88' lang='lat' dir='ltr'><strong>rima</strong></span> <span class='ocrx_word' id='word_1_109' title='bbox 1122 1608 1390 1680; x_wconf 79' lang='lat' dir='ltr'><strong>perﬂuere</strong></span> <span class='ocrx_word' id='word_1_110' title='bbox 1437 1616 1704 1677; x_wconf 83' lang='lat' dir='ltr'><strong>coeperat,</strong></span> <span class='ocrx_word' id='word_1_111' title='bbox 1739 1622 1848 1659; x_wconf 92' lang='lat' dir='ltr'><strong>non</strong></span> <span class='ocrx_word' id='word_1_112' title='bbox 1892 1605 1965 1657; x_wconf 87' lang='lat' dir='ltr'><strong>ita</strong></span> <span class='ocrx_word' id='word_1_113' title='bbox 1993 1604 2166 1660; x_wconf 86' lang='lat' dir='ltr'><strong>desti-</strong></span> 
     </span>
    </p>
   </div>
   <div class='ocr_carea' id='block_1_17' title="bbox 586 1694 2164 1769">
    <p class='ocr_par' dir='ltr' id='par_1_17' title="bbox 586 1694 2164 1769">
     <span class='ocr_line' id='line_1_17' title="bbox 586 1694 2164 1769; baseline -0.005 -12"><span class='ocrx_word' id='word_1_114' title='bbox 586 1710 798 1767; x_wconf 88' lang='lat' dir='ltr'><strong>tueret,</strong></span> <span class='ocrx_word' id='word_1_115' title='bbox 831 1702 927 1756; x_wconf 87' lang='lat' dir='ltr'><strong>sed</strong></span> <span class='ocrx_word' id='word_1_116' title='bbox 974 1702 1028 1754; x_wconf 91' lang='lat' dir='ltr'><strong>in</strong></span> <span class='ocrx_word' id='word_1_117' title='bbox 1072 1700 1361 1769; x_wconf 84' lang='lat' dir='ltr'><strong>pristinam</strong></span> <span class='ocrx_word' id='word_1_118' title='bbox 1401 1713 1638 1752; x_wconf 87' lang='lat' dir='ltr'><strong>massam</strong></span> <span class='ocrx_word' id='word_1_119' title='bbox 1675 1696 1976 1766; x_wconf 82' lang='lat' dir='ltr'><strong>redigeret,</strong></span> <span class='ocrx_word' id='word_1_120' title='bbox 2023 1702 2081 1749; x_wconf 92' lang='lat' dir='ltr'><strong>ut</strong></span> <span class='ocrx_word' id='word_1_121' title='bbox 2110 1694 2164 1749; x_wconf 91' lang='lat' dir='ltr'><strong>in</strong></span> 
     </span>
    </p>
   </div>
   <div class='ocr_carea' id='block_1_18' title="bbox 2265 604 3777 688">
    <p class='ocr_par' dir='ltr' id='par_1_18' title="bbox 2265 604 3777 688">
     <span class='ocr_line' id='line_1_18' title="bbox 2265 604 3777 688; baseline 0.01 -32"><span class='ocrx_word' id='word_1_122' title='bbox 2265 604 2589 673; x_wconf 87' lang='grc' dir='ltr'>κοήν.”Ὀθεν</span> <span class='ocrx_word' id='word_1_123' title='bbox 2616 605 3062 679; x_wconf 79' lang='grc' dir='ltr'><strong>παρακούσαντες</strong></span> <span class='ocrx_word' id='word_1_124' title='bbox 3084 609 3228 674; x_wconf 83' lang='grc' dir='ltr'>τότε,</span> <span class='ocrx_word' id='word_1_125' title='bbox 3256 610 3353 665; x_wconf 83' lang='grc' dir='ltr'><strong>τοῦ</strong></span> <span class='ocrx_word' id='word_1_126' title='bbox 3389 613 3485 683; x_wconf 81' lang='grc' dir='ltr'>μὲν</span> <span class='ocrx_word' id='word_1_127' title='bbox 3498 616 3777 688; x_wconf 66' lang='grc' dir='ltr'>Παραδείσον</span> 
     </span>
    </p>
   </div>
   <div class='ocr_carea' id='block_1_19' title="bbox 2265 696 3781 771">
    <p class='ocr_par' dir='ltr' id='par_1_19' title="bbox 2265 696 3781 771">
     <span class='ocr_line' id='line_1_19' title="bbox 2265 696 3781 771; baseline 0.009 -22"><span class='ocrx_word' id='word_1_128' title='bbox 2265 696 2466 760; x_wconf 76' lang='grc' dir='ltr'>ἔξωθεν</span> <span class='ocrx_word' id='word_1_129' title='bbox 2503 697 2763 765; x_wconf 82' lang='grc' dir='ltr'>γίνονται,</span> <span class='ocrx_word' id='word_1_130' title='bbox 2794 699 3212 771; x_wconf 77' lang='grc' dir='ltr'>ὲπιτιμηθέντες</span> <span class='ocrx_word' id='word_1_131' title='bbox 3240 702 3563 771; x_wconf 76' lang='grc' dir='ltr'><strong>δικαιότατα,</strong></span> <span class='ocrx_word' id='word_1_132' title='bbox 3594 706 3646 759; x_wconf 80' lang='grc' dir='ltr'>οὐ</span> <span class='ocrx_word' id='word_1_133' title='bbox 3671 710 3781 762; x_wconf 73' lang='grc' dir='ltr'>κατὰ</span> 
     </span>
    </p>
   </div>
   <div class='ocr_carea' id='block_1_20' title="bbox 2270 789 3781 870">
    <p class='ocr_par' dir='ltr' id='par_1_20' title="bbox 2270 789 3781 870">
     <span class='ocr_line' id='line_1_20' title="bbox 2270 789 3781 870; baseline 0.007 -30"><span class='ocrx_word' id='word_1_134' title='bbox 2270 790 2449 857; x_wconf 84' lang='grc' dir='ltr'>μῖσος,</span> <span class='ocrx_word' id='word_1_135' title='bbox 2498 789 2635 843; x_wconf 90' lang='grc' dir='ltr'><strong>ἀλλά</strong></span> <span class='ocrx_word' id='word_1_136' title='bbox 2678 790 2820 844; x_wconf 89' lang='grc' dir='ltr'><strong>κατά</strong></span> <span class='ocrx_word' id='word_1_137' title='bbox 2855 791 3172 863; x_wconf 63' lang='grc' dir='ltr'>ἐπιμέλειαν</span> <span class='ocrx_word' id='word_1_138' title='bbox 3222 793 3316 845; x_wconf 80' lang='grc' dir='ltr'><strong>τοῦ</strong></span> <span class='ocrx_word' id='word_1_139' title='bbox 3365 795 3516 849; x_wconf 77' lang='grc' dir='ltr'>θεοῦ.</span> <span class='ocrx_word' id='word_1_140' title='bbox 3552 799 3676 868; x_wconf 66' lang='grc' dir='ltr'>Φησὶ</span> <span class='ocrx_word' id='word_1_141' title='bbox 3701 800 3781 870; x_wconf 81' lang='grc' dir='ltr'><strong>γὰρ</strong></span> 
     </span>
    </p>
   </div>
   <div class='ocr_carea' id='block_1_21' title="bbox 2267 880 3781 958">
    <p class='ocr_par' dir='ltr' id='par_1_21' title="bbox 2267 880 3781 958">
     <span class='ocr_line' id='line_1_21' title="bbox 2267 880 3781 958; baseline 0.009 -27"><span class='ocrx_word' id='word_1_142' title='bbox 2267 880 2407 951; x_wconf 73' lang='grc' dir='ltr'>πρὸς</span> <span class='ocrx_word' id='word_1_143' title='bbox 2458 881 2657 945; x_wconf 80' lang='grc' dir='ltr'>αὐτοὺς</span> <span class='ocrx_word' id='word_1_144' title='bbox 2706 885 2735 935; x_wconf 85' lang='grc' dir='ltr'><strong>ὁ</strong></span> <span class='ocrx_word' id='word_1_145' title='bbox 2777 882 3014 954; x_wconf 78' lang='grc' dir='ltr'>Κύριος’</span> <span class='ocrx_word' id='word_1_146' title='bbox 3051 883 3143 953; x_wconf 79' lang='grc' dir='ltr'><strong>Γῆ</strong></span> <span class='ocrx_word' id='word_1_147' title='bbox 3182 881 3254 949; x_wconf 73' lang='grc' dir='ltr'>εἴ,</span> <span class='ocrx_word' id='word_1_148' title='bbox 3311 887 3408 940; x_wconf 75' lang='grc' dir='ltr'><strong>καί</strong></span> <span class='ocrx_word' id='word_1_149' title='bbox 3454 888 3665 958; x_wconf 78' lang='grc' dir='ltr'>είςτῆν</span> <span class='ocrx_word' id='word_1_150' title='bbox 3697 892 3781 945; x_wconf 69' lang='lat' dir='ltr'><strong>da-</strong></span> 
     </span>
    </p>
   </div>
   <div class='ocr_carea' id='block_1_22' title="bbox 2267 973 3782 1051">
    <p class='ocr_par' dir='ltr' id='par_1_22' title="bbox 2267 973 3782 1051">
     <span class='ocr_line' id='line_1_22' title="bbox 2267 973 3782 1051; baseline 0.005 -26"><span class='ocrx_word' id='word_1_151' title='bbox 2267 973 2795 1045; x_wconf 76' lang='grc' dir='ltr'>ελεύσῃ.Ἕδειγάρ</span> <span class='ocrx_word' id='word_1_152' title='bbox 2821 974 2912 1028; x_wconf 74' lang='grc' dir='ltr'><strong>τὸν</strong></span> <span class='ocrx_word' id='word_1_153' title='bbox 2937 975 3105 1039; x_wconf 86' lang='grc' dir='ltr'>ὄντως</span> <span class='ocrx_word' id='word_1_154' title='bbox 3127 976 3255 1031; x_wconf 90' lang='grc' dir='ltr'>ὄντα</span> <span class='ocrx_word' id='word_1_155' title='bbox 3274 978 3534 1049; x_wconf 78' lang='grc' dir='ltr'><strong>τεχνίτην,</strong></span> <span class='ocrx_word' id='word_1_156' title='bbox 3551 982 3782 1051; x_wconf 80' lang='grc' dir='ltr'><strong>κεραμέως</strong></span> 
     </span>
    </p>
   </div>
   <div class='ocr_carea' id='block_1_23' title="bbox 2266 1062 3783 1143">
    <p class='ocr_par' dir='ltr' id='par_1_23' title="bbox 2266 1062 3783 1143">
     <span class='ocr_line' id='line_1_23' title="bbox 2266 1062 3783 1143; baseline 0.007 -28"><span class='ocrx_word' id='word_1_157' title='bbox 2266 1062 2420 1135; x_wconf 83' lang='grc' dir='ltr'>δίκην</span> <span class='ocrx_word' id='word_1_158' title='bbox 2450 1065 2843 1136; x_wconf 77' lang='grc' dir='ltr'><strong>ἐπιμελόμενον</strong></span> <span class='ocrx_word' id='word_1_159' title='bbox 2869 1067 2964 1120; x_wconf 86' lang='grc' dir='ltr'><strong>τοῦ</strong></span> <span class='ocrx_word' id='word_1_160' title='bbox 2991 1067 3122 1121; x_wconf 83' lang='grc' dir='ltr'>ἰδίου</span> <span class='ocrx_word' id='word_1_161' title='bbox 3155 1068 3243 1122; x_wconf 79' lang='grc' dir='ltr'>διὰ</span> <span class='ocrx_word' id='word_1_162' title='bbox 3295 1069 3490 1140; x_wconf 82' lang='grc' dir='ltr'>χειρῶν</span> <span class='ocrx_word' id='word_1_163' title='bbox 3524 1070 3783 1143; x_wconf 81' lang='grc' dir='ltr'>πεπλασμέ-</span> 
     </span>
    </p>
   </div>
   <div class='ocr_carea' id='block_1_24' title="bbox 2266 1154 3784 1234">
    <p class='ocr_par' dir='ltr' id='par_1_24' title="bbox 2266 1154 3784 1234">
     <span class='ocr_line' id='line_1_24' title="bbox 2266 1154 3784 1234; baseline 0.005 -26"><span class='ocrx_word' id='word_1_164' title='bbox 2266 1171 2358 1209; x_wconf 89' lang='grc' dir='ltr'><strong>νου</strong></span> <span class='ocrx_word' id='word_1_165' title='bbox 2387 1154 2552 1208; x_wconf 80' lang='grc' dir='ltr'>αὐτοῦ</span> <span class='ocrx_word' id='word_1_166' title='bbox 2587 1157 2903 1228; x_wconf 61' lang='grc' dir='ltr'>πλάσμτός</span> <span class='ocrx_word' id='word_1_167' title='bbox 2936 1175 2995 1211; x_wconf 88' lang='grc' dir='ltr'><strong>τε</strong></span> <span class='ocrx_word' id='word_1_168' title='bbox 3039 1158 3136 1211; x_wconf 69' lang='grc' dir='ltr'><strong>καὶ</strong></span> <span class='ocrx_word' id='word_1_169' title='bbox 3176 1158 3400 1226; x_wconf 82' lang='grc' dir='ltr'>ἀγγους,</span> <span class='ocrx_word' id='word_1_170' title='bbox 3435 1160 3582 1213; x_wconf 86' lang='grc' dir='ltr'>τοῦτο</span> <span class='ocrx_word' id='word_1_171' title='bbox 3606 1160 3784 1234; x_wconf 75' lang='grc' dir='ltr'>ὕστερον</span> 
     </span>
    </p>
   </div>
   <div class='ocr_carea' id='block_1_25' title="bbox 2267 1246 3785 1321">
    <p class='ocr_par' dir='ltr' id='par_1_25' title="bbox 2267 1246 3785 1321">
     <span class='ocr_line' id='line_1_25' title="bbox 2267 1246 3785 1321; baseline 0.005 -24"><span class='ocrx_word' id='word_1_172' title='bbox 2267 1246 2325 1298; x_wconf 86' lang='grc' dir='ltr'><strong>ἐν</strong></span> <span class='ocrx_word' id='word_1_173' title='bbox 2368 1246 2710 1318; x_wconf 81' lang='grc' dir='ltr'>ὲλαττώματι</span> <span class='ocrx_word' id='word_1_174' title='bbox 2752 1249 2975 1317; x_wconf 85' lang='grc' dir='ltr'>γεγονὸς</span> <span class='ocrx_word' id='word_1_175' title='bbox 3023 1247 3113 1303; x_wconf 78' lang='grc' dir='ltr'>διὰ</span> <span class='ocrx_word' id='word_1_176' title='bbox 3162 1252 3260 1321; x_wconf 74' lang='grc' dir='ltr'>τῆς</span> <span class='ocrx_word' id='word_1_177' title='bbox 3291 1251 3588 1321; x_wconf 80' lang='grc' dir='ltr'><strong>παρακοῆς,</strong></span> <span class='ocrx_word' id='word_1_178' title='bbox 3612 1253 3785 1316; x_wconf 50' lang='lat' dir='ltr'><strong>uiuis;</strong></span> 
     </span>
    </p>
   </div>
   <div class='ocr_carea' id='block_1_26' title="bbox 2267 1338 3783 1413">
    <p class='ocr_par' dir='ltr' id='par_1_26' title="bbox 2267 1338 3783 1413">
     <span class='ocr_line' id='line_1_26' title="bbox 2267 1338 3783 1413; baseline 0.003 -24"><span class='ocrx_word' id='word_1_179' title='bbox 2267 1339 2462 1402; x_wconf 75' lang='grc' dir='ltr'>εἰπεῖν,</span> <span class='ocrx_word' id='word_1_180' title='bbox 2498 1338 2578 1392; x_wconf 81' lang='grc' dir='ltr'>ἔτι</span> <span class='ocrx_word' id='word_1_181' title='bbox 2609 1340 2783 1411; x_wconf 81' lang='grc' dir='ltr'>πηλοῦ</span> <span class='ocrx_word' id='word_1_182' title='bbox 2817 1342 2989 1407; x_wconf 83' lang='grc' dir='ltr'>ὄντος,</span> <span class='ocrx_word' id='word_1_183' title='bbox 3024 1342 3118 1396; x_wconf 71' lang='grc' dir='ltr'><strong>καὶ</strong></span> <span class='ocrx_word' id='word_1_184' title='bbox 3145 1343 3219 1406; x_wconf 85' lang='grc' dir='ltr'>ὡς</span> <span class='ocrx_word' id='word_1_185' title='bbox 3246 1342 3351 1396; x_wconf 79' lang='grc' dir='ltr'><strong>ὑπὸ</strong></span> <span class='ocrx_word' id='word_1_186' title='bbox 3376 1342 3577 1413; x_wconf 78' lang='grc' dir='ltr'>ραγάδα</span> <span class='ocrx_word' id='word_1_187' title='bbox 3598 1343 3783 1413; x_wconf 66' lang='grc' dir='ltr'>ἀπόρρυ-</span> 
     </span>
    </p>
   </div>
   <div class='ocr_carea' id='block_1_27' title="bbox 2270 1430 3784 1504">
    <p class='ocr_par' dir='ltr' id='par_1_27' title="bbox 2270 1430 3784 1504">
     <span class='ocr_line' id='line_1_27' title="bbox 2270 1430 3784 1504; baseline 0.003 -23"><span class='ocrx_word' id='word_1_188' title='bbox 2270 1431 2388 1498; x_wconf 83' lang='grc' dir='ltr'><strong>μα¹</strong></span> <span class='ocrx_word' id='word_1_189' title='bbox 2423 1430 2704 1497; x_wconf 79' lang='grc' dir='ltr'>γεγονότος</span> <span class='ocrx_word' id='word_1_190' title='bbox 2757 1431 2850 1485; x_wconf 81' lang='grc' dir='ltr'><strong>τοῦ</strong></span> <span class='ocrx_word' id='word_1_191' title='bbox 2900 1434 3120 1501; x_wconf 81' lang='grc' dir='ltr'>ἀγγους,</span> <span class='ocrx_word' id='word_1_192' title='bbox 3160 1433 3235 1504; x_wconf 82' lang='grc' dir='ltr'>μὴ</span> <span class='ocrx_word' id='word_1_193' title='bbox 3280 1434 3437 1487; x_wconf 75' lang='grc' dir='ltr'>ἐάσαι</span> <span class='ocrx_word' id='word_1_194' title='bbox 3484 1432 3659 1496; x_wconf 73' lang='grc' dir='ltr'>οὕτως,</span> <span class='ocrx_word' id='word_1_195' title='bbox 3686 1434 3784 1486; x_wconf 64' lang='grc' dir='ltr'>ἀλλὰ</span> 
     </span>
    </p>
   </div>
   <div class='ocr_carea' id='block_1_28' title="bbox 2271 1520 3781 1596">
    <p class='ocr_par' dir='ltr' id='par_1_28' title="bbox 2271 1520 3781 1596">
     <span class='ocr_line' id='line_1_28' title="bbox 2271 1520 3781 1596; baseline 0.013 -25"><span class='ocrx_word' id='word_1_196' title='bbox 2271 1520 2594 1590; x_wconf 84' lang='grc' dir='ltr'>μεταϐαλεῖν</span> <span class='ocrx_word' id='word_1_197' title='bbox 2624 1524 2704 1586; x_wconf 81' lang='grc' dir='ltr'><strong>είς</strong></span> <span class='ocrx_word' id='word_1_198' title='bbox 2734 1523 2793 1577; x_wconf 81' lang='grc' dir='ltr'><strong>τὸ</strong></span> <span class='ocrx_word' id='word_1_199' title='bbox 2822 1525 3047 1596; x_wconf 90' lang='grc' dir='ltr'>ἀρχαῖον</span> <span class='ocrx_word' id='word_1_200' title='bbox 3079 1524 3334 1596; x_wconf 68' lang='grc' dir='ltr'>φύραμαο</span> <span class='ocrx_word' id='word_1_201' title='bbox 3369 1525 3454 1578; x_wconf 75' lang='grc' dir='ltr'>ἵνα</span> <span class='ocrx_word' id='word_1_202' title='bbox 3486 1520 3629 1588; x_wconf 73' lang='grc' dir='ltr'>αὖθις</span> <span class='ocrx_word' id='word_1_203' title='bbox 3668 1526 3712 1576; x_wconf 66' lang='grc' dir='ltr'><strong>ὲν</strong></span> <span class='ocrx_word' id='word_1_204' title='bbox 3736 1526 3781 1593; x_wconf 66' lang='grc' dir='ltr'><strong>τῇ</strong></span> 
     </span>
    </p>
   </div>
   <div class='ocr_carea' id='block_1_29' title="bbox 2269 1610 3784 1690">
    <p class='ocr_par' dir='ltr' id='par_1_29' title="bbox 2269 1610 3784 1690">
     <span class='ocr_line' id='line_1_29' title="bbox 2269 1610 3784 1690; baseline 0.003 -28"><span class='ocrx_word' id='word_1_205' title='bbox 2269 1610 2659 1685; x_wconf 71' lang='grc' dir='ltr'><strong>παλιγγενεσία</strong></span> <span class='ocrx_word' id='word_1_206' title='bbox 2686 1616 3035 1690; x_wconf 78' lang='grc' dir='ltr'>ἀνασκευάσῃ</span> <span class='ocrx_word' id='word_1_207' title='bbox 3064 1616 3123 1669; x_wconf 76' lang='grc' dir='ltr'>τὸ</span> <span class='ocrx_word' id='word_1_208' title='bbox 3153 1618 3323 1686; x_wconf 84' lang='grc' dir='ltr'>ἄγγος</span> <span class='ocrx_word' id='word_1_209' title='bbox 3354 1619 3412 1670; x_wconf 82' lang='grc' dir='ltr'>ὲν</span> <span class='ocrx_word' id='word_1_210' title='bbox 3439 1619 3503 1687; x_wconf 83' lang='grc' dir='ltr'>τῇ</span> <span class='ocrx_word' id='word_1_211' title='bbox 3550 1615 3784 1669; x_wconf 75' lang='grc' dir='ltr'>ἀναστάσει</span> 
     </span>
    </p>
   </div>
   <div class='ocr_carea' id='block_1_30' title="bbox 2267 1703 3782 1779">
    <p class='ocr_par' dir='ltr' id='par_1_30' title="bbox 2267 1703 3782 1779">
     <span class='ocr_line' id='line_1_30' title="bbox 2267 1703 3782 1779; baseline 0.002 -24"><span class='ocrx_word' id='word_1_212' title='bbox 2267 1703 2347 1765; x_wconf 87' lang='grc' dir='ltr'><strong>είς</strong></span> <span class='ocrx_word' id='word_1_213' title='bbox 2380 1703 2479 1773; x_wconf 86' lang='grc' dir='ltr'>τὴν</span> <span class='ocrx_word' id='word_1_214' title='bbox 2510 1704 2741 1776; x_wconf 83' lang='grc' dir='ltr'>ἀρχαίαν</span> <span class='ocrx_word' id='word_1_215' title='bbox 2786 1706 3135 1779; x_wconf 75' lang='grc' dir='ltr'><strong>φαιδρότητα,</strong></span> <span class='ocrx_word' id='word_1_216' title='bbox 3170 1707 3265 1762; x_wconf 77' lang='grc' dir='ltr'>καὶ</span> <span class='ocrx_word' id='word_1_217' title='bbox 3319 1707 3399 1761; x_wconf 80' lang='grc' dir='ltr'><strong>ἔτι</strong></span> <span class='ocrx_word' id='word_1_218' title='bbox 3449 1706 3782 1778; x_wconf 80' lang='grc' dir='ltr'>περιττότερον·</span> 
     </span>
    </p>
   </div>
   <div class='ocr_carea' id='block_1_31' title="bbox 583 1786 2171 1871">
    <p class='ocr_par' dir='ltr' id='par_1_31' title="bbox 583 1786 2165 1859">
     <span class='ocr_line' id='line_1_31' title="bbox 583 1786 2165 1859; baseline -0.006 -13"><span class='ocrx_word' id='word_1_219' title='bbox 583 1792 887 1847; x_wconf 86' lang='lat' dir='ltr'><strong>instaurata</strong></span> <span class='ocrx_word' id='word_1_220' title='bbox 940 1790 1032 1843; x_wconf 91' lang='lat' dir='ltr'><strong>illa</strong></span> <span class='ocrx_word' id='word_1_221' title='bbox 1077 1788 1464 1859; x_wconf 79' lang='lat' dir='ltr'><strong>generatione,</strong></span> <span class='ocrx_word' id='word_1_222' title='bbox 1527 1786 1632 1841; x_wconf 93' lang='lat' dir='ltr'><strong>hoc</strong></span> <span class='ocrx_word' id='word_1_223' title='bbox 1683 1793 1768 1841; x_wconf 86' lang='lat' dir='ltr'><strong>est</strong></span> <span class='ocrx_word' id='word_1_224' title='bbox 1823 1790 2165 1837; x_wconf 90' lang='lat' dir='ltr'><strong>mortuorum</strong></span> 
     </span>
    </p>
   </div>
   <div class='ocr_carea' id='block_1_32' title="bbox 2272 1786 3784 1871">
    <p class='ocr_par' dir='ltr' id='par_1_32' title="bbox 2272 1795 3784 1871">
     <span class='ocr_line' id='line_1_32' title="bbox 2272 1795 3784 1871; baseline 0.003 -24"><span class='ocrx_word' id='word_1_225' title='bbox 2272 1795 2516 1850; x_wconf 80' lang='grc' dir='ltr'>τουτέστι</span> <span class='ocrx_word' id='word_1_226' title='bbox 2544 1797 2612 1852; x_wconf 86' lang='grc' dir='ltr'>τὰ</span> <span class='ocrx_word' id='word_1_227' title='bbox 2640 1798 2867 1871; x_wconf 86' lang='grc' dir='ltr'>σώματα</span> <span class='ocrx_word' id='word_1_228' title='bbox 2905 1801 3014 1855; x_wconf 82' lang='grc' dir='ltr'><strong>τῶν</strong></span> <span class='ocrx_word' id='word_1_229' title='bbox 3052 1803 3121 1856; x_wconf 82' lang='grc' dir='ltr'><strong>τά</strong></span> <span class='ocrx_word' id='word_1_230' title='bbox 3164 1800 3475 1856; x_wconf 85' lang='grc' dir='ltr'>ἀδικώτατα</span> <span class='ocrx_word' id='word_1_231' title='bbox 3502 1800 3784 1871; x_wconf 76' lang='grc' dir='ltr'>πραξάντων,</span> 
     </span>
    </p>
   </div>
   <div class='ocr_carea' id='block_1_33' title="bbox 581 1870 2171 1962">
    <p class='ocr_par' dir='ltr' id='par_1_33' title="bbox 581 1874 2166 1950">
     <span class='ocr_line' id='line_1_33' title="bbox 581 1874 2166 1950; baseline -0.008 -10"><span class='ocrx_word' id='word_1_232' title='bbox 581 1884 949 1948; x_wconf 80' lang='lat' dir='ltr'><strong>excitatione,</strong></span> <span class='ocrx_word' id='word_1_233' title='bbox 990 1897 1089 1939; x_wconf 85' lang='lat' dir='ltr'><strong>vas</strong></span> <span class='ocrx_word' id='word_1_234' title='bbox 1143 1881 1278 1935; x_wconf 91' lang='lat' dir='ltr'><strong>illud</strong></span> <span class='ocrx_word' id='word_1_235' title='bbox 1326 1879 1564 1950; x_wconf 89' lang='lat' dir='ltr'><strong>priorem</strong></span> <span class='ocrx_word' id='word_1_236' title='bbox 1607 1876 1674 1931; x_wconf 88' lang='lat' dir='ltr'><strong>ad</strong></span> <span class='ocrx_word' id='word_1_237' title='bbox 1706 1874 2166 1946; x_wconf 83' lang='lat' dir='ltr'><strong>pulchritudinem</strong></span> 
     </span>
    </p>
   </div>
   <div class='ocr_carea' id='block_1_34' title="bbox 2272 1870 3787 1962">
    <p class='ocr_par' dir='ltr' id='par_1_34' title="bbox 2272 1870 3787 1962">
     <span class='ocr_line' id='line_1_34' title="bbox 2272 1870 3787 1962; baseline 0.004 -24"><span class='ocrx_word' id='word_1_238' title='bbox 2272 1887 2364 1940; x_wconf 77' lang='grc' dir='ltr'>καὶ</span> <span class='ocrx_word' id='word_1_239' title='bbox 2397 1870 2863 1962; x_wconf 66' lang='grc' dir='ltr'>μετανοησάντων,</span> <span class='ocrx_word' id='word_1_240' title='bbox 2881 1894 2976 1946; x_wconf 80' lang='grc' dir='ltr'>καὶ</span> <span class='ocrx_word' id='word_1_241' title='bbox 2996 1894 3350 1961; x_wconf 69' lang='grc' dir='ltr'>ἀποστάντων</span> <span class='ocrx_word' id='word_1_242' title='bbox 3380 1893 3487 1947; x_wconf 83' lang='grc' dir='ltr'><strong>τῶν</strong></span> <span class='ocrx_word' id='word_1_243' title='bbox 3515 1870 3643 1946; x_wconf 86' lang='grc' dir='ltr'>ίδίων</span> <span class='ocrx_word' id='word_1_244' title='bbox 3662 1892 3787 1961; x_wconf 68' lang='grc' dir='ltr'>σφαλ-</span> 
     </span>
    </p>
   </div>
   <div class='ocr_carea' id='block_1_35' title="bbox 583 1967 2171 2045">
    <p class='ocr_par' dir='ltr' id='par_1_35' title="bbox 583 1967 2171 2045">
     <span class='ocr_line' id='line_1_35' title="bbox 583 1967 2171 2045; baseline -0.005 -16"><span class='ocrx_word' id='word_1_245' title='bbox 583 1976 929 2045; x_wconf 89' lang='lat' dir='ltr'><strong>nitoremquc</strong></span> <span class='ocrx_word' id='word_1_246' title='bbox 967 1981 1282 2037; x_wconf 80' lang='lat' dir='ltr'><strong>revocaret;</strong></span> <span class='ocrx_word' id='word_1_247' title='bbox 1331 1971 1441 2025; x_wconf 91' lang='lat' dir='ltr'><strong>imo</strong></span> <span class='ocrx_word' id='word_1_248' title='bbox 1478 1968 1682 2039; x_wconf 83' lang='lat' dir='ltr'><strong>aliquid</strong></span> <span class='ocrx_word' id='word_1_249' title='bbox 1720 1968 1768 2023; x_wconf 93' lang='lat' dir='ltr'><strong>ei</strong></span> <span class='ocrx_word' id='word_1_250' title='bbox 1816 1967 2043 2038; x_wconf 88' lang='lat' dir='ltr'><strong>insuper</strong></span> <span class='ocrx_word' id='word_1_251' title='bbox 2075 1967 2171 2021; x_wconf 84' lang='lat' dir='ltr'><strong>ad-</strong></span> 
     </span>
    </p>
   </div>
   <div class='ocr_carea' id='block_1_36' title="bbox 579 2058 2169 2136">
    <p class='ocr_par' dir='ltr' id='par_1_36' title="bbox 579 2058 2169 2136">
     <span class='ocr_line' id='line_1_36' title="bbox 579 2058 2169 2136; baseline -0.002 -18"><span class='ocrx_word' id='word_1_252' title='bbox 579 2064 796 2136; x_wconf 85' lang='lat' dir='ltr'><strong>jiceret.</strong></span> <span class='ocrx_word' id='word_1_253' title='bbox 847 2063 1005 2130; x_wconf 87' lang='lat' dir='ltr'><strong>Quod</strong></span> <span class='ocrx_word' id='word_1_254' title='bbox 1049 2063 1117 2119; x_wconf 90' lang='lat' dir='ltr'><strong>de</strong></span> <span class='ocrx_word' id='word_1_255' title='bbox 1162 2078 1352 2117; x_wconf 90' lang='lat' dir='ltr'><strong>eorum</strong></span> <span class='ocrx_word' id='word_1_256' title='bbox 1412 2062 1738 2132; x_wconf 83' lang='lat' dir='ltr'><strong>corporibus</strong></span> <span class='ocrx_word' id='word_1_257' title='bbox 1789 2058 2169 2130; x_wconf 88' lang='lat' dir='ltr'><strong>accipiendum</strong></span> 
     </span>
    </p>
   </div>
   <div class='ocr_carea' id='block_1_37' title="bbox 582 2152 2173 2225">
    <p class='ocr_par' dir='ltr' id='par_1_37' title="bbox 582 2152 2173 2225">
     <span class='ocr_line' id='line_1_37' title="bbox 582 2152 2173 2225; baseline -0.004 -15"><span class='ocrx_word' id='word_1_258' title='bbox 582 2163 689 2220; x_wconf 83' lang='lat' dir='ltr'><strong>est,</strong></span> <span class='ocrx_word' id='word_1_259' title='bbox 718 2155 812 2225; x_wconf 87' lang='lat' dir='ltr'><strong>qui</strong></span> <span class='ocrx_word' id='word_1_260' title='bbox 844 2164 966 2225; x_wconf 90' lang='lat' dir='ltr'><strong>post</strong></span> <span class='ocrx_word' id='word_1_261' title='bbox 991 2152 1265 2209; x_wconf 86' lang='lat' dir='ltr'><strong>horrenda</strong></span> <span class='ocrx_word' id='word_1_262' title='bbox 1299 2153 1510 2209; x_wconf 87' lang='lat' dir='ltr'><strong>scelera</strong></span> <span class='ocrx_word' id='word_1_263' title='bbox 1545 2152 1866 2223; x_wconf 74' lang='lat' dir='ltr'><strong>pmnitentia</strong></span> <span class='ocrx_word' id='word_1_264' title='bbox 1904 2152 2077 2216; x_wconf 90' lang='lat' dir='ltr'><strong>ducti,</strong></span> <span class='ocrx_word' id='word_1_265' title='bbox 2116 2157 2173 2206; x_wconf 87' lang='lat' dir='ltr'><strong>et</strong></span> 
     </span>
    </p>
   </div>
   <div class='ocr_carea' id='block_1_38' title="bbox 582 2242 2171 2310">
    <p class='ocr_par' dir='ltr' id='par_1_38' title="bbox 582 2242 2171 2310">
     <span class='ocr_line' id='line_1_38' title="bbox 582 2242 2171 2310; baseline -0.001 -11"><span class='ocrx_word' id='word_1_266' title='bbox 582 2260 615 2299; x_wconf 84' lang='grc' dir='ltr'><strong>ιι</strong></span> <span class='ocrx_word' id='word_1_267' title='bbox 644 2245 862 2301; x_wconf 88' lang='lat' dir='ltr'><strong>delictis</strong></span> <span class='ocrx_word' id='word_1_268' title='bbox 901 2246 1178 2310; x_wconf 89' lang='lat' dir='ltr'><strong>revocati,</strong></span> <span class='ocrx_word' id='word_1_269' title='bbox 1206 2246 1261 2300; x_wconf 94' lang='lat' dir='ltr'><strong>in</strong></span> <span class='ocrx_word' id='word_1_270' title='bbox 1300 2244 1432 2301; x_wconf 79' lang='lat' dir='ltr'><strong>Jesu</strong></span> <span class='ocrx_word' id='word_1_271' title='bbox 1474 2244 1684 2300; x_wconf 89' lang='lat' dir='ltr'><strong>Christi</strong></span> <span class='ocrx_word' id='word_1_272' title='bbox 1735 2242 1952 2298; x_wconf 89' lang='lat' dir='ltr'><strong>Domini</strong></span> <span class='ocrx_word' id='word_1_273' title='bbox 1995 2242 2171 2298; x_wconf 89' lang='lat' dir='ltr'><strong>nostri</strong></span> 
     </span>
    </p>
   </div>
   <div class='ocr_carea' id='block_1_39' title="bbox 582 2335 2163 2410">
    <p class='ocr_par' dir='ltr' id='par_1_39' title="bbox 582 2335 2163 2410">
     <span class='ocr_line' id='line_1_39' title="bbox 582 2335 2163 2410; baseline -0.003 -17"><span class='ocrx_word' id='word_1_274' title='bbox 582 2338 897 2409; x_wconf 82' lang='lat' dir='ltr'><strong>cOgnitione</strong></span> <span class='ocrx_word' id='word_1_275' title='bbox 933 2337 1160 2410; x_wconf 83' lang='lat' dir='ltr'><strong>perfecti</strong></span> <span class='ocrx_word' id='word_1_276' title='bbox 1196 2344 1355 2405; x_wconf 90' lang='lat' dir='ltr'><strong>sunt,</strong></span> <span class='ocrx_word' id='word_1_277' title='bbox 1388 2345 1448 2391; x_wconf 91' lang='lat' dir='ltr'><strong>ut</strong></span> <span class='ocrx_word' id='word_1_278' title='bbox 1475 2338 1567 2391; x_wconf 89' lang='lat' dir='ltr'><strong>illa</strong></span> <span class='ocrx_word' id='word_1_279' title='bbox 1594 2337 1661 2397; x_wconf 86' lang='lat' dir='ltr'><strong>de</strong></span> <span class='ocrx_word' id='word_1_280' title='bbox 1687 2344 1833 2392; x_wconf 90' lang='lat' dir='ltr'><strong>terra</strong></span> <span class='ocrx_word' id='word_1_281' title='bbox 1859 2350 2041 2390; x_wconf 88' lang='lat' dir='ltr'><strong>massa</strong></span> <span class='ocrx_word' id='word_1_282' title='bbox 2067 2335 2163 2390; x_wconf 92' lang='lat' dir='ltr'><strong>dc-</strong></span> 
     </span>
    </p>
   </div>
   <div class='ocr_carea' id='block_1_40' title="bbox 582 2424 2165 2498">
    <p class='ocr_par' dir='ltr' id='par_1_40' title="bbox 582 2424 2165 2498">
     <span class='ocr_line' id='line_1_40' title="bbox 582 2424 2165 2498; baseline -0.001 -19"><span class='ocrx_word' id='word_1_283' title='bbox 582 2440 695 2479; x_wconf 90' lang='lat' dir='ltr'><strong>nuo</strong></span> <span class='ocrx_word' id='word_1_284' title='bbox 738 2434 1019 2498; x_wconf 76' lang='lat' dir='ltr'><strong>resurgat,</strong></span> <span class='ocrx_word' id='word_1_285' title='bbox 1070 2426 1275 2497; x_wconf 81' lang='lat' dir='ltr'><strong>argillae</strong></span> <span class='ocrx_word' id='word_1_286' title='bbox 1317 2425 1522 2491; x_wconf 89' lang='lat' dir='ltr'><strong>instar,</strong></span> <span class='ocrx_word' id='word_1_287' title='bbox 1566 2440 1687 2496; x_wconf 66' lang='lat' dir='ltr'><strong>qua:</strong></span> <span class='ocrx_word' id='word_1_288' title='bbox 1733 2424 1962 2480; x_wconf 87' lang='lat' dir='ltr'><strong>artiﬁcis</strong></span> <span class='ocrx_word' id='word_1_289' title='bbox 2000 2439 2165 2478; x_wconf 90' lang='lat' dir='ltr'><strong>manu</strong></span> 
     </span>
    </p>
   </div>
   <div class='ocr_carea' id='block_1_41' title="bbox 2270 1978 3784 2057">
    <p class='ocr_par' dir='ltr' id='par_1_41' title="bbox 2270 1978 3784 2057">
     <span class='ocr_line' id='line_1_41' title="bbox 2270 1978 3784 2057; baseline 0.001 -25"><span class='ocrx_word' id='word_1_290' title='bbox 2270 1978 2478 2049; x_wconf 80' lang='grc' dir='ltr'>μάτων,</span> <span class='ocrx_word' id='word_1_291' title='bbox 2515 1983 2608 2036; x_wconf 71' lang='grc' dir='ltr'><strong>καὶ</strong></span> <span class='ocrx_word' id='word_1_292' title='bbox 2657 1984 2713 2037; x_wconf 75' lang='grc' dir='ltr'>ἐν</span> <span class='ocrx_word' id='word_1_293' title='bbox 2755 1986 2820 2055; x_wconf 78' lang='grc' dir='ltr'>τῇ</span> <span class='ocrx_word' id='word_1_294' title='bbox 2867 1984 3067 2054; x_wconf 85' lang='grc' dir='ltr'>γνώσει</span> <span class='ocrx_word' id='word_1_295' title='bbox 3110 1985 3203 2040; x_wconf 90' lang='grc' dir='ltr'><strong>τοῦ</strong></span> <span class='ocrx_word' id='word_1_296' title='bbox 3251 1985 3462 2057; x_wconf 81' lang='grc' dir='ltr'><strong>Κυρίου</strong></span> <span class='ocrx_word' id='word_1_297' title='bbox 3492 1983 3632 2056; x_wconf 81' lang='grc' dir='ltr'>ἡμῶν</span> <span class='ocrx_word' id='word_1_298' title='bbox 3655 1979 3784 2052; x_wconf 78' lang='grc' dir='ltr'>Ἰησοῦ</span> 
     </span>
    </p>
   </div>
   <div class='ocr_carea' id='block_1_42' title="bbox 2267 2067 3785 2147">
    <p class='ocr_par' dir='ltr' id='par_1_42' title="bbox 2267 2067 3785 2147">
     <span class='ocr_line' id='line_1_42' title="bbox 2267 2067 3785 2147; baseline 0.011 -27"><span class='ocrx_word' id='word_1_299' title='bbox 2267 2067 2503 2140; x_wconf 81' lang='grc' dir='ltr'>Χριστοῦ</span> <span class='ocrx_word' id='word_1_300' title='bbox 2552 2072 2980 2129; x_wconf 74' lang='grc' dir='ltr'>τελειωθέντωνο</span> <span class='ocrx_word' id='word_1_301' title='bbox 3013 2077 3101 2131; x_wconf 83' lang='grc' dir='ltr'>ἵνα</span> <span class='ocrx_word' id='word_1_302' title='bbox 3127 2075 3355 2147; x_wconf 77' lang='grc' dir='ltr'>γένηται</span> <span class='ocrx_word' id='word_1_303' title='bbox 3395 2076 3487 2130; x_wconf 90' lang='grc' dir='ltr'><strong>τοῦ</strong></span> <span class='ocrx_word' id='word_1_304' title='bbox 3527 2075 3785 2147; x_wconf 74' lang='grc' dir='ltr'>φυράματος</span> 
     </span>
    </p>
   </div>
   <div class='ocr_carea' id='block_1_43' title="bbox 2269 2157 3785 2238">
    <p class='ocr_par' dir='ltr' id='par_1_43' title="bbox 2269 2157 3785 2238">
     <span class='ocr_line' id='line_1_43' title="bbox 2269 2157 3785 2238; baseline 0.015 -27"><span class='ocrx_word' id='word_1_305' title='bbox 2269 2157 2304 2227; x_wconf 77' lang='grc' dir='ltr'><strong>ἡ</strong></span> <span class='ocrx_word' id='word_1_306' title='bbox 2332 2158 2629 2226; x_wconf 84' lang='grc' dir='ltr'>ἀνάστασις</span> <span class='ocrx_word' id='word_1_307' title='bbox 2657 2162 2723 2216; x_wconf 81' lang='grc' dir='ltr'>ὲκ</span> <span class='ocrx_word' id='word_1_308' title='bbox 2750 2163 2849 2235; x_wconf 87' lang='grc' dir='ltr'>τῆς</span> <span class='ocrx_word' id='word_1_309' title='bbox 2883 2165 3007 2235; x_wconf 82' lang='grc' dir='ltr'>γῆς,</span> <span class='ocrx_word' id='word_1_310' title='bbox 3038 2166 3113 2229; x_wconf 86' lang='grc' dir='ltr'>ὡς</span> <span class='ocrx_word' id='word_1_311' title='bbox 3139 2166 3370 2238; x_wconf 80' lang='grc' dir='ltr'>φύραμα</span> <span class='ocrx_word' id='word_1_312' title='bbox 3402 2165 3654 2237; x_wconf 72' lang='grc' dir='ltr'>μαλαχθὲν</span> <span class='ocrx_word' id='word_1_313' title='bbox 3674 2160 3785 2233; x_wconf 54' lang='grc' dir='ltr'><strong>παρὰ</strong></span> 
     </span>
    </p>
   </div>
   <div class='ocr_carea' id='block_1_44' title="bbox 2268 2247 3785 2330">
    <p class='ocr_par' dir='ltr' id='par_1_44' title="bbox 2268 2247 3785 2330">
     <span class='ocr_line' id='line_1_44' title="bbox 2268 2247 3785 2330; baseline 0.003 -30"><span class='ocrx_word' id='word_1_314' title='bbox 2268 2247 2362 2301; x_wconf 87' lang='grc' dir='ltr'><strong>τοῦ</strong></span> <span class='ocrx_word' id='word_1_315' title='bbox 2388 2251 2654 2320; x_wconf 83' lang='grc' dir='ltr'>τεχνίτου,</span> <span class='ocrx_word' id='word_1_316' title='bbox 2691 2255 2785 2308; x_wconf 76' lang='grc' dir='ltr'><strong>καὶ</strong></span> <span class='ocrx_word' id='word_1_317' title='bbox 2818 2252 2973 2321; x_wconf 75' lang='grc' dir='ltr'>αὖθις</span> <span class='ocrx_word' id='word_1_318' title='bbox 2998 2258 3076 2321; x_wconf 77' lang='grc' dir='ltr'><strong>εἰς</strong></span> <span class='ocrx_word' id='word_1_319' title='bbox 3102 2257 3199 2329; x_wconf 82' lang='grc' dir='ltr'><strong>τὴν</strong></span> <span class='ocrx_word' id='word_1_320' title='bbox 3228 2258 3482 2330; x_wconf 77' lang='grc' dir='ltr'>ἀρχαίαν,</span> <span class='ocrx_word' id='word_1_321' title='bbox 3512 2256 3598 2311; x_wconf 83' lang='grc' dir='ltr'>καὶ</span> <span class='ocrx_word' id='word_1_322' title='bbox 3622 2255 3686 2309; x_wconf 81' lang='grc' dir='ltr'>ἔτι</span> <span class='ocrx_word' id='word_1_323' title='bbox 3706 2252 3785 2324; x_wconf 81' lang='grc' dir='ltr'>βελ-</span> 
     </span>
    </p>
   </div>
   <div class='ocr_carea' id='block_1_45' title="bbox 2270 2338 3783 2425">
    <p class='ocr_par' dir='ltr' id='par_1_45' title="bbox 2270 2338 3783 2425">
     <span class='ocr_line' id='line_1_45' title="bbox 2270 2338 3783 2425; baseline 0.003 -32"><span class='ocrx_word' id='word_1_324' title='bbox 2270 2341 2369 2394; x_wconf 90' lang='grc' dir='ltr'><strong>τίω</strong></span> <span class='ocrx_word' id='word_1_325' title='bbox 2410 2343 2759 2402; x_wconf 80' lang='grc' dir='ltr'>ἀνατύπωσιν</span> <span class='ocrx_word' id='word_1_326' title='bbox 2806 2348 3254 2419; x_wconf 80' lang='grc' dir='ltr'>κατασκευασθῇ.</span> <span class='ocrx_word' id='word_1_327' title='bbox 3284 2347 3521 2425; x_wconf 71' lang='grc' dir='ltr'>Τοιαύτη</span> <span class='ocrx_word' id='word_1_328' title='bbox 3564 2345 3650 2417; x_wconf 78' lang='grc' dir='ltr'>μὲν</span> <span class='ocrx_word' id='word_1_329' title='bbox 3690 2338 3783 2412; x_wconf 76' lang='grc' dir='ltr'><strong>ἧνή</strong></span> 
     </span>
    </p>
   </div>
   <div class='ocr_carea' id='block_1_46' title="bbox 2272 2432 3366 2513">
    <p class='ocr_par' dir='ltr' id='par_1_46' title="bbox 2272 2432 3366 2513">
     <span class='ocr_line' id='line_1_46' title="bbox 2272 2432 3366 2513; baseline 0.011 -29"><span class='ocrx_word' id='word_1_330' title='bbox 2272 2432 2532 2510; x_wconf 74' lang='grc' dir='ltr'>ἐπιϐουλὴ</span> <span class='ocrx_word' id='word_1_331' title='bbox 2565 2438 2660 2492; x_wconf 84' lang='grc' dir='ltr'><strong>τοῦ</strong></span> <span class='ocrx_word' id='word_1_332' title='bbox 2694 2439 2870 2510; x_wconf 73' lang='grc' dir='ltr'>ὄφεως</span> <span class='ocrx_word' id='word_1_333' title='bbox 2904 2441 3042 2513; x_wconf 80' lang='grc' dir='ltr'>πρὸς</span> <span class='ocrx_word' id='word_1_334' title='bbox 3069 2440 3165 2512; x_wconf 82' lang='grc' dir='ltr'>τὴν</span> <span class='ocrx_word' id='word_1_335' title='bbox 3195 2439 3366 2496; x_wconf 77' lang='grc' dir='ltr'>Εὕαν.</span> 
     </span>
    </p>
   </div>
   <div class='ocr_carea' id='block_1_47' title="bbox 582 2517 3784 2606">
    <p class='ocr_par' dir='ltr' id='par_1_47' title="bbox 582 2517 3784 2606">
     <span class='ocr_line' id='line_1_47' title="bbox 582 2517 3784 2606; baseline 0.002 -34"><span class='ocrx_word' id='word_1_336' title='bbox 582 2518 822 2575; x_wconf 88' lang='lat' dir='ltr'><strong>mollitur</strong></span> <span class='ocrx_word' id='word_1_337' title='bbox 903 2533 968 2575; x_wconf 91' lang='lat' dir='ltr'><strong>ac</strong></span> <span class='ocrx_word' id='word_1_338' title='bbox 1053 2519 1365 2590; x_wconf 79' lang='lat' dir='ltr'><strong>subigitur;</strong></span> <span class='ocrx_word' id='word_1_339' title='bbox 1423 2534 1601 2590; x_wconf 89' lang='lat' dir='ltr'><strong>eoque</strong></span> <span class='ocrx_word' id='word_1_340' title='bbox 1664 2517 1828 2575; x_wconf 90' lang='lat' dir='ltr'><strong>modo</strong></span> <span class='ocrx_word' id='word_1_341' title='bbox 1888 2519 1945 2575; x_wconf 86' lang='lat' dir='ltr'><strong>in</strong></span> <span class='ocrx_word' id='word_1_342' title='bbox 2016 2519 2298 2590; x_wconf 85' lang='lat' dir='ltr'><strong>antiquam</strong></span> <span class='ocrx_word' id='word_1_343' title='bbox 2368 2531 2452 2585; x_wconf 90' lang='lat' dir='ltr'><strong>vel</strong></span> <span class='ocrx_word' id='word_1_344' title='bbox 2528 2535 2694 2588; x_wconf 85' lang='lat' dir='ltr'><strong>etiam</strong></span> <span class='ocrx_word' id='word_1_345' title='bbox 2761 2535 3200 2606; x_wconf 65' lang='lat' dir='ltr'><strong>praestantiorem</strong></span> <span class='ocrx_word' id='word_1_346' title='bbox 3273 2532 3513 2604; x_wconf 77' lang='lat' dir='ltr'><strong>speciem</strong></span> <span class='ocrx_word' id='word_1_347' title='bbox 3582 2527 3784 2585; x_wconf 85' lang='lat' dir='ltr'><strong>reforme-</strong></span> 
     </span>
    </p>
   </div>
   <div class='ocr_carea' id='block_1_48' title="bbox 582 2630 2169 2721">
    <p class='ocr_par' dir='ltr' id='par_1_48' title="bbox 582 2630 2169 2721">
     <span class='ocr_line' id='line_1_48' title="bbox 582 2630 2169 2721; baseline 0.002 -34"><span class='ocrx_word' id='word_1_348' title='bbox 582 2640 693 2689; x_wconf 87' lang='lat' dir='ltr'><strong>tur.</strong></span> <span class='ocrx_word' id='word_1_349' title='bbox 739 2631 899 2690; x_wconf 84' lang='lat' dir='ltr'><strong>Tales</strong></span> <span class='ocrx_word' id='word_1_350' title='bbox 938 2632 1203 2690; x_wconf 78' lang='lat' dir='ltr'><strong>advei&#39;sus</strong></span> <span class='ocrx_word' id='word_1_351' title='bbox 1224 2632 1392 2689; x_wconf 88' lang='lat' dir='ltr'><strong>Evam</strong></span> <span class='ocrx_word' id='word_1_352' title='bbox 1430 2632 1589 2721; x_wconf 75' lang='lat' dir='ltr'><strong>fuere</strong></span> <span class='ocrx_word' id='word_1_353' title='bbox 1617 2631 1892 2703; x_wconf 87' lang='lat' dir='ltr'><strong>serpentis</strong></span> <span class='ocrx_word' id='word_1_354' title='bbox 1928 2630 2169 2690; x_wconf 67' lang='lat' dir='ltr'><strong>insidiae.</strong></span> 
     </span>
    </p>
   </div>
   <div class='ocr_carea' id='block_1_49' title="bbox 658 2787 2177 2866">
    <p class='ocr_par' dir='ltr' id='par_1_49' title="bbox 658 2787 2177 2866">
     <span class='ocr_line' id='line_1_49' title="bbox 658 2787 2177 2866; baseline -0.003 -21"><span class='ocrx_word' id='word_1_355' title='bbox 658 2790 725 2846; x_wconf 90' lang='lat' dir='ltr'><strong>ll.</strong></span> <span class='ocrx_word' id='word_1_356' title='bbox 770 2790 983 2849; x_wconf 86' lang='lat' dir='ltr'><strong>Etenim</strong></span> <span class='ocrx_word' id='word_1_357' title='bbox 1023 2795 1136 2866; x_wconf 85' lang='lat' dir='ltr'><strong>jam</strong></span> <span class='ocrx_word' id='word_1_358' title='bbox 1175 2804 1288 2853; x_wconf 90' lang='lat' dir='ltr'><strong>tum</strong></span> <span class='ocrx_word' id='word_1_359' title='bbox 1332 2792 1401 2847; x_wconf 92' lang='lat' dir='ltr'><strong>ab</strong></span> <span class='ocrx_word' id='word_1_360' title='bbox 1446 2789 1606 2846; x_wconf 91' lang='lat' dir='ltr'><strong>initio</strong></span> <span class='ocrx_word' id='word_1_361' title='bbox 1652 2796 1851 2844; x_wconf 90' lang='lat' dir='ltr'><strong>natura</strong></span> <span class='ocrx_word' id='word_1_362' title='bbox 1894 2787 2177 2843; x_wconf 82' lang='lat' dir='ltr'><strong>hominum</strong></span> 
     </span>
    </p>
   </div>
   <div class='ocr_carea' id='block_1_50' title="bbox 584 2878 2180 2955">
    <p class='ocr_par' dir='ltr' id='par_1_50' title="bbox 584 2878 2180 2955">
     <span class='ocr_line' id='line_1_50' title="bbox 584 2878 2180 2955; baseline -0.006 -17"><span class='ocrx_word' id='word_1_363' title='bbox 584 2884 847 2939; x_wconf 81' lang='lat' dir='ltr'><strong>novitatis</strong></span> <span class='ocrx_word' id='word_1_364' title='bbox 904 2885 1098 2955; x_wconf 90' lang='lat' dir='ltr'><strong>cupida</strong></span> <span class='ocrx_word' id='word_1_365' title='bbox 1123 2926 1139 2953; x_wconf 88' lang='lat'><strong>,</strong></span> <span class='ocrx_word' id='word_1_366' title='bbox 1185 2885 1341 2941; x_wconf 87' lang='lat' dir='ltr'><strong>vanis</strong></span> <span class='ocrx_word' id='word_1_367' title='bbox 1366 2882 1681 2951; x_wconf 84' lang='lat' dir='ltr'><strong>dogmatum</strong></span> <span class='ocrx_word' id='word_1_368' title='bbox 1724 2878 1955 2934; x_wconf 90' lang='lat' dir='ltr'><strong>somniis</strong></span> <span class='ocrx_word' id='word_1_369' title='bbox 1981 2885 2035 2933; x_wconf 87' lang='lat' dir='ltr'><strong>et</strong></span> <span class='ocrx_word' id='word_1_370' title='bbox 2062 2878 2180 2931; x_wconf 85' lang='lat' dir='ltr'><strong>ina-</strong></span> 
     </span>
    </p>
   </div>
   <div class='ocr_carea' id='block_1_51' title="bbox 586 2967 2177 3045">
    <p class='ocr_par' dir='ltr' id='par_1_51' title="bbox 586 2967 2177 3045">
     <span class='ocr_line' id='line_1_51' title="bbox 586 2967 2177 3045; baseline -0.006 -16"><span class='ocrx_word' id='word_1_371' title='bbox 586 2975 749 3031; x_wconf 88' lang='lat' dir='ltr'><strong>nibus</strong></span> <span class='ocrx_word' id='word_1_372' title='bbox 804 2977 1095 3045; x_wconf 87' lang='lat' dir='ltr'><strong>promissis</strong></span> <span class='ocrx_word' id='word_1_373' title='bbox 1143 2977 1280 3033; x_wconf 86' lang='lat' dir='ltr'><strong>solet</strong></span> <span class='ocrx_word' id='word_1_374' title='bbox 1338 2972 1533 3043; x_wconf 90' lang='lat' dir='ltr'><strong>abripi.</strong></span> <span class='ocrx_word' id='word_1_375' title='bbox 1579 2969 1645 3024; x_wconf 88' lang='lat' dir='ltr'><strong>Et</strong></span> <span class='ocrx_word' id='word_1_376' title='bbox 1667 2970 1883 3040; x_wconf 89' lang='lat' dir='ltr'><strong>quidem</strong></span> <span class='ocrx_word' id='word_1_377' title='bbox 1907 2967 2177 3039; x_wconf 88' lang='lat' dir='ltr'><strong>principio</strong></span> 
     </span>
    </p>
   </div>
   <div class='ocr_carea' id='block_1_52' title="bbox 585 3058 2180 3137">
    <p class='ocr_par' dir='ltr' id='par_1_52' title="bbox 585 3058 2180 3137">
     <span class='ocr_line' id='line_1_52' title="bbox 585 3058 2180 3137; baseline -0.006 -18"><span class='ocrx_word' id='word_1_378' title='bbox 585 3065 763 3122; x_wconf 89' lang='lat' dir='ltr'><strong>latens</strong></span> <span class='ocrx_word' id='word_1_379' title='bbox 797 3068 886 3125; x_wconf 89' lang='lat' dir='ltr'><strong>ille</strong></span> <span class='ocrx_word' id='word_1_380' title='bbox 932 3084 996 3123; x_wconf 91' lang='lat' dir='ltr'><strong>ac</strong></span> <span class='ocrx_word' id='word_1_381' title='bbox 1041 3065 1578 3137; x_wconf 84' lang='lat' dir='ltr'><strong>sensim-obrepens,</strong></span> <span class='ocrx_word' id='word_1_382' title='bbox 1619 3061 1763 3117; x_wconf 91' lang='lat' dir='ltr'><strong>ictus</strong></span> <span class='ocrx_word' id='word_1_383' title='bbox 1796 3059 2044 3116; x_wconf 83' lang='lat' dir='ltr'><strong>venenati</strong></span> <span class='ocrx_word' id='word_1_384' title='bbox 2067 3058 2180 3114; x_wconf 77' lang='lat' dir='ltr'><strong>exi-</strong></span> 
     </span>
    </p>
   </div>
   <div class='ocr_carea' id='block_1_53' title="bbox 585 3150 2241 3252">
    <p class='ocr_par' dir='ltr' id='par_1_53' title="bbox 585 3150 2241 3252">
     <span class='ocr_line' id='line_1_53' title="bbox 585 3150 2241 3252; baseline -0.005 -41"><span class='ocrx_word' id='word_1_385' title='bbox 585 3164 702 3212; x_wconf 90' lang='lat' dir='ltr'><strong>tum</strong></span> <span class='ocrx_word' id='word_1_386' title='bbox 729 3157 1131 3215; x_wconf 88' lang='lat' dir='ltr'><strong>dissimulabat.</strong></span> <span class='ocrx_word' id='word_1_387' title='bbox 1180 3157 1378 3212; x_wconf 83' lang='lat' dir='ltr'><strong>Postea</strong></span> <span class='ocrx_word' id='word_1_388' title='bbox 1426 3167 1552 3208; x_wconf 89' lang='lat' dir='ltr'><strong>cum</strong></span> <span class='ocrx_word' id='word_1_389' title='bbox 1603 3150 1855 3205; x_wconf 87' lang='lat' dir='ltr'><strong>Salvator</strong></span> <span class='ocrx_word' id='word_1_390' title='bbox 1889 3160 2171 3220; x_wconf 88' lang='lat' dir='ltr'><strong>assumpto</strong></span> <span class='ocrx_word' id='word_1_391' title='bbox 2197 3194 2241 3252; x_wconf 61' lang='grc' dir='ltr'>ο</span> 
     </span>
    </p>
   </div>
   <div class='ocr_carea' id='block_1_54' title="bbox 585 3242 2165 3319">
    <p class='ocr_par' dir='ltr' id='par_1_54' title="bbox 585 3242 2165 3319">
     <span class='ocr_line' id='line_1_54' title="bbox 585 3242 2165 3319; baseline -0.005 -16"><span class='ocrx_word' id='word_1_392' title='bbox 585 3262 817 3319; x_wconf 84' lang='lat' dir='ltr'><strong>corpore</strong></span> <span class='ocrx_word' id='word_1_393' title='bbox 846 3251 1106 3317; x_wconf 87' lang='lat' dir='ltr'><strong>venisset,</strong></span> <span class='ocrx_word' id='word_1_394' title='bbox 1133 3250 1283 3304; x_wconf 87' lang='lat' dir='ltr'><strong>virus</strong></span> <span class='ocrx_word' id='word_1_395' title='bbox 1310 3262 1472 3302; x_wconf 90' lang='lat' dir='ltr'><strong>omne</strong></span> <span class='ocrx_word' id='word_1_396' title='bbox 1518 3258 1678 3299; x_wconf 88' lang='lat' dir='ltr'><strong>suum</strong></span> <span class='ocrx_word' id='word_1_397' title='bbox 1726 3257 1789 3297; x_wconf 89' lang='lat' dir='ltr'><strong>ac</strong></span> <span class='ocrx_word' id='word_1_398' title='bbox 1827 3242 2021 3296; x_wconf 86' lang='lat' dir='ltr'><strong>nefarii</strong></span> <span class='ocrx_word' id='word_1_399' title='bbox 2053 3256 2165 3297; x_wconf 90' lang='lat' dir='ltr'><strong>sce-</strong></span> 
     </span>
    </p>
   </div>
   <div class='ocr_carea' id='block_1_55' title="bbox 585 3332 2171 3411">
    <p class='ocr_par' dir='ltr' id='par_1_55' title="bbox 585 3332 2171 3411">
     <span class='ocr_line' id='line_1_55' title="bbox 585 3332 2171 3411; baseline -0.006 -17"><span class='ocrx_word' id='word_1_400' title='bbox 585 3339 716 3395; x_wconf 83' lang='lat' dir='ltr'><strong>leris</strong></span> <span class='ocrx_word' id='word_1_401' title='bbox 742 3341 1146 3411; x_wconf 88' lang='lat' dir='ltr'><strong>improbitatem</strong></span> <span class='ocrx_word' id='word_1_402' title='bbox 1172 3354 1421 3396; x_wconf 90' lang='lat' dir='ltr'><strong>evomere</strong></span> <span class='ocrx_word' id='word_1_403' title='bbox 1440 3352 1505 3391; x_wconf 91' lang='lat' dir='ltr'><strong>ac</strong></span> <span class='ocrx_word' id='word_1_404' title='bbox 1534 3337 1803 3404; x_wconf 89' lang='lat' dir='ltr'><strong>despucre</strong></span> <span class='ocrx_word' id='word_1_405' title='bbox 1827 3337 2012 3404; x_wconf 73' lang='lat' dir='ltr'><strong>cmpit;</strong></span> <span class='ocrx_word' id='word_1_406' title='bbox 2031 3332 2171 3385; x_wconf 87' lang='lat' dir='ltr'><strong>Nam</strong></span> 
     </span>
    </p>
   </div>
   <div class='ocr_carea' id='block_1_56' title="bbox 587 3424 2173 3503">
    <p class='ocr_par' dir='ltr' id='par_1_56' title="bbox 587 3424 2173 3503">
     <span class='ocr_line' id='line_1_56' title="bbox 587 3424 2173 3503; baseline -0.006 -16"><span class='ocrx_word' id='word_1_407' title='bbox 587 3433 944 3503; x_wconf 86' lang='lat' dir='ltr'><strong>semetipsum</strong></span> <span class='ocrx_word' id='word_1_408' title='bbox 977 3429 1282 3486; x_wconf 80' lang='lat' dir='ltr'><strong>infelicium</strong></span> <span class='ocrx_word' id='word_1_409' title='bbox 1315 3430 1532 3483; x_wconf 89' lang='lat' dir='ltr'><strong>illorum</strong></span> <span class='ocrx_word' id='word_1_410' title='bbox 1565 3428 1841 3482; x_wconf 89' lang='lat' dir='ltr'><strong>mentibus</strong></span> <span class='ocrx_word' id='word_1_411' title='bbox 1870 3424 1964 3479; x_wconf 90' lang='lat' dir='ltr'><strong>Dei</strong></span> <span class='ocrx_word' id='word_1_412' title='bbox 2000 3426 2173 3479; x_wconf 89' lang='lat' dir='ltr'><strong>instar</strong></span> 
     </span>
    </p>
   </div>
   <div class='ocr_carea' id='block_1_57' title="bbox 588 3514 2169 3589">
    <p class='ocr_par' dir='ltr' id='par_1_57' title="bbox 588 3514 2169 3589">
     <span class='ocr_line' id='line_1_57' title="bbox 588 3514 2169 3589; baseline -0.004 -15"><span class='ocrx_word' id='word_1_413' title='bbox 588 3521 903 3576; x_wconf 86' lang='lat' dir='ltr'><strong>habendum</strong></span> <span class='ocrx_word' id='word_1_414' title='bbox 959 3520 1459 3589; x_wconf 89' lang='lat' dir='ltr'><strong>celebrandumque</strong></span> <span class='ocrx_word' id='word_1_415' title='bbox 1507 3518 1815 3588; x_wconf 87' lang='lat' dir='ltr'><strong>proposuit.</strong></span> <span class='ocrx_word' id='word_1_416' title='bbox 1870 3514 1978 3571; x_wconf 91' lang='lat' dir='ltr'><strong>Sed</strong></span> <span class='ocrx_word' id='word_1_417' title='bbox 2026 3516 2169 3570; x_wconf 84' lang='lat' dir='ltr'><strong>idem</strong></span> 
     </span>
    </p>
   </div>
   <div class='ocr_carea' id='block_1_58' title="bbox 591 3606 2170 3681">
    <p class='ocr_par' dir='ltr' id='par_1_58' title="bbox 591 3606 2170 3681">
     <span class='ocr_line' id='line_1_58' title="bbox 591 3606 2170 3681; baseline -0.005 -16"><span class='ocrx_word' id='word_1_418' title='bbox 591 3624 840 3680; x_wconf 89' lang='lat' dir='ltr'><strong>serpens,</strong></span> <span class='ocrx_word' id='word_1_419' title='bbox 889 3611 985 3681; x_wconf 90' lang='lat' dir='ltr'><strong>qui</strong></span> <span class='ocrx_word' id='word_1_420' title='bbox 1035 3624 1132 3680; x_wconf 88' lang='lat' dir='ltr'><strong>per</strong></span> <span class='ocrx_word' id='word_1_421' title='bbox 1181 3610 1435 3663; x_wconf 90' lang='lat' dir='ltr'><strong>alumnos</strong></span> <span class='ocrx_word' id='word_1_422' title='bbox 1477 3606 1781 3677; x_wconf 70' lang='lat' dir='ltr'><strong>disciplinae</strong></span> <span class='ocrx_word' id='word_1_423' title='bbox 1814 3620 1926 3660; x_wconf 73' lang='lat' dir='ltr'><strong>suae</strong></span> <span class='ocrx_word' id='word_1_424' title='bbox 1964 3614 2170 3674; x_wconf 89' lang='lat' dir='ltr'><strong>postea,</strong></span> 
     </span>
    </p>
   </div>
   <div class='ocr_carea' id='block_1_59' title="bbox 588 3696 2173 3773">
    <p class='ocr_par' dir='ltr' id='par_1_59' title="bbox 588 3696 2173 3773">
     <span class='ocr_line' id='line_1_59' title="bbox 588 3696 2173 3773; baseline -0.003 -16"><span class='ocrx_word' id='word_1_425' title='bbox 588 3702 719 3757; x_wconf 86' lang='lat' dir='ltr'><strong>olim</strong></span> <span class='ocrx_word' id='word_1_426' title='bbox 775 3718 870 3773; x_wconf 89' lang='lat' dir='ltr'><strong>per</strong></span> <span class='ocrx_word' id='word_1_427' title='bbox 917 3701 1304 3773; x_wconf 88' lang='lat' dir='ltr'><strong>aspectabilem</strong></span> <span class='ocrx_word' id='word_1_428' title='bbox 1356 3700 1509 3756; x_wconf 90' lang='lat' dir='ltr'><strong>illum</strong></span> <span class='ocrx_word' id='word_1_429' title='bbox 1554 3707 1886 3769; x_wconf 88' lang='lat' dir='ltr'><strong>serpentem,</strong></span> <span class='ocrx_word' id='word_1_430' title='bbox 1924 3696 2173 3753; x_wconf 89' lang='lat' dir='ltr'><strong>homines</strong></span> 
     </span>
    </p>
   </div>
   <div class='ocr_carea' id='block_1_60' title="bbox 590 3790 2171 3861">
    <p class='ocr_par' dir='ltr' id='par_1_60' title="bbox 590 3790 2171 3861">
     <span class='ocr_line' id='line_1_60' title="bbox 590 3790 2171 3861; baseline -0.003 -14"><span class='ocrx_word' id='word_1_431' title='bbox 590 3794 980 3859; x_wconf 85' lang='lat' dir='ltr'><strong>circumvenit;</strong></span> <span class='ocrx_word' id='word_1_432' title='bbox 1029 3793 1309 3847; x_wconf 88' lang='lat' dir='ltr'><strong>diabolum</strong></span> <span class='ocrx_word' id='word_1_433' title='bbox 1353 3792 1497 3845; x_wconf 88' lang='lat' dir='ltr'><strong>enim</strong></span> <span class='ocrx_word' id='word_1_434' title='bbox 1549 3790 1832 3861; x_wconf 82' lang='lat' dir='ltr'><strong>Scriptura</strong></span> <span class='ocrx_word' id='word_1_435' title='bbox 1868 3800 2171 3860; x_wconf 86' lang='lat' dir='ltr'><strong>serpentem</strong></span> 
     </span>
    </p>
   </div>
   <div class='ocr_carea' id='block_1_61' title="bbox 590 3881 2175 3954">
    <p class='ocr_par' dir='ltr' id='par_1_61' title="bbox 590 3881 2175 3954">
     <span class='ocr_line' id='line_1_61' title="bbox 590 3881 2175 3954; baseline -0.003 -15"><span class='ocrx_word' id='word_1_436' title='bbox 590 3884 872 3952; x_wconf 88' lang='lat' dir='ltr'><strong>nominat;</strong></span> <span class='ocrx_word' id='word_1_437' title='bbox 907 3899 1016 3939; x_wconf 91' lang='lat' dir='ltr'><strong>non</strong></span> <span class='ocrx_word' id='word_1_438' title='bbox 1045 3883 1189 3954; x_wconf 90' lang='lat' dir='ltr'><strong>quod</strong></span> <span class='ocrx_word' id='word_1_439' title='bbox 1221 3898 1282 3938; x_wconf 91' lang='lat' dir='ltr'><strong>ea</strong></span> <span class='ocrx_word' id='word_1_440' title='bbox 1310 3885 1382 3937; x_wconf 85' lang='lat' dir='ltr'><strong>sit</strong></span> <span class='ocrx_word' id='word_1_441' title='bbox 1406 3882 1526 3952; x_wconf 87' lang='lat' dir='ltr'><strong>ejus</strong></span> <span class='ocrx_word' id='word_1_442' title='bbox 1558 3882 1764 3952; x_wconf 85' lang='lat' dir='ltr'><strong>llgura,</strong></span> <span class='ocrx_word' id='word_1_443' title='bbox 1806 3881 1901 3936; x_wconf 87' lang='lat' dir='ltr'><strong>sed</strong></span> <span class='ocrx_word' id='word_1_444' title='bbox 1933 3881 2077 3952; x_wconf 90' lang='lat' dir='ltr'><strong>quod</strong></span> <span class='ocrx_word' id='word_1_445' title='bbox 2107 3896 2175 3936; x_wconf 77' lang='lat' dir='ltr'><strong>ex</strong></span> 
     </span>
    </p>
   </div>
   <div class='ocr_carea' id='block_1_62' title="bbox 590 3974 2174 4044">
    <p class='ocr_par' dir='ltr' id='par_1_62' title="bbox 590 3974 2174 4044">
     <span class='ocr_line' id='line_1_62' title="bbox 590 3974 2174 4044; baseline -0.004 -11"><span class='ocrx_word' id='word_1_446' title='bbox 590 3977 849 4033; x_wconf 87' lang='lat' dir='ltr'><strong>omnibus</strong></span> <span class='ocrx_word' id='word_1_447' title='bbox 896 3975 1088 4032; x_wconf 87' lang='lat' dir='ltr'><strong>bestiis</strong></span> <span class='ocrx_word' id='word_1_448' title='bbox 1141 3975 1212 4030; x_wconf 88' lang='lat' dir='ltr'><strong>sit</strong></span> <span class='ocrx_word' id='word_1_449' title='bbox 1265 3974 1357 4029; x_wconf 88' lang='lat' dir='ltr'><strong>ille</strong></span> <span class='ocrx_word' id='word_1_450' title='bbox 1410 3975 1873 4041; x_wconf 89' lang='lat' dir='ltr'><strong>tortuosissimus,</strong></span> <span class='ocrx_word' id='word_1_451' title='bbox 1919 3974 2174 4044; x_wconf 87' lang='lat' dir='ltr'><strong>quodque</strong></span> 
     </span>
    </p>
   </div>
   <div class='ocr_carea' id='block_1_63' title="bbox 590 4064 2173 4141">
    <p class='ocr_par' dir='ltr' id='par_1_63' title="bbox 590 4064 2173 4141">
     <span class='ocr_line' id='line_1_63' title="bbox 590 4064 2173 4141; baseline -0.001 -19"><span class='ocrx_word' id='word_1_452' title='bbox 590 4069 824 4141; x_wconf 89' lang='lat' dir='ltr'><strong>primam</strong></span> <span class='ocrx_word' id='word_1_453' title='bbox 864 4067 1110 4122; x_wconf 89' lang='lat' dir='ltr'><strong>omnium</strong></span> <span class='ocrx_word' id='word_1_454' title='bbox 1148 4064 1395 4121; x_wconf 89' lang='lat' dir='ltr'><strong>fraudem</strong></span> <span class='ocrx_word' id='word_1_455' title='bbox 1434 4065 1538 4121; x_wconf 88' lang='lat' dir='ltr'><strong>sub</strong></span> <span class='ocrx_word' id='word_1_456' title='bbox 1580 4066 1848 4137; x_wconf 89' lang='lat' dir='ltr'><strong>serpentis</strong></span> <span class='ocrx_word' id='word_1_457' title='bbox 1889 4066 2173 4121; x_wconf 89' lang='lat' dir='ltr'><strong>involucro</strong></span> 
     </span>
    </p>
   </div>
   <div class='ocr_carea' id='block_1_64' title="bbox 592 4158 2174 4230">
    <p class='ocr_par' dir='ltr' id='par_1_64' title="bbox 592 4158 2174 4230">
     <span class='ocr_line' id='line_1_64' title="bbox 592 4158 2174 4230; baseline -0.003 -13"><span class='ocrx_word' id='word_1_458' title='bbox 592 4161 816 4217; x_wconf 89' lang='lat' dir='ltr'><strong>molitus</strong></span> <span class='ocrx_word' id='word_1_459' title='bbox 848 4159 1031 4216; x_wconf 89' lang='lat' dir='ltr'><strong>fuerit.</strong></span> <span class='ocrx_word' id='word_1_460' title='bbox 1070 4159 1445 4226; x_wconf 81' lang='lat' dir='ltr'><strong>Quamobrem</strong></span> <span class='ocrx_word' id='word_1_461' title='bbox 1468 4158 1612 4230; x_wconf 89' lang='lat' dir='ltr'><strong>apud</strong></span> <span class='ocrx_word' id='word_1_462' title='bbox 1642 4174 1759 4225; x_wconf 88' lang='lat' dir='ltr'><strong>eos,</strong></span> <span class='ocrx_word' id='word_1_463' title='bbox 1789 4158 1883 4229; x_wconf 90' lang='lat' dir='ltr'><strong>qui</strong></span> <span class='ocrx_word' id='word_1_464' title='bbox 1924 4158 2174 4214; x_wconf 88' lang='lat' dir='ltr'><strong>veritatis</strong></span> 
     </span>
    </p>
   </div>
   <div class='ocr_carea' id='block_1_65' title="bbox 592 4250 2172 4325">
    <p class='ocr_par' dir='ltr' id='par_1_65' title="bbox 592 4250 2172 4325">
     <span class='ocr_line' id='line_1_65' title="bbox 592 4250 2172 4325; baseline -0.003 -16"><span class='ocrx_word' id='word_1_465' title='bbox 592 4252 741 4310; x_wconf 89' lang='lat' dir='ltr'><strong>haud</strong></span> <span class='ocrx_word' id='word_1_466' title='bbox 775 4252 952 4325; x_wconf 87' lang='lat' dir='ltr'><strong>ignari</strong></span> <span class='ocrx_word' id='word_1_467' title='bbox 986 4261 1136 4317; x_wconf 89' lang='lat' dir='ltr'><strong>sunt,</strong></span> <span class='ocrx_word' id='word_1_468' title='bbox 1177 4251 1473 4307; x_wconf 88' lang='lat' dir='ltr'><strong>ridiculum</strong></span> <span class='ocrx_word' id='word_1_469' title='bbox 1510 4259 1594 4307; x_wconf 91' lang='lat' dir='ltr'><strong>est</strong></span> <span class='ocrx_word' id='word_1_470' title='bbox 1627 4251 1776 4306; x_wconf 90' lang='lat' dir='ltr'><strong>illius</strong></span> <span class='ocrx_word' id='word_1_471' title='bbox 1809 4250 2026 4322; x_wconf 80' lang='lat' dir='ltr'><strong>dogma,</strong></span> <span class='ocrx_word' id='word_1_472' title='bbox 2062 4266 2172 4305; x_wconf 91' lang='lat' dir='ltr'><strong>non</strong></span> 
     </span>
    </p>
   </div>
   <div class='ocr_carea' id='block_1_66' title="bbox 592 4339 2173 4413">
    <p class='ocr_par' dir='ltr' id='par_1_66' title="bbox 592 4339 2173 4413">
     <span class='ocr_line' id='line_1_66' title="bbox 592 4339 2173 4413; baseline -0.003 -15"><span class='ocrx_word' id='word_1_473' title='bbox 592 4344 780 4398; x_wconf 88' lang='lat' dir='ltr'><strong>minus</strong></span> <span class='ocrx_word' id='word_1_474' title='bbox 837 4356 1001 4413; x_wconf 85' lang='lat' dir='ltr'><strong>quam</strong></span> <span class='ocrx_word' id='word_1_475' title='bbox 1057 4340 1152 4412; x_wconf 90' lang='lat' dir='ltr'><strong>qui</strong></span> <span class='ocrx_word' id='word_1_476' title='bbox 1210 4340 1386 4396; x_wconf 90' lang='lat' dir='ltr'><strong>eidem</strong></span> <span class='ocrx_word' id='word_1_477' title='bbox 1455 4340 1868 4410; x_wconf 89' lang='lat' dir='ltr'><strong>acquiescentes</strong></span> <span class='ocrx_word' id='word_1_478' title='bbox 1928 4339 2173 4395; x_wconf 88' lang='lat' dir='ltr'><strong>numinis</strong></span> 
     </span>
    </p>
   </div>
   <div class='ocr_carea' id='block_1_67' title="bbox 593 4429 2172 4502">
    <p class='ocr_par' dir='ltr' id='par_1_67' title="bbox 593 4429 2172 4502">
     <span class='ocr_line' id='line_1_67' title="bbox 593 4429 2172 4502; baseline -0.001 -14"><span class='ocrx_word' id='word_1_479' title='bbox 593 4431 772 4491; x_wconf 85' lang='lat' dir='ltr'><strong>instar</strong></span> <span class='ocrx_word' id='word_1_480' title='bbox 796 4438 1104 4502; x_wconf 88' lang='lat' dir='ltr'><strong>serpentem</strong></span> <span class='ocrx_word' id='word_1_481' title='bbox 1134 4430 1340 4485; x_wconf 89' lang='lat' dir='ltr'><strong>colunt.</strong></span> <span class='ocrx_word' id='word_1_482' title='bbox 1377 4429 1639 4485; x_wconf 85' lang='lat' dir='ltr'><strong>Diabolus</strong></span> <span class='ocrx_word' id='word_1_483' title='bbox 1668 4431 1867 4501; x_wconf 88' lang='lat' dir='ltr'><strong>quippe</strong></span> <span class='ocrx_word' id='word_1_484' title='bbox 1886 4474 1901 4499; x_wconf 92' lang='lat'><strong>,</strong></span> <span class='ocrx_word' id='word_1_485' title='bbox 1932 4445 2058 4485; x_wconf 92' lang='lat' dir='ltr'><strong>cum</strong></span> <span class='ocrx_word' id='word_1_486' title='bbox 2089 4430 2172 4486; x_wconf 88' lang='lat' dir='ltr'><strong>vi-</strong></span> 
     </span>
    </p>
   </div>
   <div class='ocr_carea' id='block_1_68' title="bbox 2347 2774 3784 2857">
    <p class='ocr_par' dir='ltr' id='par_1_68' title="bbox 2347 2774 3784 2857">
     <span class='ocr_line' id='line_1_68' title="bbox 2347 2774 3784 2857; baseline -0.008 -18"><span class='ocrx_word' id='word_1_487' title='bbox 2347 2786 2424 2840; x_wconf 87' lang='lat' dir='ltr'><strong>B&#39;.</strong></span> <span class='ocrx_word' id='word_1_488' title='bbox 2468 2783 2559 2850; x_wconf 81' lang='grc' dir='ltr'>Ἒξ</span> <span class='ocrx_word' id='word_1_489' title='bbox 2586 2785 2763 2857; x_wconf 80' lang='grc' dir='ltr'>ἀρχῆς</span> <span class='ocrx_word' id='word_1_490' title='bbox 2785 2786 2894 2856; x_wconf 81' lang='grc' dir='ltr'>γὰρ</span> <span class='ocrx_word' id='word_1_491' title='bbox 2924 2784 3103 2855; x_wconf 77' lang='grc' dir='ltr'>λίχνος</span> <span class='ocrx_word' id='word_1_492' title='bbox 3127 2784 3160 2855; x_wconf 84' lang='grc' dir='ltr'><strong>ἡ</strong></span> <span class='ocrx_word' id='word_1_493' title='bbox 3195 2780 3511 2855; x_wconf 88' lang='grc' dir='ltr'>ἀνθρωπεία</span> <span class='ocrx_word' id='word_1_494' title='bbox 3539 2779 3694 2850; x_wconf 81' lang='grc' dir='ltr'>φύσις,</span> <span class='ocrx_word' id='word_1_495' title='bbox 3719 2774 3784 2828; x_wconf 76' lang='grc' dir='ltr'><strong>καὶ</strong></span> 
     </span>
    </p>
   </div>
   <div class='ocr_carea' id='block_1_69' title="bbox 2275 2869 3783 2948">
    <p class='ocr_par' dir='ltr' id='par_1_69' title="bbox 2275 2869 3783 2948">
     <span class='ocr_line' id='line_1_69' title="bbox 2275 2869 3783 2948; baseline -0.007 -19"><span class='ocrx_word' id='word_1_496' title='bbox 2275 2876 2596 2947; x_wconf 77' lang='grc' dir='ltr'>ὑπαγομένη</span> <span class='ocrx_word' id='word_1_497' title='bbox 2625 2876 2711 2929; x_wconf 72' lang='grc' dir='ltr'>ἀεὶ</span> <span class='ocrx_word' id='word_1_498' title='bbox 2730 2880 2844 2940; x_wconf 79' lang='grc' dir='ltr'>τοῖς</span> <span class='ocrx_word' id='word_1_499' title='bbox 2868 2878 2963 2948; x_wconf 80' lang='grc' dir='ltr'><strong>τῆς</strong></span> <span class='ocrx_word' id='word_1_500' title='bbox 3000 2874 3337 2944; x_wconf 83' lang='grc' dir='ltr'>κενοφωνίας</span> <span class='ocrx_word' id='word_1_501' title='bbox 3372 2873 3593 2945; x_wconf 82' lang='grc' dir='ltr'>δόγμασι</span> <span class='ocrx_word' id='word_1_502' title='bbox 3622 2869 3700 2924; x_wconf 78' lang='grc' dir='ltr'>καὶ</span> <span class='ocrx_word' id='word_1_503' title='bbox 3720 2884 3783 2919; x_wconf 68' lang='grc' dir='ltr'><strong>κει</strong></span> 
     </span>
    </p>
   </div>
   <div class='ocr_carea' id='block_1_70' title="bbox 2274 2956 3784 3036">
    <p class='ocr_par' dir='ltr' id='par_1_70' title="bbox 2274 2956 3784 3036">
     <span class='ocr_line' id='line_1_70' title="bbox 2274 2956 3784 3036; baseline 0.001 -17"><span class='ocrx_word' id='word_1_504' title='bbox 2274 2969 2391 3030; x_wconf 87' lang='grc' dir='ltr'>ναῖς</span> <span class='ocrx_word' id='word_1_505' title='bbox 2444 2965 2787 3036; x_wconf 81' lang='grc' dir='ltr'>ὑποσχέσεσι.</span> <span class='ocrx_word' id='word_1_506' title='bbox 2833 2968 2943 3021; x_wconf 76' lang='grc' dir='ltr'><strong>Καὶ</strong></span> <span class='ocrx_word' id='word_1_507' title='bbox 2996 2965 3163 3020; x_wconf 84' lang='grc' dir='ltr'>πάλαι</span> <span class='ocrx_word' id='word_1_508' title='bbox 3195 2964 3299 3036; x_wconf 85' lang='grc' dir='ltr'>μὲν</span> <span class='ocrx_word' id='word_1_509' title='bbox 3342 2956 3784 3035; x_wconf 73' lang='grc' dir='ltr'><strong>κρυπταζόμενθςὀ</strong></span> 
     </span>
    </p>
   </div>
   <div class='ocr_carea' id='block_1_71' title="bbox 2273 3050 3783 3129">
    <p class='ocr_par' dir='ltr' id='par_1_71' title="bbox 2273 3050 3783 3129">
     <span class='ocr_line' id='line_1_71' title="bbox 2273 3050 3783 3129; baseline -0.001 -18"><span class='ocrx_word' id='word_1_510' title='bbox 2273 3058 2437 3122; x_wconf 80' lang='grc' dir='ltr'>αὐτὸς</span> <span class='ocrx_word' id='word_1_511' title='bbox 2490 3058 2589 3111; x_wconf 80' lang='grc' dir='ltr'><strong>οὐκ</strong></span> <span class='ocrx_word' id='word_1_512' title='bbox 2641 3058 2829 3129; x_wconf 81' lang='grc' dir='ltr'>ἐδήλου</span> <span class='ocrx_word' id='word_1_513' title='bbox 2869 3058 2969 3129; x_wconf 86' lang='grc' dir='ltr'>τῆς</span> <span class='ocrx_word' id='word_1_514' title='bbox 3017 3055 3182 3111; x_wconf 83' lang='grc' dir='ltr'>αὑτοῦ</span> <span class='ocrx_word' id='word_1_515' title='bbox 3250 3055 3485 3118; x_wconf 88' lang='grc' dir='ltr'>ίοϐολίας</span> <span class='ocrx_word' id='word_1_516' title='bbox 3528 3054 3585 3107; x_wconf 86' lang='grc' dir='ltr'><strong>τὸ</strong></span> <span class='ocrx_word' id='word_1_517' title='bbox 3628 3050 3783 3120; x_wconf 76' lang='grc' dir='ltr'>πέρας·</span> 
     </span>
    </p>
   </div>
   <div class='ocr_carea' id='block_1_72' title="bbox 2275 3139 3784 3222">
    <p class='ocr_par' dir='ltr' id='par_1_72' title="bbox 2275 3139 3784 3222">
     <span class='ocr_line' id='line_1_72' title="bbox 2275 3139 3784 3222; baseline -0.007 -21"><span class='ocrx_word' id='word_1_518' title='bbox 2275 3148 2499 3221; x_wconf 80' lang='grc' dir='ltr'>ὕστερον</span> <span class='ocrx_word' id='word_1_519' title='bbox 2531 3149 2587 3203; x_wconf 76' lang='grc' dir='ltr'>δὲ</span> <span class='ocrx_word' id='word_1_520' title='bbox 2633 3148 2772 3221; x_wconf 85' lang='grc' dir='ltr'><strong>μετά</strong></span> <span class='ocrx_word' id='word_1_521' title='bbox 2820 3148 2919 3221; x_wconf 80' lang='grc' dir='ltr'><strong>τὴν</strong></span> <span class='ocrx_word' id='word_1_522' title='bbox 2955 3148 3217 3222; x_wconf 75' lang='grc' dir='ltr'>ἔνσαρκον</span> <span class='ocrx_word' id='word_1_523' title='bbox 3264 3145 3503 3221; x_wconf 82' lang='grc' dir='ltr'>Χριστοῦ</span> <span class='ocrx_word' id='word_1_524' title='bbox 3548 3139 3784 3213; x_wconf 80' lang='grc' dir='ltr'>παρουσίαν</span> 
     </span>
    </p>
   </div>
   <div class='ocr_carea' id='block_1_73' title="bbox 2274 3229 3784 3313">
    <p class='ocr_par' dir='ltr' id='par_1_73' title="bbox 2274 3229 3784 3313">
     <span class='ocr_line' id='line_1_73' title="bbox 2274 3229 3784 3313; baseline -0.005 -19"><span class='ocrx_word' id='word_1_525' title='bbox 2274 3239 2366 3311; x_wconf 52' lang='lat' dir='ltr'><strong>egi,</strong></span> <span class='ocrx_word' id='word_1_526' title='bbox 2378 3241 2509 3311; x_wconf 81' lang='grc' dir='ltr'>μεσέ</span> <span class='ocrx_word' id='word_1_527' title='bbox 2535 3257 2593 3293; x_wconf 89' lang='grc' dir='ltr'><strong>τε</strong></span> <span class='ocrx_word' id='word_1_528' title='bbox 2634 3242 2725 3294; x_wconf 67' lang='grc' dir='ltr'><strong>καὶ</strong></span> <span class='ocrx_word' id='word_1_529' title='bbox 2764 3241 3043 3293; x_wconf 80' lang='grc' dir='ltr'>ἀπέπτυσε</span> <span class='ocrx_word' id='word_1_530' title='bbox 3071 3240 3169 3313; x_wconf 84' lang='grc' dir='ltr'>τὴν</span> <span class='ocrx_word' id='word_1_531' title='bbox 3199 3241 3381 3294; x_wconf 79' lang='grc' dir='ltr'>πᾶσαν</span> <span class='ocrx_word' id='word_1_532' title='bbox 3404 3235 3561 3292; x_wconf 76' lang='grc' dir='ltr'>αὐτοῦ</span> <span class='ocrx_word' id='word_1_533' title='bbox 3599 3232 3701 3303; x_wconf 82' lang='grc' dir='ltr'>ίώδη</span> <span class='ocrx_word' id='word_1_534' title='bbox 3719 3229 3784 3283; x_wconf 66' lang='grc' dir='ltr'>καὶ</span> 
     </span>
    </p>
   </div>
   <div class='ocr_carea' id='block_1_74' title="bbox 2276 3326 3785 3405">
    <p class='ocr_par' dir='ltr' id='par_1_74' title="bbox 2276 3326 3785 3405">
     <span class='ocr_line' id='line_1_74' title="bbox 2276 3326 3785 3405; baseline -0.005 -19"><span class='ocrx_word' id='word_1_535' title='bbox 2276 3332 2557 3405; x_wconf 79' lang='grc' dir='ltr'>μοχθηρὰν</span> <span class='ocrx_word' id='word_1_536' title='bbox 2604 3333 2845 3387; x_wconf 71' lang='grc' dir='ltr'>ἐπίνοιαν</span> <span class='ocrx_word' id='word_1_537' title='bbox 2888 3333 2990 3403; x_wconf 78' lang='grc' dir='ltr'>τῆς</span> <span class='ocrx_word' id='word_1_538' title='bbox 3018 3328 3329 3396; x_wconf 83' lang='grc' dir='ltr'>κακονοίας.</span> <span class='ocrx_word' id='word_1_539' title='bbox 3365 3326 3529 3394; x_wconf 76' lang='grc' dir='ltr'>Οὗτος</span> <span class='ocrx_word' id='word_1_540' title='bbox 3570 3327 3663 3398; x_wconf 81' lang='grc' dir='ltr'>γὰρ</span> <span class='ocrx_word' id='word_1_541' title='bbox 3690 3338 3785 3392; x_wconf 62' lang='lat' dir='ltr'><strong>spo-</strong></span> 
     </span>
    </p>
   </div>
   <div class='ocr_carea' id='block_1_75' title="bbox 2273 3413 3784 3496">
    <p class='ocr_par' dir='ltr' id='par_1_75' title="bbox 2273 3413 3784 3496">
     <span class='ocr_line' id='line_1_75' title="bbox 2273 3413 3784 3496; baseline -0.005 -18"><span class='ocrx_word' id='word_1_542' title='bbox 2273 3424 2498 3478; x_wconf 83' lang='grc' dir='ltr'>εϐἀλετο</span> <span class='ocrx_word' id='word_1_543' title='bbox 2525 3425 2715 3478; x_wconf 76' lang='grc' dir='ltr'>ἑαυτὸν</span> <span class='ocrx_word' id='word_1_544' title='bbox 2745 3427 2802 3478; x_wconf 84' lang='grc' dir='ltr'>ὲν</span> <span class='ocrx_word' id='word_1_545' title='bbox 2829 3427 2896 3495; x_wconf 79' lang='grc' dir='ltr'>τῇ</span> <span class='ocrx_word' id='word_1_546' title='bbox 2927 3424 3033 3478; x_wconf 87' lang='grc' dir='ltr'>τῶν</span> <span class='ocrx_word' id='word_1_547' title='bbox 3058 3425 3432 3496; x_wconf 67' lang='grc' dir='ltr'>ἠπατημένων</span> <span class='ocrx_word' id='word_1_548' title='bbox 3465 3418 3651 3489; x_wconf 64' lang='grc' dir='ltr'>διανοίᾳ</span> <span class='ocrx_word' id='word_1_549' title='bbox 3680 3413 3784 3479; x_wconf 76' lang='grc' dir='ltr'>δοξά-</span> 
     </span>
    </p>
   </div>
   <div class='ocr_carea' id='block_1_76' title="bbox 2274 3505 3784 3586">
    <p class='ocr_par' dir='ltr' id='par_1_76' title="bbox 2274 3505 3784 3586">
     <span class='ocr_line' id='line_1_76' title="bbox 2274 3505 3784 3586; baseline -0.007 -18"><span class='ocrx_word' id='word_1_550' title='bbox 2274 3514 2461 3581; x_wconf 79' lang='grc' dir='ltr'>ζεσθαι</span> <span class='ocrx_word' id='word_1_551' title='bbox 2504 3515 2582 3581; x_wconf 85' lang='grc' dir='ltr'>ὡς</span> <span class='ocrx_word' id='word_1_552' title='bbox 2628 3515 2760 3579; x_wconf 84' lang='grc' dir='ltr'>Θεὸς</span> <span class='ocrx_word' id='word_1_553' title='bbox 2790 3517 2884 3569; x_wconf 76' lang='grc' dir='ltr'><strong>καὶ</strong></span> <span class='ocrx_word' id='word_1_554' title='bbox 2929 3516 3273 3586; x_wconf 83' lang='grc' dir='ltr'>προνοεῖσθαι</span> <span class='ocrx_word' id='word_1_555' title='bbox 3305 3517 3341 3570; x_wconf 81' lang='grc'><strong>⁸.</strong></span> <span class='ocrx_word' id='word_1_556' title='bbox 3383 3514 3678 3569; x_wconf 80' lang='grc' dir='ltr'>Γινώσκετιιι</span> <span class='ocrx_word' id='word_1_557' title='bbox 3706 3505 3784 3558; x_wconf 72' lang='grc' dir='ltr'><strong>6ὲὸ</strong></span> 
     </span>
    </p>
   </div>
   <div class='ocr_carea' id='block_1_77' title="bbox 2273 3594 3785 3681">
    <p class='ocr_par' dir='ltr' id='par_1_77' title="bbox 2273 3594 3785 3681">
     <span class='ocr_line' id='line_1_77' title="bbox 2273 3594 3785 3681; baseline -0.002 -20"><span class='ocrx_word' id='word_1_558' title='bbox 2273 3608 2435 3671; x_wconf 81' lang='grc' dir='ltr'>αὐτὸς</span> <span class='ocrx_word' id='word_1_559' title='bbox 2463 3608 2584 3678; x_wconf 81' lang='grc' dir='ltr'>ὄφις</span> <span class='ocrx_word' id='word_1_560' title='bbox 2647 3610 2736 3663; x_wconf 84' lang='grc' dir='ltr'><strong>διά</strong></span> <span class='ocrx_word' id='word_1_561' title='bbox 2785 3627 2845 3664; x_wconf 90' lang='grc' dir='ltr'><strong>τε</strong></span> <span class='ocrx_word' id='word_1_562' title='bbox 2888 3611 2988 3681; x_wconf 85' lang='grc' dir='ltr'>τῆς</span> <span class='ocrx_word' id='word_1_563' title='bbox 3033 3608 3201 3669; x_wconf 81' lang='grc' dir='ltr'>αὑτοῦ</span> <span class='ocrx_word' id='word_1_564' title='bbox 3238 3609 3440 3679; x_wconf 79' lang='grc' dir='ltr'>σχολῆς</span> <span class='ocrx_word' id='word_1_565' title='bbox 3492 3604 3685 3674; x_wconf 80' lang='grc' dir='ltr'>ταύτης,</span> <span class='ocrx_word' id='word_1_566' title='bbox 3720 3594 3785 3649; x_wconf 47' lang='grc' dir='ltr'><strong>καί⁵</strong></span> 
     </span>
    </p>
   </div>
   <div class='ocr_carea' id='block_1_78' title="bbox 2273 3690 3783 3772">
    <p class='ocr_par' dir='ltr' id='par_1_78' title="bbox 2273 3690 3783 3772">
     <span class='ocr_line' id='line_1_78' title="bbox 2273 3690 3783 3772; baseline -0.005 -20"><span class='ocrx_word' id='word_1_567' title='bbox 2273 3698 2342 3752; x_wconf 75' lang='grc' dir='ltr'>δι’</span> <span class='ocrx_word' id='word_1_568' title='bbox 2370 3699 2546 3768; x_wconf 68' lang='grc' dir='ltr'>ὄφεως</span> <span class='ocrx_word' id='word_1_569' title='bbox 2578 3699 2673 3754; x_wconf 84' lang='grc' dir='ltr'><strong>τοῦ</strong></span> <span class='ocrx_word' id='word_1_570' title='bbox 2699 3700 2957 3772; x_wconf 74' lang='grc' dir='ltr'>αἰσθητοῦ</span> <span class='ocrx_word' id='word_1_571' title='bbox 3003 3701 3100 3770; x_wconf 81' lang='grc' dir='ltr'>τὴν</span> <span class='ocrx_word' id='word_1_572' title='bbox 3141 3699 3359 3769; x_wconf 85' lang='grc' dir='ltr'>ἀπάτην</span> <span class='ocrx_word' id='word_1_573' title='bbox 3400 3695 3644 3769; x_wconf 78' lang='grc' dir='ltr'>ἐμποιῶν.</span> <span class='ocrx_word' id='word_1_574' title='bbox 3672 3690 3783 3755; x_wconf 65' lang='grc' dir='ltr'><strong>Ὄφιν</strong></span> 
     </span>
    </p>
   </div>
   <div class='ocr_carea' id='block_1_79' title="bbox 2273 3778 3783 3865">
    <p class='ocr_par' dir='ltr' id='par_1_79' title="bbox 2273 3778 3783 3865">
     <span class='ocr_line' id='line_1_79' title="bbox 2273 3778 3783 3865; baseline -0.007 -19"><span class='ocrx_word' id='word_1_575' title='bbox 2273 3790 2331 3844; x_wconf 81' lang='grc' dir='ltr'>δὲ</span> <span class='ocrx_word' id='word_1_576' title='bbox 2363 3792 2525 3861; x_wconf 80' lang='grc' dir='ltr'>δῆθεν</span> <span class='ocrx_word' id='word_1_577' title='bbox 2558 3795 2590 3863; x_wconf 88' lang='grc' dir='ltr'><strong>ή</strong></span> <span class='ocrx_word' id='word_1_578' title='bbox 2617 3792 2737 3845; x_wconf 88' lang='grc' dir='ltr'>θεία</span> <span class='ocrx_word' id='word_1_579' title='bbox 2777 3792 2970 3865; x_wconf 77' lang='grc' dir='ltr'>Γραφὴ</span> <span class='ocrx_word' id='word_1_580' title='bbox 2997 3792 3155 3845; x_wconf 78' lang='grc' dir='ltr'>καλεῖ</span> <span class='ocrx_word' id='word_1_581' title='bbox 3189 3792 3282 3845; x_wconf 81' lang='grc' dir='ltr'><strong>τὸν</strong></span> <span class='ocrx_word' id='word_1_582' title='bbox 3317 3790 3574 3855; x_wconf 87' lang='grc' dir='ltr'>διάϐολον,</span> <span class='ocrx_word' id='word_1_583' title='bbox 3612 3785 3662 3838; x_wconf 79' lang='grc' dir='ltr'><strong>οὐ</strong></span> <span class='ocrx_word' id='word_1_584' title='bbox 3690 3778 3783 3833; x_wconf 62' lang='grc' dir='ltr'>πᾶν·</span> 
     </span>
    </p>
   </div>
   <div class='ocr_carea' id='block_1_80' title="bbox 2274 3871 3783 3955">
    <p class='ocr_par' dir='ltr' id='par_1_80' title="bbox 2274 3871 3783 3955">
     <span class='ocr_line' id='line_1_80' title="bbox 2274 3871 3783 3955; baseline -0.01 -16"><span class='ocrx_word' id='word_1_585' title='bbox 2274 3902 2381 3948; x_wconf 88' lang='grc' dir='ltr'><strong>τως</strong></span> <span class='ocrx_word' id='word_1_586' title='bbox 2429 3884 2558 3937; x_wconf 88' lang='grc' dir='ltr'>ὄντα</span> <span class='ocrx_word' id='word_1_587' title='bbox 2587 3884 2825 3937; x_wconf 82' lang='grc' dir='ltr'>τοιοῦτον</span> <span class='ocrx_word' id='word_1_588' title='bbox 2861 3886 2927 3955; x_wconf 79' lang='grc' dir='ltr'>τῇ</span> <span class='ocrx_word' id='word_1_589' title='bbox 2973 3886 3177 3955; x_wconf 76' lang='grc' dir='ltr'>μορφῇ,</span> <span class='ocrx_word' id='word_1_590' title='bbox 3230 3881 3372 3938; x_wconf 87' lang='grc' dir='ltr'><strong>ἀλλά</strong></span> <span class='ocrx_word' id='word_1_591' title='bbox 3414 3882 3499 3937; x_wconf 84' lang='grc' dir='ltr'><strong>διά</strong></span> <span class='ocrx_word' id='word_1_592' title='bbox 3545 3879 3627 3931; x_wconf 82' lang='grc' dir='ltr'><strong>τὸν</strong></span> <span class='ocrx_word' id='word_1_593' title='bbox 3652 3871 3783 3945; x_wconf 72' lang='grc' dir='ltr'>φαινί·</span> 
     </span>
    </p>
   </div>
   <div class='ocr_carea' id='block_1_81' title="bbox 2278 3964 3782 4047">
    <p class='ocr_par' dir='ltr' id='par_1_81' title="bbox 2278 3964 3782 4047">
     <span class='ocr_line' id='line_1_81' title="bbox 2278 3964 3782 4047; baseline -0.005 -17"><span class='ocrx_word' id='word_1_594' title='bbox 2278 3992 2438 4047; x_wconf 85' lang='grc' dir='ltr'>μενον</span> <span class='ocrx_word' id='word_1_595' title='bbox 2457 3978 2569 4041; x_wconf 88' lang='grc' dir='ltr'>τοῖς</span> <span class='ocrx_word' id='word_1_596' title='bbox 2596 3975 2903 4047; x_wconf 83' lang='grc' dir='ltr'>ἀνθρώποις</span> <span class='ocrx_word' id='word_1_597' title='bbox 2930 3973 3309 4041; x_wconf 73' lang='grc' dir='ltr'>σκολιάγτατον,</span> <span class='ocrx_word' id='word_1_598' title='bbox 3338 3975 3433 4028; x_wconf 73' lang='grc' dir='ltr'>καὶ</span> <span class='ocrx_word' id='word_1_599' title='bbox 3458 3972 3516 4026; x_wconf 84' lang='grc' dir='ltr'><strong>τὸ</strong></span> <span class='ocrx_word' id='word_1_600' title='bbox 3537 3975 3588 4025; x_wconf 81' lang='grc' dir='ltr'>ἐν</span> <span class='ocrx_word' id='word_1_601' title='bbox 3609 3964 3782 4041; x_wconf 75' lang='grc' dir='ltr'>πρώτοις</span> 
     </span>
    </p>
   </div>
   <div class='ocr_carea' id='block_1_82' title="bbox 2275 4058 3783 4143">
    <p class='ocr_par' dir='ltr' id='par_1_82' title="bbox 2275 4058 3783 4143">
     <span class='ocr_line' id='line_1_82' title="bbox 2275 4058 3783 4143; baseline -0.005 -21"><span class='ocrx_word' id='word_1_602' title='bbox 2275 4069 2332 4123; x_wconf 80' lang='grc' dir='ltr'>ὲν</span> <span class='ocrx_word' id='word_1_603' title='bbox 2352 4069 2474 4139; x_wconf 80' lang='grc' dir='ltr'>ὄφει</span> <span class='ocrx_word' id='word_1_604' title='bbox 2499 4069 2791 4143; x_wconf 81' lang='grc' dir='ltr'>ὲνεργηθὲν</span> <span class='ocrx_word' id='word_1_605' title='bbox 2820 4070 2917 4141; x_wconf 85' lang='grc' dir='ltr'><strong>τῆς</strong></span> <span class='ocrx_word' id='word_1_606' title='bbox 2941 4069 3157 4140; x_wconf 83' lang='grc' dir='ltr'>ἀπάτης</span> <span class='ocrx_word' id='word_1_607' title='bbox 3182 4068 3528 4139; x_wconf 85' lang='grc' dir='ltr'>σκευώρημα.</span> <span class='ocrx_word' id='word_1_608' title='bbox 3555 4061 3689 4133; x_wconf 82' lang='grc' dir='ltr'>Παρὰ</span> <span class='ocrx_word' id='word_1_609' title='bbox 3709 4058 3783 4115; x_wconf 74' lang='grc' dir='ltr'><strong>τοῖς</strong></span> 
     </span>
    </p>
   </div>
   <div class='ocr_carea' id='block_1_83' title="bbox 2272 4155 3781 4234">
    <p class='ocr_par' dir='ltr' id='par_1_83' title="bbox 2272 4155 3781 4234">
     <span class='ocr_line' id='line_1_83' title="bbox 2272 4155 3781 4234; baseline -0.006 -19"><span class='ocrx_word' id='word_1_610' title='bbox 2272 4161 2452 4215; x_wconf 89' lang='grc' dir='ltr'>τοίνυν</span> <span class='ocrx_word' id='word_1_611' title='bbox 2494 4161 2594 4234; x_wconf 83' lang='grc' dir='ltr'>τὴν</span> <span class='ocrx_word' id='word_1_612' title='bbox 2654 4161 2921 4234; x_wconf 83' lang='grc' dir='ltr'>ἀλήθειαν</span> <span class='ocrx_word' id='word_1_613' title='bbox 2966 4161 3390 4229; x_wconf 79' lang='grc' dir='ltr'>ὲπιγινώσκουσι</span> <span class='ocrx_word' id='word_1_614' title='bbox 3453 4155 3781 4227; x_wconf 68' lang='grc' dir='ltr'>καταγέλαστον</span> 
     </span>
    </p>
   </div>
   <div class='ocr_carea' id='block_1_84' title="bbox 2273 4239 3780 4326">
    <p class='ocr_par' dir='ltr' id='par_1_84' title="bbox 2273 4239 3780 4326">
     <span class='ocr_line' id='line_1_84' title="bbox 2273 4239 3780 4326; baseline -0.006 -20"><span class='ocrx_word' id='word_1_615' title='bbox 2273 4252 2465 4306; x_wconf 80' lang='grc' dir='ltr'>τούτου</span> <span class='ocrx_word' id='word_1_616' title='bbox 2510 4254 2573 4307; x_wconf 75' lang='grc' dir='ltr'>τὸ</span> <span class='ocrx_word' id='word_1_617' title='bbox 2600 4252 2800 4324; x_wconf 80' lang='grc' dir='ltr'>δόγμα,</span> <span class='ocrx_word' id='word_1_618' title='bbox 2842 4254 2937 4307; x_wconf 71' lang='grc' dir='ltr'><strong>καὶ</strong></span> <span class='ocrx_word' id='word_1_619' title='bbox 2982 4255 3031 4307; x_wconf 81' lang='grc' dir='ltr'>οἱ</span> <span class='ocrx_word' id='word_1_620' title='bbox 3076 4252 3225 4325; x_wconf 82' lang='grc' dir='ltr'><strong>αὑτῷ</strong></span> <span class='ocrx_word' id='word_1_621' title='bbox 3266 4252 3686 4326; x_wconf 78' lang='grc' dir='ltr'>προσανέχοντες.</span> <span class='ocrx_word' id='word_1_622' title='bbox 3720 4239 3780 4291; x_wconf 66' lang='grc' dir='ltr'><strong>τὸν</strong></span> 
     </span>
    </p>
   </div>
   <div class='ocr_carea' id='block_1_85' title="bbox 2274 4327 3780 4417">
    <p class='ocr_par' dir='ltr' id='par_1_85' title="bbox 2274 4327 3780 4417">
     <span class='ocr_line' id='line_1_85' title="bbox 2274 4327 3780 4417; baseline -0.021 -15"><span class='ocrx_word' id='word_1_623' title='bbox 2274 4342 2396 4414; x_wconf 74' lang='grc' dir='ltr'>ὅφιν</span> <span class='ocrx_word' id='word_1_624' title='bbox 2434 4345 2508 4409; x_wconf 84' lang='grc' dir='ltr'>ὡς</span> <span class='ocrx_word' id='word_1_625' title='bbox 2546 4344 2679 4398; x_wconf 78' lang='grc' dir='ltr'>Θεὸν</span> <span class='ocrx_word' id='word_1_626' title='bbox 2721 4343 3056 4410; x_wconf 81' lang='grc' dir='ltr'>δοξάζοντες.</span> <span class='ocrx_word' id='word_1_627' title='bbox 3090 4344 3309 4417; x_wconf 78' lang='grc' dir='ltr'>Μηκέτι</span> <span class='ocrx_word' id='word_1_628' title='bbox 3355 4344 3462 4415; x_wconf 81' lang='grc' dir='ltr'>γὰρ</span> <span class='ocrx_word' id='word_1_629' title='bbox 3501 4327 3780 4407; x_wconf 60' lang='grc' dir='ltr'><strong>δυνάμενοςι</strong></span> 
     </span>
    </p>
   </div>
   <div class='ocr_carea' id='block_1_86' title="bbox 2274 4420 3779 4509">
    <p class='ocr_par' dir='ltr' id='par_1_86' title="bbox 2274 4420 3779 4509">
     <span class='ocr_line' id='line_1_86' title="bbox 2274 4420 3779 4509; baseline -0.009 -19"><span class='ocrx_word' id='word_1_630' title='bbox 2274 4435 2521 4498; x_wconf 86' lang='grc' dir='ltr'>διάϐολος</span> <span class='ocrx_word' id='word_1_631' title='bbox 2544 4435 2644 4507; x_wconf 78' lang='grc' dir='ltr'><strong>τὴν</strong></span> <span class='ocrx_word' id='word_1_632' title='bbox 2685 4436 2937 4509; x_wconf 84' lang='grc' dir='ltr'>ἀνδρείαν</span> <span class='ocrx_word' id='word_1_633' title='bbox 2970 4435 3209 4490; x_wconf 82' lang='grc' dir='ltr'>διάνοιαν</span> <span class='ocrx_word' id='word_1_634' title='bbox 3242 4434 3342 4506; x_wconf 86' lang='grc' dir='ltr'><strong>τὴν</strong></span> <span class='ocrx_word' id='word_1_635' title='bbox 3368 4433 3474 4488; x_wconf 82' lang='grc' dir='ltr'><strong>ἀπὸ</strong></span> <span class='ocrx_word' id='word_1_636' title='bbox 3510 4429 3596 4484; x_wconf 83' lang='grc' dir='ltr'><strong>τοῦ</strong></span> <span class='ocrx_word' id='word_1_637' title='bbox 3629 4420 3779 4494; x_wconf 71' lang='grc' dir='ltr'><strong>Κυρῖῦυ</strong></span> 
     </span>
    </p>
   </div>
   <div class='ocr_carea' id='block_1_87' title="bbox 590 4514 2171 4598">
    <p class='ocr_par' dir='ltr' id='par_1_87' title="bbox 590 4518 2169 4592">
     <span class='ocr_line' id='line_1_87' title="bbox 590 4518 2169 4592; baseline -0.002 -14"><span class='ocrx_word' id='word_1_638' title='bbox 590 4522 749 4578; x_wconf 88' lang='lat' dir='ltr'><strong>rilem</strong></span> <span class='ocrx_word' id='word_1_639' title='bbox 775 4521 1015 4575; x_wconf 91' lang='lat' dir='ltr'><strong>animum</strong></span> <span class='ocrx_word' id='word_1_640' title='bbox 1042 4519 1293 4576; x_wconf 86' lang='lat' dir='ltr'><strong>veritatis</strong></span> <span class='ocrx_word' id='word_1_641' title='bbox 1318 4534 1348 4573; x_wconf 92' lang='lat' dir='ltr'><strong>a</strong></span> <span class='ocrx_word' id='word_1_642' title='bbox 1379 4518 1490 4576; x_wconf 92' lang='lat' dir='ltr'><strong>Deo</strong></span> <span class='ocrx_word' id='word_1_643' title='bbox 1510 4520 1822 4592; x_wconf 80' lang='lat' dir='ltr'><strong>cognitione</strong></span> <span class='ocrx_word' id='word_1_644' title='bbox 1852 4521 2169 4576; x_wconf 88' lang='lat' dir='ltr'><strong>roboratum</strong></span> 
     </span>
    </p>
   </div>
   <div class='ocr_carea' id='block_1_88' title="bbox 2272 4514 3779 4598">
    <p class='ocr_par' dir='ltr' id='par_1_88' title="bbox 2274 4514 3779 4598">
     <span class='ocr_line' id='line_1_88' title="bbox 2274 4514 3779 4598; baseline -0.002 -19"><span class='ocrx_word' id='word_1_645' title='bbox 2274 4525 2544 4581; x_wconf 86' lang='grc' dir='ltr'>λαϐοῦσαν</span> <span class='ocrx_word' id='word_1_646' title='bbox 2579 4527 2677 4598; x_wconf 81' lang='grc' dir='ltr'><strong>τὴν</strong></span> <span class='ocrx_word' id='word_1_647' title='bbox 2703 4527 2929 4598; x_wconf 79' lang='grc' dir='ltr'>δύναμιν</span> <span class='ocrx_word' id='word_1_648' title='bbox 2970 4528 3070 4598; x_wconf 83' lang='grc' dir='ltr'>τῆς</span> <span class='ocrx_word' id='word_1_649' title='bbox 3098 4526 3355 4597; x_wconf 80' lang='grc' dir='ltr'>ἀληθείας</span> <span class='ocrx_word' id='word_1_650' title='bbox 3386 4523 3608 4594; x_wconf 76' lang='grc' dir='ltr'>ἀπατᾷν,</span> <span class='ocrx_word' id='word_1_651' title='bbox 3634 4514 3779 4587; x_wconf 72' lang='grc' dir='ltr'>τρέπεσ</span> 
     </span>
    </p>
   </div>
   <div class='ocr_carea' id='block_1_89' title="bbox 591 4610 2176 4683">
    <p class='ocr_par' dir='ltr' id='par_1_89' title="bbox 591 4610 2176 4683">
     <span class='ocr_line' id='line_1_89' title="bbox 591 4610 2176 4683; baseline -0.003 -14"><span class='ocrx_word' id='word_1_652' title='bbox 591 4612 842 4683; x_wconf 87' lang='lat' dir='ltr'><strong>decipere</strong></span> <span class='ocrx_word' id='word_1_653' title='bbox 885 4624 994 4667; x_wconf 92' lang='lat' dir='ltr'><strong>non</strong></span> <span class='ocrx_word' id='word_1_654' title='bbox 1022 4611 1249 4681; x_wconf 79' lang='lat' dir='ltr'><strong>posset,</strong></span> <span class='ocrx_word' id='word_1_655' title='bbox 1296 4610 1366 4665; x_wconf 86' lang='lat' dir='ltr'><strong>ad</strong></span> <span class='ocrx_word' id='word_1_656' title='bbox 1407 4612 1692 4667; x_wconf 88' lang='lat' dir='ltr'><strong>mulierem</strong></span> <span class='ocrx_word' id='word_1_657' title='bbox 1733 4628 1855 4668; x_wconf 88' lang='lat' dir='ltr'><strong>sese</strong></span> <span class='ocrx_word' id='word_1_658' title='bbox 1887 4613 2176 4678; x_wconf 87' lang='lat' dir='ltr'><strong>convertit,</strong></span> 
     </span>
    </p>
   </div>
   <div class='ocr_carea' id='block_1_90' title="bbox 592 4701 2181 4772">
    <p class='ocr_par' dir='ltr' id='par_1_90' title="bbox 592 4701 2181 4772">
     <span class='ocr_line' id='line_1_90' title="bbox 592 4701 2181 4772; baseline 0 -14"><span class='ocrx_word' id='word_1_659' title='bbox 592 4702 879 4758; x_wconf 89' lang='lat' dir='ltr'><strong>hominum</strong></span> <span class='ocrx_word' id='word_1_660' title='bbox 918 4701 1166 4756; x_wconf 87' lang='lat' dir='ltr'><strong>videlicet</strong></span> <span class='ocrx_word' id='word_1_661' title='bbox 1208 4701 1607 4772; x_wconf 86' lang='lat' dir='ltr'><strong>ignorantiam;</strong></span> <span class='ocrx_word' id='word_1_662' title='bbox 1647 4709 1702 4756; x_wconf 90' lang='lat' dir='ltr'><strong>et</strong></span> <span class='ocrx_word' id='word_1_663' title='bbox 1733 4704 1993 4771; x_wconf 88' lang='lat' dir='ltr'><strong>quoniam</strong></span> <span class='ocrx_word' id='word_1_664' title='bbox 2024 4702 2181 4758; x_wconf 86' lang='lat' dir='ltr'><strong>forti-</strong></span> 
     </span>
    </p>
   </div>
   <div class='ocr_carea' id='block_1_91' title="bbox 595 4792 2179 4866">
    <p class='ocr_par' dir='ltr' id='par_1_91' title="bbox 595 4792 2179 4866">
     <span class='ocr_line' id='line_1_91' title="bbox 595 4792 2179 4866; baseline 0.001 -16"><span class='ocrx_word' id='word_1_665' title='bbox 595 4793 702 4850; x_wconf 86' lang='lat' dir='ltr'><strong>bus</strong></span> <span class='ocrx_word' id='word_1_666' title='bbox 730 4792 965 4862; x_wconf 88' lang='lat' dir='ltr'><strong>ingeniis</strong></span> <span class='ocrx_word' id='word_1_667' title='bbox 993 4793 1186 4862; x_wconf 90' lang='lat' dir='ltr'><strong>nequit</strong></span> <span class='ocrx_word' id='word_1_668' title='bbox 1214 4792 1467 4859; x_wconf 90' lang='lat' dir='ltr'><strong>illudere,</strong></span> <span class='ocrx_word' id='word_1_669' title='bbox 1498 4807 1595 4848; x_wconf 89' lang='lat' dir='ltr'><strong>eos</strong></span> <span class='ocrx_word' id='word_1_670' title='bbox 1622 4792 1825 4864; x_wconf 89' lang='lat' dir='ltr'><strong>quibus</strong></span> <span class='ocrx_word' id='word_1_671' title='bbox 1859 4794 2179 4866; x_wconf 85' lang='lat' dir='ltr'><strong>ignorantiae</strong></span> 
     </span>
    </p>
   </div>
   <div class='ocr_carea' id='block_1_92' title="bbox 594 4882 2179 4950">
    <p class='ocr_par' dir='ltr' id='par_1_92' title="bbox 594 4882 2179 4950">
     <span class='ocr_line' id='line_1_92' title="bbox 594 4882 2179 4950; baseline 0.001 -9"><span class='ocrx_word' id='word_1_672' title='bbox 594 4884 816 4941; x_wconf 64' lang='lat' dir='ltr'><strong>cmcitas</strong></span> <span class='ocrx_word' id='word_1_673' title='bbox 849 4882 1084 4939; x_wconf 87' lang='lat' dir='ltr'><strong>obducta</strong></span> <span class='ocrx_word' id='word_1_674' title='bbox 1111 4892 1219 4950; x_wconf 89' lang='lat' dir='ltr'><strong>est,</strong></span> <span class='ocrx_word' id='word_1_675' title='bbox 1255 4883 1326 4939; x_wconf 90' lang='lat' dir='ltr'><strong>ad</strong></span> <span class='ocrx_word' id='word_1_676' title='bbox 1353 4899 1474 4941; x_wconf 87' lang='lat' dir='ltr'><strong>sese</strong></span> <span class='ocrx_word' id='word_1_677' title='bbox 1506 4893 1740 4940; x_wconf 89' lang='lat' dir='ltr'><strong>conatur</strong></span> <span class='ocrx_word' id='word_1_678' title='bbox 1768 4886 2007 4943; x_wconf 87' lang='lat' dir='ltr'><strong>allicere.</strong></span> <span class='ocrx_word' id='word_1_679' title='bbox 2041 4886 2179 4942; x_wconf 86' lang='lat' dir='ltr'><strong>Nam</strong></span> 
     </span>
    </p>
   </div>
   <div class='ocr_carea' id='block_1_93' title="bbox 594 4976 2173 5047">
    <p class='ocr_par' dir='ltr' id='par_1_93' title="bbox 594 4976 2173 5047">
     <span class='ocr_line' id='line_1_93' title="bbox 594 4976 2173 5047; baseline 0 -14"><span class='ocrx_word' id='word_1_680' title='bbox 594 4976 961 5034; x_wconf 85' lang='lat' dir='ltr'><strong>muliebribus</strong></span> <span class='ocrx_word' id='word_1_681' title='bbox 1009 4983 1273 5047; x_wconf 86' lang='lat' dir='ltr'><strong>perpetuo</strong></span> <span class='ocrx_word' id='word_1_682' title='bbox 1325 4976 1754 5046; x_wconf 86' lang='lat' dir='ltr'><strong>cogitationibus</strong></span> <span class='ocrx_word' id='word_1_683' title='bbox 1805 4977 2173 5041; x_wconf 66' lang='lat' dir='ltr'><strong>adhaerescit,</strong></span> 
     </span>
    </p>
   </div>
   <div class='ocr_carea' id='block_1_94' title="bbox 593 5064 2178 5137">
    <p class='ocr_par' dir='ltr' id='par_1_94' title="bbox 593 5064 2178 5137">
     <span class='ocr_line' id='line_1_94' title="bbox 593 5064 2178 5137; baseline 0 -14"><span class='ocrx_word' id='word_1_684' title='bbox 593 5067 863 5137; x_wconf 80' lang='lat' dir='ltr'><strong>voluptati</strong></span> <span class='ocrx_word' id='word_1_685' title='bbox 890 5066 1151 5121; x_wconf 89' lang='lat' dir='ltr'><strong>nimirum</strong></span> <span class='ocrx_word' id='word_1_686' title='bbox 1176 5073 1232 5121; x_wconf 89' lang='lat' dir='ltr'><strong>et</strong></span> <span class='ocrx_word' id='word_1_687' title='bbox 1258 5064 1582 5136; x_wconf 87' lang='lat' dir='ltr'><strong>cupiditati,</strong></span> <span class='ocrx_word' id='word_1_688' title='bbox 1612 5065 1719 5120; x_wconf 91' lang='lat' dir='ltr'><strong>hoc</strong></span> <span class='ocrx_word' id='word_1_689' title='bbox 1747 5073 1833 5121; x_wconf 89' lang='lat' dir='ltr'><strong>est</strong></span> <span class='ocrx_word' id='word_1_690' title='bbox 1857 5066 2178 5124; x_wconf 68' lang='lat' dir='ltr'><strong>eﬁ‘emiuatae</strong></span> 
     </span>
    </p>
   </div>
   <div class='ocr_carea' id='block_1_95' title="bbox 593 5156 2178 5229">
    <p class='ocr_par' dir='ltr' id='par_1_95' title="bbox 593 5156 2178 5229">
     <span class='ocr_line' id='line_1_95' title="bbox 593 5156 2178 5229; baseline 0.001 -15"><span class='ocrx_word' id='word_1_691' title='bbox 593 5159 655 5214; x_wconf 90' lang='lat' dir='ltr'><strong>in</strong></span> <span class='ocrx_word' id='word_1_692' title='bbox 684 5158 997 5216; x_wconf 87' lang='lat' dir='ltr'><strong>hominibus</strong></span> <span class='ocrx_word' id='word_1_693' title='bbox 1030 5158 1385 5229; x_wconf 71' lang='lat' dir='ltr'><strong>ignorantiae;</strong></span> <span class='ocrx_word' id='word_1_694' title='bbox 1420 5156 1576 5211; x_wconf 86' lang='lat' dir='ltr'><strong>ﬁrma</strong></span> <span class='ocrx_word' id='word_1_695' title='bbox 1611 5173 1741 5213; x_wconf 91' lang='lat' dir='ltr'><strong>vero</strong></span> <span class='ocrx_word' id='word_1_696' title='bbox 1773 5173 1836 5213; x_wconf 88' lang='lat' dir='ltr'><strong>ac</strong></span> <span class='ocrx_word' id='word_1_697' title='bbox 1865 5162 2178 5217; x_wconf 86' lang='lat' dir='ltr'><strong>constantia</strong></span> 
     </span>
    </p>
   </div>
   <div class='ocr_carea' id='block_1_96' title="bbox 593 5249 2180 5322">
    <p class='ocr_par' dir='ltr' id='par_1_96' title="bbox 593 5249 2180 5322">
     <span class='ocr_line' id='line_1_96' title="bbox 593 5249 2180 5322; baseline 0 -16"><span class='ocrx_word' id='word_1_698' title='bbox 593 5251 814 5322; x_wconf 80' lang='lat' dir='ltr'><strong>ingenia</strong></span> <span class='ocrx_word' id='word_1_699' title='bbox 857 5249 1213 5317; x_wconf 79' lang='lat' dir='ltr'><strong>reformidat,</strong></span> <span class='ocrx_word' id='word_1_700' title='bbox 1244 5264 1366 5319; x_wconf 73' lang='lat' dir='ltr'><strong>quae</strong></span> <span class='ocrx_word' id='word_1_701' title='bbox 1396 5264 1578 5303; x_wconf 86' lang='lat' dir='ltr'><strong>rerum</strong></span> <span class='ocrx_word' id='word_1_702' title='bbox 1611 5251 1857 5305; x_wconf 88' lang='lat' dir='ltr'><strong>omnium</strong></span> <span class='ocrx_word' id='word_1_703' title='bbox 1888 5260 2180 5307; x_wconf 59' lang='lat' dir='ltr'><strong>consentao</strong></span> 
     </span>
    </p>
   </div>
   <div class='ocr_carea' id='block_1_97' title="bbox 595 5339 2176 5412">
    <p class='ocr_par' dir='ltr' id='par_1_97' title="bbox 595 5339 2176 5412">
     <span class='ocr_line' id='line_1_97' title="bbox 595 5339 2176 5412; baseline 0.002 -16"><span class='ocrx_word' id='word_1_704' title='bbox 595 5356 755 5396; x_wconf 79' lang='lat' dir='ltr'><strong>neam</strong></span> <span class='ocrx_word' id='word_1_705' title='bbox 803 5355 871 5397; x_wconf 79' lang='lat' dir='ltr'><strong>ac</strong></span> <span class='ocrx_word' id='word_1_706' title='bbox 908 5355 1213 5412; x_wconf 82' lang='lat' dir='ltr'><strong>congruam</strong></span> <span class='ocrx_word' id='word_1_707' title='bbox 1256 5339 1508 5395; x_wconf 85' lang='lat' dir='ltr'><strong>notitiam</strong></span> <span class='ocrx_word' id='word_1_708' title='bbox 1552 5339 1874 5406; x_wconf 86' lang='lat' dir='ltr'><strong>informant,</strong></span> <span class='ocrx_word' id='word_1_709' title='bbox 1907 5357 1973 5397; x_wconf 93' lang='lat' dir='ltr'><strong>ac</strong></span> <span class='ocrx_word' id='word_1_710' title='bbox 2005 5341 2176 5399; x_wconf 90' lang='lat' dir='ltr'><strong>Deum</strong></span> 
     </span>
    </p>
   </div>
   <div class='ocr_carea' id='block_1_98' title="bbox 598 5428 2175 5500">
    <p class='ocr_par' dir='ltr' id='par_1_98' title="bbox 598 5428 2175 5500">
     <span class='ocr_line' id='line_1_98' title="bbox 598 5428 2175 5500; baseline 0.003 -18"><span class='ocrx_word' id='word_1_711' title='bbox 598 5428 779 5496; x_wconf 80' lang='lat' dir='ltr'><strong>ipsum</strong></span> <span class='ocrx_word' id='word_1_712' title='bbox 824 5446 897 5490; x_wconf 78' lang='lat' dir='ltr'><strong>ex</strong></span> <span class='ocrx_word' id='word_1_713' title='bbox 940 5440 1153 5487; x_wconf 71' lang='lat' dir='ltr'><strong>natura!</strong></span> <span class='ocrx_word' id='word_1_714' title='bbox 1178 5430 1298 5500; x_wconf 84' lang='lat' dir='ltr'><strong>lege</strong></span> <span class='ocrx_word' id='word_1_715' title='bbox 1339 5428 1683 5484; x_wconf 87' lang='lat' dir='ltr'><strong>discernunt.</strong></span> <span class='ocrx_word' id='word_1_716' title='bbox 1719 5428 2001 5484; x_wconf 87' lang='lat' dir='ltr'><strong>Christum</strong></span> <span class='ocrx_word' id='word_1_717' title='bbox 2030 5432 2175 5486; x_wconf 91' lang='lat' dir='ltr'><strong>enim</strong></span> 
     </span>
    </p>
   </div>
   <div class='ocr_carea' id='block_1_99' title="bbox 601 5518 2178 5592">
    <p class='ocr_par' dir='ltr' id='par_1_99' title="bbox 601 5518 2178 5592">
     <span class='ocr_line' id='line_1_99' title="bbox 601 5518 2178 5592; baseline 0.006 -22"><span class='ocrx_word' id='word_1_718' title='bbox 601 5531 662 5570; x_wconf 84' lang='lat' dir='ltr'><strong>se</strong></span> <span class='ocrx_word' id='word_1_719' title='bbox 690 5518 905 5573; x_wconf 87' lang='lat' dir='ltr'><strong>illorum</strong></span> <span class='ocrx_word' id='word_1_720' title='bbox 926 5536 1049 5578; x_wconf 88' lang='lat' dir='ltr'><strong>esse</strong></span> <span class='ocrx_word' id='word_1_721' title='bbox 1073 5534 1302 5592; x_wconf 82' lang='lat' dir='ltr'><strong>serpens</strong></span> <span class='ocrx_word' id='word_1_722' title='bbox 1324 5519 1618 5589; x_wconf 63' lang='lat' dir='ltr'><strong>praedicat;</strong></span> <span class='ocrx_word' id='word_1_723' title='bbox 1645 5520 1812 5590; x_wconf 69' lang='lat'><strong>270</strong></span> <span class='ocrx_word' id='word_1_724' title='bbox 1840 5521 1923 5576; x_wconf 88' lang='lat' dir='ltr'><strong>vel</strong></span> <span class='ocrx_word' id='word_1_725' title='bbox 1954 5523 2178 5579; x_wconf 87' lang='lat' dir='ltr'><strong>minime</strong></span> 
     </span>
    </p>
   </div>
   <div class='ocr_carea' id='block_1_100' title="bbox 605 5602 2174 5684">
    <p class='ocr_par' dir='ltr' id='par_1_100' title="bbox 605 5602 2174 5684">
     <span class='ocr_line' id='line_1_100' title="bbox 605 5602 2174 5684; baseline 0.006 -25"><span class='ocrx_word' id='word_1_726' title='bbox 605 5602 722 5672; x_wconf 81' lang='lat' dir='ltr'><strong>ipse</strong></span> <span class='ocrx_word' id='word_1_727' title='bbox 741 5608 980 5679; x_wconf 84' lang='lat' dir='ltr'><strong>quidem,</strong></span> <span class='ocrx_word' id='word_1_728' title='bbox 1012 5627 1191 5682; x_wconf 87' lang='lat' dir='ltr'><strong>neque</strong></span> <span class='ocrx_word' id='word_1_729' title='bbox 1221 5612 1368 5667; x_wconf 87' lang='lat' dir='ltr'><strong>enim</strong></span> <span class='ocrx_word' id='word_1_730' title='bbox 1404 5611 1553 5681; x_wconf 89' lang='lat' dir='ltr'><strong>loqui</strong></span> <span class='ocrx_word' id='word_1_731' title='bbox 1586 5619 1805 5681; x_wconf 88' lang='lat' dir='ltr'><strong>potest;</strong></span> <span class='ocrx_word' id='word_1_732' title='bbox 1838 5612 1934 5668; x_wconf 90' lang='lat' dir='ltr'><strong>sed</strong></span> <span class='ocrx_word' id='word_1_733' title='bbox 1965 5614 2059 5684; x_wconf 90' lang='lat' dir='ltr'><strong>qui</strong></span> <span class='ocrx_word' id='word_1_734' title='bbox 2093 5625 2174 5668; x_wconf 56' lang='lat' dir='ltr'><strong>ta.</strong></span> 
     </span>
    </p>
   </div>
   <div class='ocr_carea' id='block_1_101' title="bbox 580 5754 2240 5837">
    <p class='ocr_par' dir='ltr' id='par_1_101' title="bbox 580 5754 2240 5837">
     <span class='ocr_line' id='line_1_101' title="bbox 580 5754 2240 5837; baseline 0.008 -26"><span class='ocrx_word' id='word_1_735' title='bbox 580 5806 589 5811; x_wconf 65' lang='grc'><strong>,</strong></span> <span class='ocrx_word' id='word_1_736' title='bbox 679 5754 697 5788; x_wconf 80' lang='grc'>⁸</span> <span class='ocrx_word' id='word_1_737' title='bbox 724 5756 859 5815; x_wconf 85' lang='lat' dir='ltr'><strong>Gen.</strong></span> <span class='ocrx_word' id='word_1_738' title='bbox 889 5775 970 5832; x_wconf 81' lang='grc' dir='ltr'>ιιι,</span> <span class='ocrx_word' id='word_1_739' title='bbox 997 5763 1085 5818; x_wconf 81' lang='grc'><strong>19.</strong></span> <span class='ocrx_word' id='word_1_740' title='bbox 1160 5767 1195 5833; x_wconf 30' lang='grc' dir='ltr'>ἰ</span> <span class='ocrx_word' id='word_1_741' title='bbox 1218 5762 1280 5822; x_wconf 72' lang='grc' dir='ltr'>ιε’,</span> <span class='ocrx_word' id='word_1_742' title='bbox 1306 5763 1400 5816; x_wconf 58' lang='grc' dir='ltr'><strong>κοιλ¹</strong></span> <span class='ocrx_word' id='word_1_743' title='bbox 1425 5765 1586 5834; x_wconf 76' lang='grc' dir='ltr'>ἁπορ.</span> <span class='ocrx_word' id='word_1_744' title='bbox 1664 5766 1685 5798; x_wconf 84' lang='grc'>³</span> <span class='ocrx_word' id='word_1_745' title='bbox 1706 5763 1770 5825; x_wconf 80' lang='lat' dir='ltr'><strong>F.</strong></span> <span class='ocrx_word' id='word_1_746' title='bbox 1809 5766 2240 5837; x_wconf 82' lang='grc' dir='ltr'>προσκυνεῖσθαι.</span> 
     </span>
    </p>
   </div>
   <div class='ocr_carea' id='block_1_102' title="bbox 2272 4611 3780 4689">
    <p class='ocr_par' dir='ltr' id='par_1_102' title="bbox 2272 4611 3780 4689">
     <span class='ocr_line' id='line_1_102' title="bbox 2272 4611 3780 4689; baseline -0.005 -18"><span class='ocrx_word' id='word_1_747' title='bbox 2272 4635 2362 4674; x_wconf 85' lang='grc' dir='ltr'><strong>ται</strong></span> <span class='ocrx_word' id='word_1_748' title='bbox 2393 4618 2485 4671; x_wconf 73' lang='grc' dir='ltr'><strong>ἐπὶ</strong></span> <span class='ocrx_word' id='word_1_749' title='bbox 2500 4618 2560 4670; x_wconf 86' lang='grc' dir='ltr'><strong>τὸ</strong></span> <span class='ocrx_word' id='word_1_750' title='bbox 2587 4617 2743 4688; x_wconf 82' lang='grc' dir='ltr'>θῆλυ,</span> <span class='ocrx_word' id='word_1_751' title='bbox 2763 4618 3009 4671; x_wconf 82' lang='grc' dir='ltr'>τουτέστι</span> <span class='ocrx_word' id='word_1_752' title='bbox 3037 4616 3133 4688; x_wconf 84' lang='grc' dir='ltr'><strong>τὴν</strong></span> <span class='ocrx_word' id='word_1_753' title='bbox 3160 4616 3266 4670; x_wconf 84' lang='grc' dir='ltr'>τῶν</span> <span class='ocrx_word' id='word_1_754' title='bbox 3290 4615 3581 4689; x_wconf 86' lang='grc' dir='ltr'>ἀνθρώπων</span> <span class='ocrx_word' id='word_1_755' title='bbox 3598 4611 3780 4678; x_wconf 68' lang='grc' dir='ltr'>ἄγνοιαν.</span> 
     </span>
    </p>
   </div>
   <div class='ocr_carea' id='block_1_103' title="bbox 2276 4693 3781 4780">
    <p class='ocr_par' dir='ltr' id='par_1_103' title="bbox 2276 4693 3781 4780">
     <span class='ocr_line' id='line_1_103' title="bbox 2276 4693 3781 4780; baseline -0.009 -17"><span class='ocrx_word' id='word_1_756' title='bbox 2276 4709 2370 4763; x_wconf 69' lang='grc' dir='ltr'><strong>καὶ</strong></span> <span class='ocrx_word' id='word_1_757' title='bbox 2402 4708 2580 4763; x_wconf 86' lang='grc' dir='ltr'>πείθει</span> <span class='ocrx_word' id='word_1_758' title='bbox 2615 4710 2741 4773; x_wconf 77' lang='grc' dir='ltr'>τοὺς</span> <span class='ocrx_word' id='word_1_759' title='bbox 2776 4708 2834 4763; x_wconf 79' lang='grc' dir='ltr'><strong>ἐν</strong></span> <span class='ocrx_word' id='word_1_760' title='bbox 2861 4711 2928 4780; x_wconf 80' lang='grc' dir='ltr'>τῇ</span> <span class='ocrx_word' id='word_1_761' title='bbox 2954 4708 3166 4780; x_wconf 74' lang='grc' dir='ltr'>ἀγνοίᾳ,</span> <span class='ocrx_word' id='word_1_762' title='bbox 3206 4708 3394 4779; x_wconf 76' lang='grc' dir='ltr'>ἐπειδὴ</span> <span class='ocrx_word' id='word_1_763' title='bbox 3423 4708 3483 4760; x_wconf 82' lang='grc' dir='ltr'><strong>οὐ</strong></span> <span class='ocrx_word' id='word_1_764' title='bbox 3514 4705 3704 4758; x_wconf 80' lang='grc' dir='ltr'>δύναται</span> <span class='ocrx_word' id='word_1_765' title='bbox 3720 4693 3781 4746; x_wconf 72' lang='grc' dir='ltr'><strong>τὸν</strong></span> 
     </span>
    </p>
   </div>
   <div class='ocr_carea' id='block_1_104' title="bbox 2276 4787 3780 4873">
    <p class='ocr_par' dir='ltr' id='par_1_104' title="bbox 2276 4787 3780 4873">
     <span class='ocr_line' id='line_1_104' title="bbox 2276 4787 3780 4873; baseline -0.012 -19"><span class='ocrx_word' id='word_1_766' title='bbox 2276 4799 2497 4873; x_wconf 78' lang='grc' dir='ltr'>στερεὸν</span> <span class='ocrx_word' id='word_1_767' title='bbox 2537 4799 2795 4872; x_wconf 82' lang='grc' dir='ltr'>λογισμὸν</span> <span class='ocrx_word' id='word_1_768' title='bbox 2826 4800 3126 4871; x_wconf 80' lang='grc' dir='ltr'>ἀπατῆσαι.</span> <span class='ocrx_word' id='word_1_769' title='bbox 3155 4799 3422 4871; x_wconf 83' lang='grc' dir='ltr'>Θηλυκοῖς</span> <span class='ocrx_word' id='word_1_770' title='bbox 3461 4797 3563 4868; x_wconf 77' lang='grc' dir='ltr'>γὰρ</span> <span class='ocrx_word' id='word_1_771' title='bbox 3597 4791 3672 4847; x_wconf 84' lang='grc' dir='ltr'>ἀεὶ</span> <span class='ocrx_word' id='word_1_772' title='bbox 3697 4787 3780 4839; x_wconf 80' lang='grc' dir='ltr'>δια-</span> 
     </span>
    </p>
   </div>
   <div class='ocr_carea' id='block_1_105' title="bbox 2275 4885 3781 4963">
    <p class='ocr_par' dir='ltr' id='par_1_105' title="bbox 2275 4885 3781 4963">
     <span class='ocr_line' id='line_1_105' title="bbox 2275 4885 3781 4963; baseline -0.023 1"><span class='ocrx_word' id='word_1_773' title='bbox 2275 4893 2511 4963; x_wconf 83' lang='grc' dir='ltr'>νοήμασι</span> <span class='ocrx_word' id='word_1_774' title='bbox 2538 4890 2924 4963; x_wconf 75' lang='grc' dir='ltr'>προσπελάζει,</span> <span class='ocrx_word' id='word_1_775' title='bbox 2953 4889 3114 4963; x_wconf 77' lang='grc' dir='ltr'>ἡδονῇ</span> <span class='ocrx_word' id='word_1_776' title='bbox 3150 4907 3209 4943; x_wconf 78' lang='grc' dir='ltr'>τε</span> <span class='ocrx_word' id='word_1_777' title='bbox 3238 4892 3332 4944; x_wconf 80' lang='grc' dir='ltr'><strong>και</strong></span> <span class='ocrx_word' id='word_1_778' title='bbox 3371 4885 3639 4957; x_wconf 73' lang='grc' dir='ltr'>ἐπιθυμίᾳ,</span> <span class='ocrx_word' id='word_1_779' title='bbox 3666 4889 3781 4931; x_wconf 67' lang='grc' dir='ltr'><strong>τουςρ</strong></span> 
     </span>
    </p>
   </div>
   <div class='ocr_carea' id='block_1_106' title="bbox 2280 4971 3782 5054">
    <p class='ocr_par' dir='ltr' id='par_1_106' title="bbox 2280 4971 3782 5054">
     <span class='ocr_line' id='line_1_106' title="bbox 2280 4971 3782 5054; baseline -0.007 -19"><span class='ocrx_word' id='word_1_780' title='bbox 2280 4980 2396 5034; x_wconf 85' lang='grc' dir='ltr'>ἐστι</span> <span class='ocrx_word' id='word_1_781' title='bbox 2423 4983 2488 5052; x_wconf 82' lang='grc' dir='ltr'>τῇ</span> <span class='ocrx_word' id='word_1_782' title='bbox 2519 4983 2577 5034; x_wconf 75' lang='grc' dir='ltr'>ὲν</span> <span class='ocrx_word' id='word_1_783' title='bbox 2619 4981 2927 5054; x_wconf 76' lang='grc' dir='ltr'>ἀνθρώποις</span> <span class='ocrx_word' id='word_1_784' title='bbox 2966 4981 3329 5053; x_wconf 80' lang='grc' dir='ltr'>θηλυνομένῃ,</span> <span class='ocrx_word' id='word_1_785' title='bbox 3359 4981 3453 5034; x_wconf 78' lang='grc' dir='ltr'>καὶ</span> <span class='ocrx_word' id='word_1_786' title='bbox 3475 4978 3588 5049; x_wconf 76' lang='grc' dir='ltr'>οὐχὶ</span> <span class='ocrx_word' id='word_1_787' title='bbox 3613 4971 3678 5043; x_wconf 82' lang='grc' dir='ltr'>τῷ</span> <span class='ocrx_word' id='word_1_788' title='bbox 3698 4982 3782 5021; x_wconf 82' lang='grc' dir='ltr'>στε-</span> 
     </span>
    </p>
   </div>
   <div class='ocr_carea' id='block_1_107' title="bbox 2281 5057 3779 5145">
    <p class='ocr_par' dir='ltr' id='par_1_107' title="bbox 2281 5057 3779 5145">
     <span class='ocr_line' id='line_1_107' title="bbox 2281 5057 3779 5145; baseline -0.006 -20"><span class='ocrx_word' id='word_1_789' title='bbox 2281 5072 2389 5143; x_wconf 82' lang='grc' dir='ltr'>ρεῷ</span> <span class='ocrx_word' id='word_1_790' title='bbox 2414 5072 2681 5143; x_wconf 85' lang='grc' dir='ltr'>λογισμῷ,</span> <span class='ocrx_word' id='word_1_791' title='bbox 2702 5073 2780 5145; x_wconf 83' lang='grc' dir='ltr'>τῷ</span> <span class='ocrx_word' id='word_1_792' title='bbox 2798 5073 3035 5141; x_wconf 81' lang='grc' dir='ltr'>εὐλόγως</span> <span class='ocrx_word' id='word_1_793' title='bbox 3059 5072 3131 5126; x_wconf 88' lang='grc' dir='ltr'><strong>τά</strong></span> <span class='ocrx_word' id='word_1_794' title='bbox 3154 5071 3333 5126; x_wconf 84' lang='grc' dir='ltr'>πάντα</span> <span class='ocrx_word' id='word_1_795' title='bbox 3364 5063 3673 5132; x_wconf 77' lang='grc' dir='ltr'>νοοῦντι,καὶ</span> <span class='ocrx_word' id='word_1_796' title='bbox 3686 5057 3779 5113; x_wconf 69' lang='grc' dir='ltr'>Θεὸν</span> 
     </span>
    </p>
   </div>
   <div class='ocr_carea' id='block_1_108' title="bbox 2278 5146 3780 5233">
    <p class='ocr_par' dir='ltr' id='par_1_108' title="bbox 2278 5146 3780 5233">
     <span class='ocr_line' id='line_1_108' title="bbox 2278 5146 3780 5233; baseline 0.002 -21"><span class='ocrx_word' id='word_1_797' title='bbox 2278 5159 2385 5213; x_wconf 80' lang='grc' dir='ltr'><strong>ἀπὸ</strong></span> <span class='ocrx_word' id='word_1_798' title='bbox 2411 5159 2505 5212; x_wconf 86' lang='grc' dir='ltr'><strong>τοῦ</strong></span> <span class='ocrx_word' id='word_1_799' title='bbox 2535 5162 2675 5215; x_wconf 84' lang='grc' dir='ltr'><strong>κατά</strong></span> <span class='ocrx_word' id='word_1_800' title='bbox 2709 5162 2868 5231; x_wconf 81' lang='grc' dir='ltr'>φύσιν</span> <span class='ocrx_word' id='word_1_801' title='bbox 2897 5163 3061 5233; x_wconf 86' lang='grc' dir='ltr'>νόμου</span> <span class='ocrx_word' id='word_1_802' title='bbox 3092 5161 3517 5230; x_wconf 83' lang='grc' dir='ltr'>ὲπιγινώσκοντι.</span> <span class='ocrx_word' id='word_1_803' title='bbox 3543 5156 3684 5223; x_wconf 73' lang='grc' dir='ltr'>Λέγει</span> <span class='ocrx_word' id='word_1_804' title='bbox 3702 5146 3780 5233; x_wconf 70' lang='grc' dir='ltr'><strong>γὰρ</strong></span> 
     </span>
    </p>
   </div>
   <div class='ocr_carea' id='block_1_109' title="bbox 2277 5231 3780 5323">
    <p class='ocr_par' dir='ltr' id='par_1_109' title="bbox 2277 5231 3780 5323">
     <span class='ocr_line' id='line_1_109' title="bbox 2277 5231 3780 5323; baseline -0.003 -21"><span class='ocrx_word' id='word_1_805' title='bbox 2277 5249 2472 5304; x_wconf 74' lang='grc' dir='ltr'>ἑαυτὸν</span> <span class='ocrx_word' id='word_1_806' title='bbox 2499 5245 2642 5304; x_wconf 75' lang='grc' dir='ltr'>εἶναι</span> <span class='ocrx_word' id='word_1_807' title='bbox 2674 5251 2913 5323; x_wconf 81' lang='grc' dir='ltr'>Χριστὸν</span> <span class='ocrx_word' id='word_1_808' title='bbox 2997 5253 3128 5322; x_wconf 82' lang='grc' dir='ltr'>παρ’</span> <span class='ocrx_word' id='word_1_809' title='bbox 3143 5252 3330 5314; x_wconf 84' lang='grc' dir='ltr'>αὐτοῖς</span> <span class='ocrx_word' id='word_1_810' title='bbox 3367 5250 3485 5319; x_wconf 75' lang='grc' dir='ltr'>ὄφις</span> <span class='ocrx_word' id='word_1_811' title='bbox 3506 5263 3519 5276; x_wconf 82' lang='lat'>&#39;</span> <span class='ocrx_word' id='word_1_812' title='bbox 3554 5241 3719 5316; x_wconf 83' lang='grc' dir='ltr'>μᾶλλον</span> <span class='ocrx_word' id='word_1_813' title='bbox 3738 5231 3780 5285; x_wconf 69' lang='grc' dir='ltr'><strong>δὲ</strong></span> 
     </span>
    </p>
   </div>
   <div class='ocr_carea' id='block_1_110' title="bbox 2277 5323 3779 5415">
    <p class='ocr_par' dir='ltr' id='par_1_110' title="bbox 2277 5323 3779 5415">
     <span class='ocr_line' id='line_1_110' title="bbox 2277 5323 3779 5415; baseline -0.001 -21"><span class='ocrx_word' id='word_1_814' title='bbox 2277 5341 2377 5394; x_wconf 79' lang='grc' dir='ltr'><strong>οὐκ</strong></span> <span class='ocrx_word' id='word_1_815' title='bbox 2398 5341 2561 5405; x_wconf 80' lang='grc' dir='ltr'>αὐτὸς</span> <span class='ocrx_word' id='word_1_816' title='bbox 2634 5343 2717 5413; x_wconf 83' lang='grc' dir='ltr'>(οὐ</span> <span class='ocrx_word' id='word_1_817' title='bbox 2744 5342 2856 5415; x_wconf 87' lang='grc' dir='ltr'>γὰρ</span> <span class='ocrx_word' id='word_1_818' title='bbox 2887 5342 3109 5398; x_wconf 84' lang='grc' dir='ltr'>δύναται</span> <span class='ocrx_word' id='word_1_819' title='bbox 3148 5332 3686 5412; x_wconf 76' lang='grc' dir='ltr'>φθέγξασθαι),ἀλλὰὸ</span> <span class='ocrx_word' id='word_1_820' title='bbox 3710 5323 3779 5392; x_wconf 65' lang='grc' dir='ltr'><strong>τὴν</strong></span> 
     </span>
    </p>
   </div>
   <div class='ocr_carea' id='block_1_111' title="bbox 2277 5418 3777 5508">
    <p class='ocr_par' dir='ltr' id='par_1_111' title="bbox 2277 5418 3777 5508">
     <span class='ocr_line' id='line_1_111' title="bbox 2277 5418 3777 5508; baseline -0.006 -19"><span class='ocrx_word' id='word_1_821' title='bbox 2277 5435 2456 5489; x_wconf 82' lang='grc' dir='ltr'>αὐτῶν</span> <span class='ocrx_word' id='word_1_822' title='bbox 2489 5434 2696 5490; x_wconf 72' lang='grc' dir='ltr'>ἔννοιαν</span> <span class='ocrx_word' id='word_1_823' title='bbox 2721 5435 2866 5489; x_wconf 76' lang='grc' dir='ltr'>οὕτω</span> <span class='ocrx_word' id='word_1_824' title='bbox 2897 5438 3113 5508; x_wconf 77' lang='grc' dir='ltr'>φρονεῖν</span> <span class='ocrx_word' id='word_1_825' title='bbox 3138 5418 3777 5505; x_wconf 73' lang='grc' dir='ltr'>παρασκευάσαςδιάσολος·</span> 
     </span>
    </p>
   </div>
   <div class='ocr_carea' id='block_1_112' title="bbox 2278 5508 3775 5597">
    <p class='ocr_par' dir='ltr' id='par_1_112' title="bbox 2278 5508 3775 5597">
     <span class='ocr_line' id='line_1_112' title="bbox 2278 5508 3775 5597; baseline 0.005 -18"><span class='ocrx_word' id='word_1_826' title='bbox 2278 5524 2372 5590; x_wconf 92' lang='grc' dir='ltr'><strong>Τίς</strong></span> <span class='ocrx_word' id='word_1_827' title='bbox 2393 5528 2589 5595; x_wconf 88' lang='grc' dir='ltr'>τοίνυν,</span> <span class='ocrx_word' id='word_1_828' title='bbox 2609 5527 2732 5581; x_wconf 81' lang='grc' dir='ltr'>ἰδὼν</span> <span class='ocrx_word' id='word_1_829' title='bbox 2753 5528 2846 5581; x_wconf 79' lang='grc' dir='ltr'><strong>τὸν</strong></span> <span class='ocrx_word' id='word_1_830' title='bbox 2867 5527 3011 5597; x_wconf 83' lang='grc' dir='ltr'>ὄφιν,</span> <span class='ocrx_word' id='word_1_831' title='bbox 3034 5530 3134 5582; x_wconf 81' lang='grc' dir='ltr'><strong>οὐκ</strong></span> <span class='ocrx_word' id='word_1_832' title='bbox 3154 5526 3506 5597; x_wconf 65' lang='grc' dir='ltr'>ἐπιγνώσεται</span> <span class='ocrx_word' id='word_1_833' title='bbox 3520 5520 3602 5573; x_wconf 82' lang='grc' dir='ltr'><strong>τὸν</strong></span> <span class='ocrx_word' id='word_1_834' title='bbox 3614 5508 3775 5597; x_wconf 59' lang='grc' dir='ltr'><strong>ιχθρδν’</strong></span> 
     </span>
    </p>
   </div>
   <div class='ocr_carea' id='block_1_113' title="bbox 2278 5596 3775 5691">
    <p class='ocr_par' dir='ltr' id='par_1_113' title="bbox 2278 5596 3775 5691">
     <span class='ocr_line' id='line_1_113' title="bbox 2278 5596 3775 5691; baseline -0.011 -19"><span class='ocrx_word' id='word_1_835' title='bbox 2278 5618 2371 5671; x_wconf 79' lang='grc' dir='ltr'>καὶ</span> <span class='ocrx_word' id='word_1_836' title='bbox 2396 5617 2684 5688; x_wconf 61' lang='lat' dir='ltr'><strong>(parietum;</strong></span> <span class='ocrx_word' id='word_1_837' title='bbox 2709 5596 2919 5674; x_wconf 80' lang='grc' dir='ltr'>Τούτου</span> <span class='ocrx_word' id='word_1_838' title='bbox 2942 5620 3052 5691; x_wconf 85' lang='grc' dir='ltr'>γὰρ</span> <span class='ocrx_word' id='word_1_839' title='bbox 3073 5596 3373 5677; x_wconf 70' lang='grc' dir='ltr'>ἕνεκενκαὶ</span> <span class='ocrx_word' id='word_1_840' title='bbox 3403 5618 3431 5670; x_wconf 82' lang='grc' dir='ltr'><strong>ὁ</strong></span> <span class='ocrx_word' id='word_1_841' title='bbox 3458 5612 3637 5683; x_wconf 74' lang='grc' dir='ltr'>Κύριος</span> <span class='ocrx_word' id='word_1_842' title='bbox 3659 5596 3775 5657; x_wconf 66' lang='grc' dir='ltr'>αὐτὸν</span> 
     </span>
    </p>
   </div>
  </div>
