3934 6442
214 410 322 468 645

815 405 1186 464 ADVERSUS
1215 404 1558 463 HERESES
1593 402 1721 460 LIB.
1754 402 1791 459 1.

1894 400 1996 460 )Μ.
2039 400 2201 458 ιιι.--
2231 400 2506 457 llASBES.
2548 400 2807 457 XXXVII.

3380 409 3480 463 ϐω

207 521 402 579 τοῦτον
437 520 527 575 τὸν
564 520 688 590 ὅφιν
717 521 797 583 είς
827 520 1053 592 ἐχθρίαν
1094 521 1396 591 κατέστησε
1435 519 1533 574 τοῦ
1566 519 1674 574 τῶν
1704 520 1791 573 ἀν-

1899 517 2005 572 lem
2033 518 2267 574 istorum
2290 517 2569 574 mentibus
2593 517 2980 589 cogitationem
2998 515 3189 587 injecit
3204 517 3478 580 diabolus.

210 613 241 667 Θ
247 612 450 685 ρώπων
477 611 670 680 γένους
684 627 699 640 ’
726 610 913 681 ἐπειδὴ
933 610 1066 675 ὅλως
1095 629 1187 664 σκε
1196 609 1288 674 ῢος
1305 610 1551 665 διαϐόλου
1572 611 1790 679 γέγονε,

210 705 411 774 κτῆνος
448 702 544 767 ὢν,
576 702 671 756 καὶ
699 701 766 754 δι’
809 701 976 754 αὐτοῦ
1006 702 1257 772 ἠπάτησε
1289 701 1534 765 διάϐολος
1562 701 1671 754 ’τὸν
1702 700 1795 754 ἄν-

208 794 431 866 θρωπον
469 796 527 847 ἐν
551 793 631 863 τῷ
662 788 976 864 παραδείσῳ
1004 810 1018 823 ·
1053 793 1158 858 ἵνα,
1212 792 1411 855 ἰδόντες
1455 791 1554 862 τὴν
1600 789 1792 844 τούτου

204 886 435 957 ἐχθρίαν
455 885 552 939 τοῦ
577 884 836 956 αίσθητοῦ
859 886 1053 956 ὖφεως,
1078 885 1516 956 ἀποδιδράσκωσι
1541 885 1640 955 τῆς
1661 885 1796 939 ἀπά-

205 995 312 1047 της
341 978 441 1048 τὴν
478 976 791 1047 ἐπιϐουλὴν,
828 975 923 1030 καὶ
964 978 1288 1048 μισήσωσιν,
1315 976 1389 1040 ὡς
1435 978 1630 1040 εἰπεῖν,
1663 974 1786 1029 θεά⁹

205 1067 410 1121 σασθαι
445 1070 537 1122 καὶ
569 1068 628 1121 τὸ
657 1064 815 1131 εἶδος.

1902 605 2105 677 Ecquis
2142 622 2272 661 vero
2318 607 2505 662 statim
2537 622 2605 662 ac
2634 617 2942 677 serpentem
2988 606 3217 673 viderit,
3241 624 3354 664 non
3383 611 3484 666 ho-

1860 722 1865 735 r
1898 705 2038 754 stem
2068 697 2466 753 animadvertat
2496 713 2560 752 ac
2591 697 2798 768 fugiat?
2826 697 2977 752 Hanc
3005 699 3150 753 enim
3168 700 3241 755 ob
3259 710 3481 757 causam

1898 790 2162 847 Dominus
2186 799 2493 861 serpentem
2517 790 2660 844 inter
2683 790 3075 860 hominumque
3100 807 3274 862 genus
3306 794 3479 849 hostiv

1897 884 1978 938 les
2031 883 2347 938 inimicitias
2416 881 2680 947 immisit;
2738 882 2887 952 quod
2947 884 3174 938 omnino
3229 885 3480 941 diabolus

1896 976 2088 1032 bestiae
2113 990 2287 1044 genus
2312 974 2454 1029 istud
2482 974 2631 1028 velut
2655 973 3081 1028 instrumentum
3115 976 3479 1037 adhibuisset,

1893 1065 2279 1133 hominemque
2312 1064 2455 1117 intra
2479 1062 2718 1132 paradisi
2748 1075 2901 1134 septa
2934 1065 3262 1134 decepisset,
3294 1078 3352 1122 ut
3383 1067 3475 1137 qui

202 1161 422 1216 externi
452 1161 723 1231 serpentis
754 1160 1006 1214 hostiiem
1038 1160 1275 1230 speciem
1318 1159 1622 1231 conspicati
1647 1158 1893 1228 _i‘uerint,
1936 1160 2006 1213 ab
2053 1158 2174 1228 ejus
2216 1155 2436 1211 insidiis
2462 1165 2712 1223 caveant,
2777 1170 2842 1210 ac
2908 1157 2995 1212 vel
3048 1157 3253 1227 ipsum,
3282 1166 3345 1213 ut
3401 1160 3476 1213 ita

202 1253 412 1319 dicam,
436 1262 791 1321 conspectum
824 1252 973 1306 illius
998 1252 1411 1308 exhorrescant.

279 1344 355 1397 I".
396 1340 731 1395 Ἀποδιδὸασι
755 1339 812 1392 δὲ
835 1341 929 1394 καὶ
953 1333 1099 1393 οὖτοι
1141 1342 1188 1393 οἱ
1224 1343 1436 1409 Ὀφῖται
1467 1339 1788 1410 καλούμενοι

201 1435 384 1505 τούτῳ
413 1433 492 1504 τῷ
515 1433 625 1487 ἔθει
662 1435 677 1465 ¹
711 1431 809 1503 τὴν
837 1435 1017 1486 πᾶσαν
1044 1433 1264 1502 γνῶσιν,
1296 1433 1561 1501 λέγοντες,
1592 1434 1672 1486 ὅτι
1698 1428 1790 1487 (ὗ-

201 1542 300 1589 τος
333 1524 473 1596 ἁρχὴ
504 1525 693 1593 γέγονε
719 1522 974 1592 γνώσεως
1014 1526 1127 1587 τοῖς
1152 1522 1488 1595 ἀνθρὼποις’
1529 1522 1788 1595 μυθωδός

203 1616 666 1686 παρεισφέροντες
700 1614 769 1667 τὰ
811 1617 939 1686 παρ’
980 1615 1161 1678 αὐτοῖς
1209 1615 1538 1685 νομιζόμενα
1577 1632 1785 1685 μυστη-

204 1725 326 1780 ρια,
361 1708 780 1778 μιμολογήματα
814 1705 871 1758 δὲ
907 1705 1056 1768 ὄντα,
1094 1705 1189 1759 καὶ
1223 1705 1419 1778 χλεύης
1447 1705 1659 1776 ἔμπλεα
1692 1706 1785 1760 καὶ

206 1797 715 1870 ματαιοφροσύνης·
763 1796 921 1868 μῦθοι
963 1797 1073 1868 γὰρ
1109 1796 1185 1861 ὡς
1229 1797 1446 1868 ἀληθῶς
1485 1790 1651 1851 οὗτοι.
1676 1798 1784 1852 Φά-

1966 1334 2055 1392 lll.
2117 1334 2330 1406 Ophitm
2381 1350 2512 1391 vero
2569 1335 2699 1390 huic
2765 1337 3051 1393 scientiam
3108 1354 3324 1394 omnem
3380 1343 3479 1397 tri-

1894 1427 2092 1491 buunt,
2138 1426 2323 1495 itaque
2367 1425 2695 1495 proﬁtentur
2744 1445 2756 1481 :
2808 1437 3115 1497 serpentem
3164 1430 3477 1490 hominibus

1892 1515 2138 1571 scientiae
2152 1517 2332 1569 omnis
2349 1523 2630 1569 auctorem
2660 1516 2974 1581 exstitisse;
2999 1517 3230 1591 indeque
3262 1518 3476 1577 fabulas

1890 1623 2073 1664 meras
2098 1623 2237 1679 quas
2264 1623 2364 1678 pro
2391 1607 2668 1678 mysteriis
2713 1608 2915 1663 habent
2958 1610 3251 1664 commenti
3298 1621 3428 1666 sunt
3459 1631 3471 1666 :

1889 1715 2014 1754 cum
2066 1700 2203 1754 nihil
2247 1698 2396 1759 aliud
2441 1708 2637 1768 praeter
2665 1699 2959 1754 mimorum
2994 1700 3206 1756 ludicra
3236 1703 3475 1759 ridicula

1891 1806 2119 1861 prorsus
2165 1798 2221 1846 et
2266 1789 2451 1844 inania
2497 1790 2627 1844 sint.
2685 1788 2899 1844 Etenim
2937 1791 3006 1846 ab
3042 1792 3224 1849 Aione
3262 1810 3477 1851 summo

204 1906 400 1943 σκουσι
417 1889 525 1961 γὰρ
534 1889 642 1942 ἀπὸ
657 1887 749 1941 τοῦ
777 1888 889 1942 ἄνω
910 1888 1113 1953 Αίῶνος
1132 1889 1533 1960 προϐεϐλῆσθαι
1550 1890 1782 1958 Αίῶνας,

1894 1890 2217 1953 prepagatos
2242 1879 2451 1936 Eonas
2473 1881 2794 1935 existimant
2820 1900 2833 1935 :
2863 1897 2894 1936 e
2922 1883 3124 1954 quibus
3147 1884 3370 1940 inﬁmus
3392 1893 3478 1941 est

204 1981 306 2037 καὶ
358 1979 666 2050 κατώτερον
709 1979 1038 2051 γεγενῆσθαι
1075 1984 1104 2034 6
1148 1980 1471 2036 Ἰαλδαϐαώθ
1502 1984 1557 2014 ³·
1598 1982 1786 2036 τοῦτον

200 2073 265 2127 δὲ
312 2071 713 2144 προϐεϐλῆσθαι
759 2072 898 2126 κατά
946 2071 1253 2143 ἀδράνειαν,
1288 2075 1380 2128 καὶ
1425 2074 1647 2142 ἄγνοιαν
1688 2075 1787 2145 τῆς

207 2162 350 2225 ἰδίας
380 2162 607 2233 μητρὸς,
631 2161 872 2214 τουτέστι
897 2162 995 2231 τῆς
1015 2161 1128 2217 ἄνω
1150 2164 1478 2234 Προυνείκου
1502 2164 1542 2221 ³.
1570 2163 1786 2234 Ταύτην

204 2254 318 2325 γάρ
341 2271 470 2325 φασι
492 2254 589 2324 τὴν
605 2252 933 2325 Προύνεικον
950 2254 1367 2326 κατεληλυθέναι
1399 2257 1479 2319 είς
1500 2256 1568 2310 τὰ
1593 2256 1784 2321 ὕδατα,

203 2346 305 2399 καὶ
341 2345 595 2416 μιχθῆναι
625 2346 826 2408 αὐτοῖς,
868 2346 962 2399 καὶ
995 2346 1069 2417 μὴ
1098 2346 1412 2418 δεδυνῆσθαι
1449 2350 1529 2411 είς
1574 2348 1643 2402 τὰ
1675 2348 1786 2403 ἄνω

205 2438 430 2507 χωρεῖν,
464 2436 551 2490 διὰ
577 2436 639 2489 τὸ
682 2435 944 2507 μεμίχθαι
977 2436 1055 2507 τῷ
1090 2436 1242 2510 βάρει
1281 2439 1380 2509 τῆς
1409 2438 1564 2508 ὕλης,
1594 2439 1788 2509 ἐπιμε-

208 2526 406 2599 μίχθαι
428 2527 484 2580 δὲ
513 2527 681 2597 αὐτὴν
712 2530 824 2592 τοῖς
870 2527 1025 2581 ὕδασι
1072 2530 1166 2582 καὶ
1201 2532 1265 2600 τῇ
1304 2529 1424 2603 ὕλῃ,
1453 2532 1550 2584 καὶ
1587 2531 1785 2601 μηκέτι

202 2618 502 2690 δυνηθῆναι
547 2619 870 2690 ἀναχωρεῖν.
912 2620 1115 2690 Ἐπῆρε
1159 2620 1216 2673 δὲ
1261 2622 1458 2693 ἑαυτὴν
1491 2624 1631 2678 κατὰ
1666 2624 1786 2692 βίαν

203 2709 289 2771 είς
331 2708 401 2760 τὰ
440 2705 709 2780 ἀνώτερα,
755 2709 849 2761 καὶ
899 2707 1162 2772 ἐξέτεινεν
1212 2712 1435 2781 ἑαυτήν·
1473 2713 1568 2766 καὶ
1613 2711 1787 2776 οὕτως

204 2798 432 2867 γέγονεν
460 2796 727 2869 ἀνώτερος
756 2797 1003 2869 οὐρανός.
1031 2799 1139 2851 Καὶ
1170 2798 1244 2862 ὡς
1266 2802 1501 2867 παγεῖσα
1535 2798 1782 2871 εὕρηται,

208 2888 411 2961 μηκέτι
437 2888 707 2958 δυναμένη
729 2889 863 2959 μήτε
891 2889 1005 2943 ἄνω
1019 2889 1305 2961 ἀναϐῆναι,
1327 2892 1464 2962 μήτε
1488 2892 1638 2945 κάτω
1663 2908 1789 2944 κατ-

204 2980 412 3032 ελθεῖν’
461 2975 597 3031 ἀλλὰ
635 2978 716 3041 είς
740 2978 800 3031 τὸ
827 2979 1150 3049 μεσαίτατον
1176 2981 1417 3048 παγεῖσά
1435 2998 1492 3034 τε
1519 2981 1612 3035 καὶ
1632 2982 1788 3034 ἐκτε-

203 3069 421 3139 ταμένη
469 3065 678 3138 ἔμεινε.
726 3068 892 3122 Κάτω
947 3069 1046 3139 μὲν
1085 3070 1197 3141 γὰρ
1251 3071 1642 3141 κατενεχθῆναι
1688 3072 1788 3126 οὐκ

1886 1973 2231 2040 Jaldabaoth,
2287 1988 2448 2044 quem
2498 1988 2565 2028 ex
2621 1972 2999 2029 imbecillitate
3060 1976 3478 2047 ignorantiaque

1888 2081 2001 2121 sua:
2051 2066 2242 2134 matris
2281 2076 2532 2123 exortum
2581 2064 2858 2132 referunt;
2916 2066 3021 2120 hoc
3069 2076 3154 2123 est
3194 2070 3344 2124 illius
3384 2085 3477 2125 su-

1886 2172 2107 2227 premae,
2133 2174 2299 2227 quam
2330 2158 2628 2213 Prunieum
2659 2157 2957 2227 appellant.
2988 2157 3142 2216 Hanc
3166 2162 3311 2216 enim
3342 2176 3475 2215 nar-

1887 2256 2011 2301 rant
2043 2249 2097 2301 in
2130 2263 2302 2319 aquas
2340 2249 2644 2318 delapsam.
2673 2247 2855 2319 iisque
2884 2252 3229 2307 commistam
3259 2253 3477 2308 evolare

1886 2340 2114 2395 minimc
2173 2341 2456 2410 potuisse,
2510 2343 2657 2413 quod
2710 2344 2953 2419 materiae
3002 2346 3269 2415 gravitate
3318 2355 3465 2402 esset
3558 2410 3566 2425 λ

1887 2431 2182 2500 implicita;
2231 2432 2321 2486 cui
2372 2433 2591 2502 quidem
2629 2434 2856 2504 perinde
2885 2442 2946 2489 ut
2970 2435 3130 2506 aquis
3154 2436 3362 2492 inserta
3388 2451 3475 2491 re—

1887 2521 2079 2576 cedere
2128 2522 2271 2576 ultra
2318 2523 2644 2594 nequiverit.
2687 2524 2765 2579 Ac
2809 2540 2935 2579 cum
2983 2542 3044 2582 se
3085 2526 3355 2582 violenter
3395 2525 3477 2581 ef-

1887 2613 2075 2679 ferret,
2105 2623 2269 2686 atque
2295 2618 2643 2674 extendendo
2673 2620 2967 2685 niteretur,
2994 2621 3195 2675 cmlum
3226 2621 3360 2675 illud
3390 2637 3478 2677 su-

1888 2707 2075 2776 perius
2104 2705 2361 2762 effectum
2397 2725 2503 2765 esr.
2542 2712 2662 2781 ipsa
2689 2727 2822 2767 vero
2850 2712 2944 2766 ubi
2978 2712 3156 2767 deﬁxa
3187 2713 3355 2767 semel
3383 2720 3472 2769 est

1888 2795 2045 2851 haesit
2074 2796 2131 2849 in
2161 2795 2354 2852 eodem
2385 2805 2552 2862 statu,
2576 2815 2757 2870 neque
2786 2810 2877 2854 aut
2905 2802 3078 2855 attolli
3108 2817 3353 2867 sursum,
3386 2808 3480 2856 aut

1890 2887 2151 2942 deorsum
2181 2887 2513 2945 descendere
2543 2892 2753 2960 potuit;
2777 2891 2874 2946 sed
2897 2893 2952 2946 in
2977 2892 3154 2948 medio
3182 2893 3479 2950 immobilis

1888 2985 2214 3049 extentaque
2258 2980 2579 3049 permansit.
2614 2982 2733 3037 Non
2780 2983 2925 3038 enim
2958 2983 3274 3039 inferiorem
3307 2985 3363 3039 in
3393 2985 3478 3040 lo-

1890 3082 2013 3122 cum
2045 3079 2309 3139 vergeret,
2335 3086 2443 3140 quo
2477 3084 2600 3124 eum
2623 3072 2673 3127 ei
2699 3072 2856 3127 aliine
2888 3072 3023 3126 nihil
3048 3082 3229 3143 esset;
3257 3090 3477 3130 sursum

190 3160 458 3233 'ﬁativato,
481 3160 564 3212 ὅτι
592 3159 692 3212 οὐκ
734 3153 802 3230 ἦν
843 3160 1144 3231 συγγενής·
1174 3160 1286 3215 ἅνω
1325 3161 1382 3215 δὲ
1426 3163 1525 3216 οὐκ
1560 3164 1790 3235 ἠδύνατο

1894 3168 2072 3215 autem
2097 3176 2377 3231 emergere
2407 3178 2515 3217 non
2544 3171 2787 3234 poterat;
2822 3179 2950 3218 cum
2980 3180 3099 3219 eam
3130 3168 3356 3222 materia
3388 3168 3476 3221 illa

207 3254 432 3324 χωρεῖν,
460 3250 547 3304 διὰ
573 3250 635 3303 τὸ
667 3249 952 3321 βαρεῖσθαι
978 3252 1043 3304 ἐκ
1077 3252 1174 3320 τῆς
1203 3251 1334 3324 ὕλης
1359 3249 1429 3325 ῆς
1466 3255 1787 3326 προσέλαϐε.

206 3343 372 3398 Κατὰ
396 3342 453 3395 δὲ
472 3341 571 3413 τὴν
594 3341 763 3411 αὐτῆς
792 3342 1016 3411 ἄγνοιαν
1037 3344 1363 3417 προϐληθεὶς
1384 3347 1413 3398 ὁ
1442 3345 1790 3413 Ἰαλθαϐαὼθ,

203 3431 376 3507 ἦλθεν
419 3434 500 3496 είς
530 3431 601 3485 τὰ
641 3431 961 3487 κατώτατω
998 3434 1095 3487 καὶ
1140 3436 1398 3507 ἐποίησεν
1444 3437 1622 3509 ἑαυτῷ
1654 3438 1793 3493 ἑπτὰ

206 3525 385 3588 υἱοὺς,
423 3525 618 3588 οἵτινες
644 3523 870 3588 ἑαυτοὺς
904 3524 1165 3596 οὐρανοὺς
1198 3527 1338 3581 ἑπτὰ
1370 3528 1645 3599 ἐποίησαν.
1680 3531 1793 3582 Αύ-

205 3614 305 3680 τὸς
330 3614 385 3667 δὲ
421 3613 747 3677 ἀποκλείσας
772 3614 841 3668 τὰ
871 3614 1011 3687 ὑπὲρ
1036 3615 1199 3669 αὑτὸν
1224 3617 1592 3689 ἀπέκρυπτεν,
1628 3620 1714 3675 ἵνα
1744 3623 1793 3674 οἱ

208 3705 308 3759 ὑπ’
329 3703 503 3758 ἀὐτοῦ
531 3703 638 3756 υἱοὶ
665 3701 1063 3774 προϐληθέντες
1096 3703 1237 3757 ἑπτὰ
1280 3703 1354 3775 μὴ
1392 3704 1698 3774 γινώσκωσι
1725 3707 1793 3761 τὰ

208 3798 357 3867 ὑπὲρ
388 3795 570 3861 αὑτὸν,
605 3794 906 3867 κατώτεροι
935 3794 1088 3860 ὄντες
1120 3796 1304 3861 αὐτοῦ,
1340 3796 1453 3851 ἀλλ’
1492 3799 1654 3853 αὑτὸν
1699 3817 1794 3870 μο-

207 3888 467 3950 νωτάτως
490 3904 504 3918 ·
561 3886 654 3938 καὶ
682 3877 837 3948 οὗτός
883 3887 1019 3950 ἐστι,
1058 3885 1243 3955 φασὶν,
1275 3888 1303 3939 6
1341 3886 1471 3951 Θεὸς
1516 3886 1624 3941 τῶν
1667 3890 1795 3942 Ἰου-

206 3979 381 4035 δαίων
431 3979 459 4031 6
514 3974 861 4030 Ἰαλδαϐαώθ.
923 3976 1062 4029 Ἀλλ’
1099 3977 1200 4030 οὐκ
1251 3977 1396 4032 ἔστιν
1455 3978 1653 4045 οὕτως,
1718 3982 1790 4053 μὴ

207 4069 451 4139 γένοιτοι
500 4068 660 4122 Ἀλλὰ
700 4066 884 4138 μέλλει
914 4068 1118 4140 κρίνειν
1157 4070 1352 4134 αὐτοὺς
1380 4072 1408 4123 ὁ
1445 4070 1577 4137 Θεὸς
1601 4074 1629 4126 ὁ
1656 4090 1792 4125 παν-

204 4160 523 4233 τοκρὰτωρ,
554 4157 686 4222 Θεὸς
730 4157 805 4214 ὣν
828 4161 923 4213 καὶ
967 4160 1256 4228 Ἰουδαίων,
1287 4163 1380 4215 καὶ
1428 4163 1791 4234 Χριστιανῶν,

208 4255 313 4308 ναὶ
353 4253 567 4307 πάντων
596 4266 611 4281 ο
641 4251 735 4305 καὶ
763 4252 792 4304 ὁ
815 4248 1173 4305 Ι’Ἰαλδαϐαώθ
1207 4268 1291 4316 τις
1312 4250 1387 4305 ὢν
1411 4253 1551 4307 κατὰ
1579 4253 1678 4325 τὴν
1703 4254 1795 4307 αὐ-

206 4342 324 4398 τῶν
354 4342 572 4415 ληρώδη
607 4341 952 4414 μυθολογίαν.

1891 3252 1979 3307 cui
2010 3267 2069 3308 se
2110 3251 2453 3322 adjunxerat,
2488 3263 2682 3324 su0pte
2720 3255 2960 3326 pondere
3008 3265 3275 3326 gravaret.
3310 3256 3479 3326 Igitur

1891 3355 1956 3395 ex
1998 3340 2159 3409 hujus
2205 3341 2511 3410 ignorantia
2565 3344 2746 3399 editus
2794 3343 3118 3399 Jaldahaoth
3174 3346 3243 3400 ad
3292 3347 3479 3401 inﬁma

1893 3429 2161 3494 subsidit;
2213 3438 2533 3501 septemque
2579 3432 2683 3488 sibi
2732 3434 2938 3489 liberos
2982 3437 3184 3505 genuit,
3221 3437 3313 3506 qui
3350 3437 3478 3491 toti-

1893 3523 2012 3579 dem
2046 3523 2296 3579 eoelestes
2327 3525 2487 3580 orbes
2520 3525 2902 3580 condiderunt.
2937 3529 3006 3580 At
3040 3529 3132 3582 ille
3162 3544 3284 3598 qua:
3312 3545 3480 3599 supra

1893 3631 1953 3671 se
1976 3622 2132 3669 erant
2162 3615 2491 3681 interclusit,
2528 3632 2865 3687 suorumque
2887 3618 3160 3673 subtraxit
3189 3620 3384 3687 oculis,
3413 3634 3482 3675 ne

1893 3715 2098 3777 septem
2148 3706 2224 3760 illi
2270 3722 2407 3776 quos
2459 3716 2799 3777 susceperat,
2860 3708 3180 3779 quidquam,
3230 3712 3374 3780 quod
3423 3725 3484 3767 se

1896 3796 2017 3866 ipso
2064 3796 2320 3865 superius
2364 3803 2531 3862 esset,
2577 3803 2774 3865 praeter
2805 3810 2863 3851 se
2898 3811 3064 3850 unum
3100 3808 3479 3867 agnoscerent.

1893 3886 2051 3941 Hune
2078 3883 2404 3939 Jaldabaoth
2451 3884 2766 3940 Judteorum
2811 3900 2935 3940 esse
2982 3884 3152 3941 Deum
3205 3899 3480 3942 asserunt.

1894 3978 2049 4045 Quod
2082 3977 2225 4031 absit
2255 3988 2312 4031 ut
2341 3992 2463 4032 esse
2493 3993 2681 4032 verum
2734 3988 3006 4047 putemus.
3056 3978 3169 4031 lmo
3223 3979 3313 4033 ille
3367 3978 3484 4049 ipse

1892 4075 1996 4131 est,
2024 4082 2055 4120 a
2091 4082 2199 4136 quo
2235 4065 2517 4136 judicamli
2560 4075 2710 4133 sunt,
2740 4068 3087 4136 omnipotens
3116 4069 3275 4138 271
3315 4068 3478 4137 Deus,

1891 4153 2225 4220 Judaeorum,
2270 4155 2514 4225 inquam,
2561 4166 2620 4209 ut
2660 4163 2715 4210 et
2750 4153 3206 4224 Christianorum,
3237 4159 3482 4228 adeoque

1894 4248 2201 4302 communis
2254 4247 2497 4300 omnium
2547 4246 2690 4302 Deus
2712 4288 2725 4313 ,
2772 4263 2882 4302 non
2919 4248 3008 4302 ille
3041 4249 3226 4304 nescio
3258 4251 3383 4319 quis
3413 4265 3482 4305 ex

1893 4337 2281 4393 commentitiis
2309 4338 2539 4392 istorum
2567 4338 2728 4407 nugis
2753 4335 3112 4407 depromptus
3133 4337 3479 4395 Jaldahaoth.

1894 4427 1968 4484 De
1999 4444 2108 4499 quo
2137 4429 2212 4484 ita
2241 4443 2468 4485 narrare
2501 4437 2753 4501 pergunt.

283 4518 360 4570 Δ’.
391 4510 525 4569 Εἶτά
571 4527 766 4584 φασιν⁶
826 4492 1364 4585 Ἀποκεκλεισμένων
1408 4514 1516 4569 τῶν
1548 4515 1657 4571 ἄνω
1704 4516 1791 4571 διὰ

1964 4492 2055 4576 Ν.
2114 4519 2271 4588 Cum,
2320 4531 2379 4575 ut
2405 4492 2626 4575 dict-un;
2651 4528 2754 4588 est,
2782 4518 3157 4577 Jaldabaothis
3184 4522 3482 4577 calliditate

221 4607 313 4679 τῆς
342 4607 437 4660 τοῦ
478 4605 806 4661 Ἰαλδαϐαὼθ
843 4607 1107 4673 ἐπινοίας,
1144 4602 1287 4662 οὗτοι
1312 4609 1360 4683 οἱ
1393 4609 1488 4661 ἀπ’
1519 4608 1684 4662 αὐτοῦ
1709 4624 1800 4677 γε-

204 4693 539 4769 γεννημένοι
571 4696 712 4750 ἑπτὰ
749 4697 875 4763 υἱοὶ,
916 4698 1036 4770 ῆτοι
1065 4699 1289 4764 Αἰῶνες,
1329 4702 1447 4772 ἤτοι
1500 4701 1631 4767 θεοὶ,
1682 4702 1798 4771 ἤτοι

207 4788 438 4860 ἄγγελοι
482 4788 793 4860 (καλοῦνται
823 4788 931 4862 γὰρ
973 4792 1103 4862 παρ’
1134 4792 1316 4855 αὐτοῖς
1346 4793 1572 4863 ὀνόμασι
1610 4793 1798 4862 διαφό-

207 4882 378 4953 ροις),
410 4880 551 4934 κατὰ
581 4879 681 4951 τὴν
707 4880 882 4936 εἱδέαν
909 4879 1004 4934 τοῦ
1022 4881 1201 4935 αὐτῶν
1224 4883 1429 4954 πατρὸς
1473 4883 1798 4938 Ἰαλδαϐαὼθ

204 4972 461 5027 ἔπλασαν
488 4972 577 5025 τὸν
596 4970 899 5043 ἄνθρωπον,
925 4974 985 5026 οὑ
1015 4973 1229 5046 ῥᾳδίως,
1261 4975 1381 5028 οὐδὲ
1407 4978 1636 5047 ταχέως,
1667 4977 1800 5035 ἀλλὰ

207 5065 295 5135 τῷ
328 5063 476 5133 αὐτῷ
509 5062 716 5135 τρόπῳ,
744 5055 788 5131 ᾧ
822 5063 917 5117 καὶ
941 5065 996 5116 αἱ
1032 5066 1293 5137 πρότεραι
1324 5067 1565 5138 αἱρέσεις
1592 5071 1801 5140 ἐμηχα-

210 5158 451 5229 νήσαντο
479 5158 536 5209 ὲν
566 5158 632 5227 τῇ
655 5155 833 5210 αὐτῶν
864 5158 1186 5229 κενοφωνίᾳ.
1215 5160 1350 5212 Φασὶ⁹
1381 5160 1488 5231 γὰρ
1514 5162 1607 5214 καὶ
1634 5156 1796 5216 οὗτοι⁹

211 5244 333 5303 Ἦν
359 5246 584 5319 ἑρπετὸν
613 5247 642 5298 6
678 5245 963 5318 ἄνθρωπος
989 5246 1101 5320 (45)
1132 5249 1208 5312 ὡς
1242 5249 1478 5322 σκώληξ,
1523 5251 1597 5324 μὴ
1638 5252 1798 5306 δυνά-

212 5362 386 5418 μενος
425 5346 563 5419 μήτε
608 5344 927 5415 ἀνακύψειν,
959 5347 1099 5419 μήτε
1141 5347 1451 5419 ὀρθοῦσθαι.
1485 5344 1628 5415 Πρὸς
1678 5347 1799 5397 ἐπι-

343 5506 642 5578 11ω,νοοεε
666 5504 745 5577 τῷ
795 5507 909 5562 ἔθει
957 5518 1311 5578 supervacua:
1358 5509 1487 5558 sunt
1531 5501 1640 5557 nisi
1695 5500 1773 5571 τῷ

1894 5516 1952 5553 ist
2010 5497 2333 5554 substituas.
2421 5498 2442 5528 ’
2468 5494 2531 5549 F.
2556 5496 2648 5548 τὸν
2689 5494 2817 5549 Ἰαλ.

212 5580 239 5612 ⁸
276 5574 338 5634 F.
379 5578 473 5633 xui.
497 5577 619 5631 οὐκ.

291 5736 408 5807 με)
427 5731 540 5792 Ἦν
569 5732 818 5807 έρπετρν
842 5736 878 5787 δ
910 5698 1238 5807 ἀνθρῳὲτος.
1266 5728 1402 5807 Quae
1420 5728 1496 5807 de
1519 5726 1801 5807 hominum

208 5798 437 5878 origine
463 5798 762 5862 commenti
807 5808 936 5861 sunt
962 5798 1029 5858 et
1051 5801 1106 5856 hi
1130 5839 1144 5866 ,
1175 5807 1230 5854 et
1260 5798 1647 5855 Gnosticorum
1687 5798 1798 5870 ple-

1897 4613 2079 4669 adltus
2107 4623 2252 4669 esset
2289 4611 2354 4667 ad
2389 4612 2673 4683 superiora
2706 4614 3029 4684 praeclusus,
3061 4621 3268 4684 septem
3307 4615 3382 4668 illi
3414 4616 3482 4670 ah

1896 4722 1961 4764 eo
1989 4705 2153 4777 geniti
2184 4705 2364 4769 liberi,
2415 4705 2531 4760 sive
2571 4703 2800 4771 Aiones,
2839 4706 2953 4761 sive
2983 4705 3081 4771 dii,
3112 4706 3226 4760 sive
3261 4704 3481 4761 demum

1897 4798 2104 4869 angeli;
2149 4797 2362 4854 diversa
2411 4796 2555 4851 enim
2596 4797 2665 4850 ab
2698 4798 2805 4852 illis
2844 4798 3069 4852 nomina
3107 4798 3431 4852 tribuuntur
3464 4816 3480 4851 :

1898 4892 1965 4946 ad
2014 4890 2260 4961 parentis
2319 4890 2403 4944 sui
2451 4886 2825 4943 Jaldabaothis
2871 4889 3162 4959 imaginem
3205 4888 3479 4943 hominem

1898 4981 2245 5052 producunt,
2297 4996 2366 5035 ne
2402 4980 2455 5035 id
2504 4979 2724 5050 quidem
2761 4979 2921 5034 facile
2955 4980 3040 5033 vel
3073 4979 3350 5044 celeriter;
3384 4979 3475 5032 sed

1899 5072 1967 5128 ad
2015 5072 2268 5127 eumdem
2314 5071 2558 5134 modum,
2617 5086 2726 5140 quo
2777 5070 3011 5124 haereSes
3058 5070 3280 5138 reliqua:
3332 5067 3476 5122 stoli-

1897 5162 2125 5218 dissime
2148 5162 2443 5215 ﬁnxerunt.
2470 5159 2563 5225 Sic
2592 5160 2736 5214 enim
2768 5160 3124 5229 pronuntiant
3150 5176 3164 5211 :
3193 5155 3478 5210 Hominem

1897 5255 2168 5326 principio
2213 5254 2417 5308 vermis
2467 5252 2642 5306 instar
2696 5251 2847 5305 humi
2904 5258 3205 5320 reptantem
3258 5262 3479 5302 sursum

1898 5344 2033 5415 erigi
2056 5350 2151 5397 aut
2172 5341 2348 5396 attolli
2374 5340 2670 5411 nequisse;
2702 5339 2979 5395 cmlestem
3003 5338 3199 5394 deinde
3228 5348 3479 5402 matrem,

2929 5496 2950 5528 ⁸
2978 5494 3107 5568 Leg.
3156 5496 3481 5569 Προυνίκου.

1911 5725 2090 5794 rique,
2122 5740 2188 5779 ex
2214 5733 2458 5779 veterum
2489 5722 2943 5794 philosophorum
2982 5725 3333 5794 opinionibus
3364 5741 3481 5777 ma-

1907 5793 2130 5864 narunt,
2164 5794 2230 5851 de
2260 5794 2459 5866 quibus
2492 5793 2766 5851 Diodorus
2791 5835 2805 5861 ,
2840 5793 3109 5853 Eusebius
3148 5814 3166 5855 ι
3197 5797 3277 5852 De
3314 5810 3478 5866 prwp.
