3934 6448
499 393 603 450 647

1919 390 1978 449 S.
2018 388 2371 448 EPIPBANII

3691 391 3788 449 648

501 527 624 577 quae
655 518 710 564 et
742 505 1017 564 Prunicus
1066 506 1395 579 appellatur,
1451 504 1719 564 adversus
1765 504 2087 563 Jaldabaoth

2201 504 2397 577 ϐουλὴν
2425 503 2483 558 δέ
2512 503 2606 559 τοῦ
2647 504 2972 560 Ἰαλδαὸαὼθ
3005 502 3173 578 ήᾶνω
3205 504 3388 579 μήτηρ
3417 505 3450 577 ἡ
3483 501 3790 583 καλουμένη

503 604 612 659 tale
651 597 784 673 quid
830 616 953 657 esse
1003 600 1396 664 machinatam,
1425 606 1483 653 ut
1515 600 1566 655 ei
1598 600 1707 655 vim
1742 599 1890 654 illam
1925 615 2090 670 quam

501 693 676 749 cidem
702 693 1062 763 impertierat,
1103 689 1386 746 auferret:
1425 690 1660 761 ideoque
1688 691 1743 745 in
1776 689 2089 755 Hominem,

502 802 665 857 quem
709 787 858 840 illius
914 785 1072 840 liberi
1122 784 1415 850 tinxerant,
1455 785 1564 838 vim
1596 784 1771 854 ipsius
1806 781 2091 838 transfun-

502 879 652 943 dere,
699 893 764 932 ac
806 877 1099 934 scintillam
1131 876 1451 946 quamdam,
1479 876 1586 930 hoc
1619 883 1705 932 est
1737 876 1977 930 animam
2007 874 2092 928 in-

503 972 729 1029 fundere
775 972 1039 1027 voluisse.
1094 969 1282 1034 Tunc,
1335 968 1624 1039 inquiunt,
1683 967 1916 1038 pedibus
1974 968 2092 1022 suis

501 1062 674 1119 Homo
709 1062 978 1125 constitit,
1024 1071 1189 1130 atque
1231 1065 1358 1112 octo
1395 1059 1653 1113 caelestes
1687 1057 1850 1112 orbes
1883 1056 2092 1127 cogita-

500 1157 650 1213 tione
678 1152 1104 1216 transeendens,
1148 1150 1364 1206 Patrem
1407 1151 1559 1205 illum
1603 1148 1964 1204 Jaldabaothe
1998 1164 2091 1204 su-

498 1250 771 1322 periorem
821 1247 1064 1317 agnovit,
1111 1259 1177 1299 ac
1221 1243 1479 1299 laudibus
1529 1242 1743 1299 extulit.
1789 1241 1858 1295 At
1903 1239 2090 1295 Jalda-

497 1343 663 1399 baoth
710 1356 855 1412 aegre
909 1340 1092 1395 ferens
1135 1352 1200 1392 ea
1246 1352 1369 1407 qua:
1418 1350 1584 1406 supra
1621 1351 1681 1390 se
1717 1343 1873 1391 erant
1905 1334 2093 1403 cujus-

498 1448 664 1504 quam
696 1433 765 1487 ad
795 1430 1045 1486 notitiam
1091 1426 1432 1499 pervenisse,
1480 1423 1746 1479 stomachi
1787 1424 1984 1492 plenus
2023 1423 2091 1476 ad

498 1525 742 1580 materia:
789 1523 976 1578 faecem
1025 1520 1245 1577 demisit
1276 1519 1486 1583 oculos,
1519 1526 1574 1571 ct
1607 1516 1861 1570 virtutem
1899 1529 2093 1584 quam-

498 1619 622 1674 dam
656 1620 932 1687 serpentis
969 1614 1151 1686 specie
1181 1613 1391 1685 genuit,
1426 1625 1587 1680 quem
1628 1608 1751 1677 ejus
1788 1608 1958 1660 tilium
1992 1621 2091 1660 vo-

498 1716 653 1775 cant;
708 1708 961 1777 idemque
1016 1707 1096 1761 sic
1140 1704 1425 1758 immissus
1475 1700 1643 1754 Evam
1690 1699 1899 1754 fefellit.
1951 1698 2091 1754 lluic

498 1796 645 1851 enim
688 1797 1009 1850 auscultans
1054 1794 1144 1847 illa
1194 1801 1458 1862 tanquam
1505 1790 1601 1844 Dei
1647 1789 1780 1855 ﬁlio,
1825 1791 1984 1845 facile
2030 1796 2091 1845 ut

499 1887 567 1943 de
596 1888 792 1943 arbore
815 1887 1057 1943 scientiae
1083 1895 1399 1941 vesceretur
1425 1884 1482 1938 in
1511 1883 1754 1938 animum
1780 1883 2017 1938 induxit.

573 2065 637 2121 V.
664 2066 870 2122 Deinde
900 2074 1188 2136 postquam
1218 2063 1388 2121 aniles
1417 2066 1551 2120 istas
1574 2077 1749 2135 nugas
1771 2078 1834 2119 ac
1862 2061 2096 2117 ridicule

496 2160 778 2217 aﬂ'ectatas
808 2159 1021 2215 fabulas
1052 2160 1156 2212 hoc
1187 2158 1350 2212 modo
1374 2164 1795 2227 proposuerunt,
1822 2155 2093 2223 tragicum

497 2253 790 2325 quemdam
827 2250 1142 2308 istiusmodi
1175 2260 1384 2316 actum,
1425 2249 1543 2304 sive
1580 2247 1856 2302 comicum
1905 2247 2093 2317 potius

496 2345 852 2400 instituenles
871 2385 886 2407 ,
922 2342 1188 2397 nonnulla
1228 2340 1297 2394 ad
1327 2342 1485 2395 Iictos
1517 2340 1642 2394 illos
1671 2338 1806 2394 deos
1834 2352 2093 2407 compro-

494 2434 710 2490 bandos
732 2435 787 2489 in
823 2433 1064 2489 medium
1105 2431 1359 2487 afferunt.
1383 2430 1599 2497 Nonne,
1624 2432 1901 2501 inquiunt,
1920 2438 1977 2485 et
2008 2430 2094 2484 in-

493 2527 700 2584 testina
731 2536 944 2591 nostra,
976 2525 1180 2597 quibus
1207 2526 1443 2581 vivimus
1471 2535 1527 2580 et
1563 2525 1784 2591 alimur,
1817 2523 2093 2593 serpentis

494 2617 726 2689 efﬁgiem
758 2618 1044 2674 referunt?
1076 2618 1300 2673 Addunt
1331 2626 1386 2672 et
1426 2617 1530 2672 alia
1561 2617 1842 2687 pleraque,
1874 2632 1997 2688 qua:
2025 2615 2094 2671 ad

495 2725 747 2766 errorum
800 2726 865 2765 ac
912 2711 1235 2765 deliriorum
1288 2723 1514 2765 suorum
1568 2708 1876 2764 faciendam
1928 2709 2091 2766 ﬁdem

496 2802 871 2858 sectatoribus
927 2801 1043 2858 suis
1097 2801 1385 2871 objiciunt.
1437 2799 1733 2871 Propterea
1783 2803 1953 2868 enim,
2008 2804 2094 2858 in-

496 2893 732 2963 quiunt,
764 2901 1074 2964 serpentem
1108 2893 1344 2949 colimus
1364 2934 1379 2953 .
1413 2895 1561 2965 quod
1596 2894 1740 2951 Deus
1771 2896 1877 2951 iste
1909 2895 2095 2951 multi-

496 2988 673 3043 tudini
726 2987 1012 3044 hominum
1050 2987 1298 3044 scientia:
1326 3002 1389 3042 ac
1419 2988 1719 3060 cognitioni
1750 3003 1977 3045 causam
2006 2996 2092 3043 at-

495 3081 642 3136 tulit.
694 3079 1022 3136 Jaldabaoth
1054 3096 1327 3152 suprema:
1360 3080 1552 3137 Matris
1583 3095 1649 3137 ac
1683 3079 1938 3137 Parentis
1971 3097 2092 3137 me-

495 3173 730 3228 moriam
783 3173 951 3243 272
1008 3174 1337 3231 exstinctam
1372 3172 1515 3228 inter
1547 3173 1802 3229 homines
1837 3189 1959 3230 esse
1989 3189 2090 3229 cu-

495 3265 701 3337 piehat.
737 3264 845 3321 Sed
874 3267 943 3322 iis
974 3267 1253 3337 persuasit
1285 3282 1534 3337 serpens,
1569 3281 1632 3321 ac
1662 3266 1950 3322 scientiam
1990 3264 2094 3319 im-
2120 3243 2163 3301 C

494 3360 754 3429 portavit,
810 3365 1093 3428 totamque
1133 3360 1272 3413 adeo
1331 3358 1645 3413 divinorum
1702 3357 2093 3427 mysteriorum

495 3450 865 3520 cognitionem
896 3464 1020 3504 cum
1045 3450 1167 3504 viro
1191 3464 1255 3503 ac
1282 3449 1509 3504 muliere
1530 3448 1975 3503 communicavit.
2012 3443 2095 3501 Ob

496 3541 551 3595 id
597 3542 770 3596 iratus
803 3540 968 3596 Pater
1000 3540 1349 3607 Jaldabaoth,
1394 3556 1458 3595 ac
1505 3541 1808 3594 derivatum
1863 3541 1921 3594 in
1972 3540 2095 3593 illos

494 3632 766 3702 ejusmodi
821 3632 1108 3687 scientiam
1163 3634 1356 3703 iniquo
1414 3633 1596 3685 animo
1647 3632 1849 3696 ferens,
1883 3647 1913 3686 e
1952 3632 2094 3686 caelo

495 3723 647 3777 illum
680 3723 956 3778 deturbat.
992 3724 1123 3779 inde
1178 3739 1363 3796 regem
1413 3740 1444 3779 e
1490 3724 1631 3778 ccelo
1662 3724 1945 3794 delapsum
1975 3738 2093 3778 ser-

495 3823 713 3885 pentem
759 3802 885 3871 esse
932 3816 1187 3897 dictitant
1227 3816 1285 3879 ii,
1319 3814 1412 3884 qui
1440 3830 1549 3869 non
1588 3815 1817 3869 alterius
1839 3829 1899 3869 se
1925 3829 2089 3883 quam

495 3909 771 3979 serpentis
804 3908 1053 3979 partibus
1084 3908 1431 3964 addixerunt.
1493 3906 1666 3977 Igitur
1696 3914 1919 3979 propter
1948 3907 2093 3963 hanc

495 4002 565 4058 ab
597 4002 691 4057 illo
726 4016 1051 4058 concessam
1083 4001 1369 4058 scientiam
1406 4004 1655 4058 venerari
1679 4016 1740 4057 se
1774 4007 2088 4072 serpentem

495 4091 755 4159 fatentur,
801 4094 962 4165 eique
1004 4107 1202 4165 panem
1250 4094 1478 4164 insuper
1528 4092 1814 4162 objiciunt.
1884 4090 2089 4146 Verum

493 4187 695 4257 quippe
732 4192 1041 4257 serpentem
1082 4184 1138 4239 in
1177 4184 1318 4240 cista
1339 4184 1634 4251 nutriunt;
1682 4196 1846 4254 quem
1880 4187 2089 4252 myste-

493 4277 700 4331 riorum
735 4282 981 4346 tempore
1008 4276 1226 4347 stipatis
1260 4274 1327 4330 ad
1350 4273 1473 4346 ejus
1499 4287 1793 4329 cavernam
1818 4273 1873 4327 in
1899 4287 2089 4329 mensa

493 4368 731 4438 panibus
757 4367 1009 4422 invitant.
1062 4368 1223 4438 Isque
1261 4375 1454 4437 aperto
1504 4366 1774 4422 foramine
1802 4381 1832 4421 e
1864 4365 2088 4421 latebris

491 4457 752 4526 erumpit.
803 4456 981 4526 Atque
1010 4456 1104 4511 ubi
1135 4468 1235 4525 pro
1264 4470 1363 4510 sua
1395 4455 1695 4510 calliditate
1726 4456 2085 4512 stoliditatem

493 4547 711 4602 illorum
742 4548 984 4618 agnovit,
1029 4562 1276 4604 mensam
1303 4548 1704 4615 conscendens,
1743 4548 1953 4604 circum
1984 4564 2085 4618 pa-

493 4653 591 4694 nes
630 4639 963 4709 implicatur.
1016 4639 1171 4694 Hanc
1222 4641 1697 4696 absolutissimum
1743 4657 1868 4698 esse
1907 4642 2085 4697 sacri-

491 4729 677 4785 ﬁcium
727 4739 974 4786 censent.
1029 4729 1186 4786 Unde
1229 4739 1359 4786 uta
1406 4732 1643 4802 quodam
1701 4735 1910 4804 accepi,
1970 4750 2081 4789 non

490 4822 656 4878 modo
674 4837 844 4893 panes
866 4822 1024 4887 istos,
1043 4822 1243 4893 quibus
1266 4823 1701 4881 circumvolutus
1721 4832 1807 4880 est
1833 4841 2080 4896 serpens,

491 4914 753 4985 frangunt
795 4930 859 4969 ac
883 4915 1252 4982 distribuunt;
1286 4917 1384 4973 sed
1407 4916 1574 4973 etiam
1600 4917 1832 4987 quilibet
1862 4918 2082 4974 admoto

489 5023 584 5064 ore
608 5017 917 5079 serpentem
942 5010 1312 5074 exosculatur,
1341 5012 1455 5065 sive
1478 5012 1827 5067 cantionibus
1849 5012 2083 5081 quibus-

487 5103 611 5157 dam
660 5104 730 5157 ad
761 5104 1244 5157 mansuetudinem
1283 5104 1458 5160 bestia
1502 5104 1767 5169 mollitur,
1811 5106 1926 5161 sive
1971 5106 2080 5160 alio

488 5193 752 5251 daemonis
786 5196 1021 5252 artificio
1056 5197 1293 5251 innocua
1343 5196 1613 5252 redditur.
1673 5197 1826 5253 Hanc
1855 5198 2079 5269 quidem

490 5289 720 5344 adorant
746 5290 957 5354 miseri,
992 5297 1047 5345 et
1072 5289 1475 5347 Eueharistiam
1504 5301 1726 5356 vocant,
1754 5309 1877 5347 cum
1907 5308 2077 5364 appo-

492 5377 627 5435 sitos
663 5397 832 5451 panes
863 5382 1131 5439 tortuosis
1172 5382 1428 5446 ﬂexibus,
1470 5401 1534 5439 ac
1564 5386 2075 5442 circumvolutioni-

492 5468 596 5528 bus
627 5477 898 5531 ambierit.
932 5476 1010 5531 Ac
1043 5477 1263 5533 demum
1314 5494 1634 5548 supremum
1664 5480 1952 5537 Parenzem
1978 5497 2076 5553 per

567 5648 582 5677 ⁸
608 5646 670 5703 F.
702 5650 1083 5724 διανοουμένη.
1161 5657 1182 5687 ²
1211 5655 1331 5712 Vel.
1366 5656 1645 5713 ὑπᾶθεσιν.

2200 596 2854 671 Προύνεικο;,βουλομένη
2867 598 3101 653 κενῶσαι
3117 600 3211 652 τὸν
3226 599 3558 654 Ἰαλδαϐαὼθ
3571 601 3684 656 ἀπὸ
3700 603 3790 673 τῆς

2198 686 2371 756 αὐτῆς
2398 689 2679 758 μετέσχεν,
2706 689 3011 759 ἐνήργησεν
3026 689 3082 740 ἐν
3104 688 3254 756 αὑτῷ
3270 691 3348 751 εἰς
3365 688 3456 743 τὸν
3474 686 3794 762 ’Ἄνθρωπον

2197 781 2290 834 τὸν
2310 782 2418 833 ἀπὸ
2445 781 2553 833 τῶν
2579 782 2784 834 τέκνων
2809 779 2976 835 αὑτοῦ
3015 781 3399 851 πεπλασμένον
3429 782 3679 835 κενῶσαι
3703 783 3793 855 τὴν

2200 873 2366 927 αὑτοῦ
2398 874 2646 946 δύναμιν,
2691 875 2787 927 καὶ
2833 873 3155 927 ἀποστεῖλαι
3183 875 3278 927 ἀπ’
3308 873 3476 927 αὑτοῦ
3524 874 3793 946 σπινθῆρα

2199 966 2294 1019 ἐπὶ⁵
2339 965 2431 1019 τὸν
2459 966 2769 1038 ἄνθρωπον,
2811 966 2912 1037 τὴν
2950 966 3131 1037 ψυχὴν
3164 966 3327 1035 δῆθεν
3350 965 3731 1036 διανοούμενοι
3752 970 3787 1022 ¹.

2199 1059 2312 1114 Καὶ
2339 1058 2487 1123 τότε,
2514 1060 2702 1131 φησιν,
2738 1057 2868 1129 ἔστη
2901 1060 2930 1111 ὀ
2968 1058 3257 1129 ἄνθρωπος
3296 1058 3391 1112 ἐπὶ
3430 1060 3563 1123 τοὺς
3608 1059 3789 1122 πόδας,

2198 1152 2298 1206 καὶ
2336 1150 2685 1223 ὑπερϐέϐηκε
2707 1154 2774 1222 τῇ
2803 1151 3011 1223 διανοίᾳ
3046 1152 3175 1214 τοὺς
3202 1150 3353 1205 ὀκτὼ
3381 1151 3677 1222 οὐρανοὺς,
3705 1154 3793 1207 καὶ

2199 1243 2433 1312 ἐπέγνω,
2462 1244 2557 1296 καὶ
2602 1243 2764 1314 ᾔνεσε
2796 1243 2888 1297 τὸν
2928 1243 3041 1299 ἄνω
3079 1244 3299 1314 Πατέρα
3347 1244 3440 1298 τὸν
3471 1246 3666 1299 ἐπάνω
3703 1245 3794 1301 τοῦ

2212 1334 2562 1390 Ἰαλδαϐαώθ.
2588 1335 2701 1389 Καὶ
2721 1336 2841 1389 τότε
2867 1335 2898 1387 ὁ
2930 1334 3279 1400 Ἰαλδαόαὼθ,
3299 1336 3448 1406 πόνῳ
3468 1337 3792 1408 φερόμενος,

2196 1427 2286 1481 διὰ
2327 1426 2388 1479 τὸ
2431 1426 2936 1497 ἐπιγνωσθῆναιτά
2986 1425 3235 1480 ἀνώτατα
3287 1427 3475 1491 αὐτοῦ,
3528 1429 3791 1499 ἐπέϐλειξνε.

2198 1519 2351 1573 κάτω
2378 1521 2437 1573 ἐν
2471 1519 2665 1591 πικρίᾳ
2699 1518 2837 1590 πρὸς
2869 1517 2968 1590 τὴν
2994 1518 3352 1590 ὑποστάθμην
3377 1520 3479 1590 τῆς
3516 1519 3670 1589 ὕλης,
3702 1524 3793 1575 καὶ

2197 1612 2495 1681 γεγέννηκε
2523 1610 2752 1680 δύναμιν
2773 1611 3107 1682 ὀφιόμορφον
3136 1610 3311 1664 είδέαν
3333 1611 3588 1681 ἔχουσαν,
3624 1613 3682 1665 δν
3704 1615 3792 1666 καὶ

2192 1699 2314 1752 ὐἱὸν
2334 1697 2500 1751 αὑτοῦ
2518 1699 2743 1753 καλοῦσι
2763 1716 2776 1728 '
2794 1699 2887 1752 καὶ
2916 1700 3089 1763 οὕτως
3109 1694 3283 1766 οὗτος,
3306 1702 3493 1771 φησὶν,
3511 1703 3791 1774 ἀπεστάλη

2198 1791 2292 1844 καὶ
2332 1791 2585 1862 ἠπάτησε
2636 1791 2736 1863 τὴν
2777 1792 2941 1849 Εὕαν.
2980 1795 3046 1847 Ἠ
3085 1794 3145 1847 δέ
3186 1794 3424 1864 ἤκουσεν
3474 1795 3667 1861 αὑτοῦ,
3700 1799 3795 1851 καὶ

2122 1893 2166 1948 Β
2194 1880 2421 1952 ἐπείσθη
2460 1881 2536 1945 ώς
2564 1882 2668 1953 υἱῷ
2699 1883 2860 1952 Θεοῦ,
2890 1886 2984 1938 καὶ
3007 1884 3293 1939 πεισθεῖσα
3326 1886 3534 1955 ἔφαγεν
3563 1887 3671 1941 ἀπὺ
3698 1889 3792 1941 τοῦ

2197 1972 2354 2039 ξύλου
2384 1974 2484 2043 τῆς
2513 1975 2788 2043 γνώσεως.

2265 2067 2343 2119 E'.
2374 2062 2506 2120 Εἶτα
2527 2066 2656 2121 ὅταν
2678 2068 2883 2139 ταύτην
2912 2069 3012 2139 τὴν
3039 2070 3250 2142 μωρίαν
3278 2072 3674 2144 διηγήσωνται,
3700 2073 3793 2127 καὶ

2193 2156 2258 2211 τὸ
2287 2156 2499 2224 γελοῖον
2530 2160 2628 2230 τῆς
2662 2159 3084 2230 ἐπιτηδεύσεως,
3129 2160 3336 2231 ταύτην
3374 2161 3475 2232 τὴν
3500 2163 3792 2235 τραγικήν,

2194 2248 2273 2312 ὡς
2300 2250 2498 2313 είπεῖν,
2527 2250 2887 2321 ποιησάμενοι
2912 2253 3230 2322 συμφωνίαν
3258 2254 3301 2319 ³,
3336 2255 3430 2307 καὶ
3457 2253 3521 2307 τὸ
3548 2256 3792 2325 κωμικὸν

2195 2338 2354 2394 τοῦτο
2383 2340 2588 2413 δρᾶμα,
2625 2341 2884 2413 ἄρχονταί
2908 2359 3031 2397 τινα
3064 2346 3199 2415 ἡμῖν
3224 2345 3547 2414 ὑποφαίνειν
3581 2348 3662 2409 είς
3684 2364 3795 2400 πα-

2200 2431 2462 2513 ράστασιν
2492 2432 2601 2489 τῶν
2645 2437 2775 2506 παρ’
2801 2436 2986 2500 αὐτοῖς
3029 2436 3339 2507 λεγομένων
3369 2437 3584 2507 ψευδῶν
3630 2439 3793 2492 θεῶν.

2199 2526 2320 2579 Ὅτι
2347 2525 2469 2596 οὐχὶ
2519 2525 2613 2581 καὶ
2656 2527 2726 2580 τὰ
2776 2527 2982 2597 ἔγκατα
3021 2529 3199 2601 ἡμῶν,
3233 2530 3303 2583 δι’
3336 2522 3414 2583 ὧν
3448 2530 3656 2602 ζῶμεν,
3702 2534 3796 2585 καὶ

2194 2616 2548 2689 τρεφόμεθα,
2603 2619 2844 2690 ὀφιοειδῆ
2895 2620 3165 2693 ὑπάρχει;
3216 2621 3387 2677 Ἀλλα
3429 2622 3489 2675 δὲ
3534 2624 3641 2677 ὅσα.
3681 2627 3796 2688 τοῖς

2195 2710 2572 2782 ἠπατημένοις
2598 2714 3060 2784 παρεισφέρουσιν
3095 2716 3177 2779 εἰς
3202 2715 3303 2789 τὴν
3329 2716 3541 2771 ἐαυτῶν
3584 2717 3798 2788 πλάνην

2195 2801 2293 2856 καὶ
2318 2801 2540 2873 ληρώδη
2580 2804 2856 2859 ὑπόνοιαν.
2889 2805 2990 2859 Διὰ
3027 2805 3284 2878 τοιαύτην
3311 2807 3369 2861 δὲ
3403 2808 3609 2873 αίτίαν,
3638 2814 3793 2880 φασὶ.

2195 2892 2286 2946 τὸν
2314 2893 2442 2962 ὅφιν
2488 2894 2808 2967 δοξάζομεν,
2833 2896 2915 2950 ὅτι
2950 2900 2979 2951 ὁ
3022 2897 3156 2962 Θεὸς
3185 2900 3356 2963 αίτιος
3402 2902 3503 2971 τῆς
3536 2900 3796 2968 γνώσεως

2196 2985 2488 3057 γεγένηται
2510 2986 2590 3058 τῷ
2626 2988 2841 3060 πλήθει.
2895 2990 2955 3044 '0
2982 2990 3039 3044 δὲ
3074 2990 3423 3056 Ἶαλδαϐαὼθ,
3470 2995 3661 3061 φασιν,
3698 2996 3796 3048 οἰκ

2195 3077 2356 3148 ἦθελε
2390 3080 2698 3152 μνησθῆναι
2726 3081 2826 3153 τὴν
2859 3081 2972 3136 ἄνω
3004 3083 3251 3155 Μητέρα,
3282 3082 3407 3137 οὔτε
3440 3085 3533 3139 τὸν
3574 3088 3797 3156 Πατέρα

2196 3174 2310 3235 τοῖς
2331 3171 2659 3244 ἀνθρώποις.
2692 3174 2918 3228 Ἔπεισε
2944 3175 3000 3228 δὲ
3029 3176 3058 3228 ὁ
3083 3176 3227 3246 δφις,
3255 3178 3352 3231 καὶ
3392 3180 3599 3247 γνῶσιν
3629 3181 3796 3252 ῆνεγ-
3890 3200 3893 3205 ·

2196 3280 2314 3327 κεν,
2351 3262 2559 3329 ἑδίδαξέ
2600 3283 2660 3319 τε
2703 3265 2796 3319 τὸν
2834 3266 3124 3338 ἄνθρωπον
3172 3269 3266 3322 καὶ
3296 3270 3398 3342 τὴν
3427 3276 3665 3341 γυναῖκα
3685 3277 3796 3328 τιίν

2195 3354 2309 3409 ἄνω
2355 3357 2670 3427 μυστηρίων
2712 3357 2773 3410 τὸ
2809 3361 2918 3413 πᾶν
2951 3361 3051 3431 τῆς
3104 3362 3380 3431 γνώσεως.
3416 3365 3510 3418 Διὸ
3534 3367 3565 3419 ὁ
3605 3368 3796 3439 Πατὴρ

2196 3445 2495 3516 ὀργισθεὶς,
2543 3448 2825 3503 τουτέστιν
2856 3453 2884 3505 ό
2928 3452 3275 3521 Ἰαλδαϐαὼθ,
3318 3457 3387 3510 δι’
3436 3460 3498 3531 ἢν
3546 3459 3797 3527 ὑπέδειξε

2194 3539 2306 3599 τοῖς
2347 3537 2657 3609 ἀνθρώποις
2696 3541 2920 3610 γνῶσιν,
2966 3545 3267 3599 κατέϐαλεν
3297 3546 3459 3601 αὐτὸν
3507 3551 3606 3621 ἀπ’
3637 3552 3799 3623 οὐρα-

2194 3627 2311 3681 νοῦ.
2345 3630 2458 3682 Καὶ
2490 3630 2643 3684 ἔνθεν
2680 3631 2905 3702 βασιλέα
2942 3635 3032 3689 τὸν
3061 3636 3184 3706 ὅφιν
3220 3639 3314 3692 ἀπ’
3342 3640 3578 3710 οὐρανοῦ
3609 3641 3797 3711 λέγουο

2196 3735 2280 3773 σιν
2302 3723 2351 3773 οί
2382 3722 2482 3793 τὴν
2518 3723 2709 3795 μερίδα
2735 3724 2829 3778 τοῦ
2866 3726 3041 3796 ὄφεως
3073 3728 3166 3783 καὶ
3195 3731 3349 3784 οὐδὲν
3372 3732 3568 3804 ἓτερον
3595 3752 3796 3808 κεκτη-

2198 3810 2369 3880 μένοι.
2399 3812 2725 3878 Δοξάζουσιν
2756 3810 2848 3869 οὖν
2879 3817 3040 3872 αὑτὸν
3074 3818 3164 3872 διὰ
3194 3820 3293 3892 τὴν
3320 3823 3606 3895 τοιαύτην,
3643 3828 3793 3898 φησὶ,

2193 3901 2414 3969 γνῶσιν,
2447 3905 2541 3957 καὶ
2580 3905 2746 3977 ἄρτον
2782 3907 2930 3979 αὑτῷ
2960 3911 3385 3983 προσφέρουσιν.
3418 3915 3654 3986 Ἔχουσι
3691 3918 3795 3990 γὰρ

2194 3992 2354 4083 φύσει
2389 3993 2513 4065 ὅφιν
2533 3997 2829 4069 τρέφοντες
2856 4002 2912 4054 ἐν
2938 4002 3099 4074 κίστῃ
3132 4003 3256 4067 τινί,
3287 4003 3347 4059 ὃν
3363 4005 3503 4079 πρὸς
3516 4007 3623 4080 τὴν
3650 4009 3794 4083 ὥραν

2191 4082 2301 4138 τῶν
2318 4086 2499 4139 αὐτῶν
2524 4089 2859 4162 Μυστηρίων
2878 4091 2972 4145 τοῦ
2995 4092 3206 4162 φωλεοῦ
3239 4096 3683 4169 προσφέροντες,
3707 4082 3792 4156 καὶ

2193 4173 2541 4241 στιϐἀζοντες
2563 4178 2656 4231 ἐπὶ
2685 4179 2967 4253 τραπέζης
2990 4183 3209 4255 ἄρτους,
3234 4188 3684 4256 προσκαλοῦνται
3707 4195 3791 4247 τὸν

2191 4262 2336 4332 ὅφιν.
2376 4265 2745 4338 Ἀνοιχθέντος
2767 4272 2824 4325 δέ
2846 4272 2940 4325 τοῦ
2964 4273 3195 4342 φωλεοῦ,
3222 4277 3457 4347 πρόεισι.
3485 4282 3604 4335 Καὶ
3623 4283 3790 4348 οὕτως

2192 4355 2433 4411 ἀνελθὼν
2482 4359 2621 4413 κατά
2656 4362 2754 4432 τὴν
2802 4364 2969 4417 αὑτοῦ
3015 4366 3279 4437 φρόνησιν
3314 4370 3343 4422 ὀ
3391 4369 3518 4439 ὄφις
3559 4375 3663 4427 καὶ
3695 4391 3792 4429 πα-

2190 4449 2449 4519 νουργίαν
2477 4448 2577 4523 ἤδη
2608 4452 2894 4520 γινώσκων
2919 4456 3029 4528 (46)
3057 4458 3156 4531 τὴν
3181 4461 3360 4523 αὐτῶν
3383 4464 3629 4535 μωρίαν,
3660 4469 3791 4523 ἄνει-

2192 4555 2276 4593 σιν
2325 4542 2419 4594 ἐπὶ
2452 4542 2552 4615 τὴν
2604 4547 2904 4617 τράπεζαν,
2938 4551 3033 4604 καὶ
3077 4552 3364 4609 ἐνειλεῖται
3414 4559 3533 4621 τοῖς
3580 4559 3787 4633 ἄρτοις.

2189 4632 2299 4686 Καὶ
2325 4634 2538 4706 ,ταύτην
2572 4639 2737 4708 φασὶν
2785 4638 2926 4697 εἶναι
2964 4645 3175 4700 τελείαν
3210 4646 3419 4703 θυσίαν.
3459 4650 3632 4705 Ὅθεν
3679 4655 3785 4715 καὶ,

2189 4722 2266 4788 ὡς
2297 4726 2407 4779 ἀπό
2438 4744 2582 4794 τινος
2608 4732 2837 4802 ἀκήκοα,
2877 4734 2944 4786 οὐ
2987 4737 3149 4808 μόνον
3190 4738 3360 4793 κλῶσι
3398 4740 3531 4806 τοὺς
3566 4744 3784 4817 among,

2281 4812 2363 4880 οἷς
2384 4819 2413 4869 ὀ
2444 4819 2607 4885 αὐτὸς
2632 4822 2756 4892 ὄφις
2790 4824 3003 4897 είλήθη,
3036 4829 3131 4881 καὶ
3161 4829 3462 4884 ἐπιδιδόασι
3500 4812 3625 4898 τοῖξ
3652 4836 3784 4908 λαμο

2191 4906 2446 4961 ὅάνουσιν
2467 4927 2480 4941 ο
2515 4911 2651 4965 ἀλλὰ
2695 4914 2787 4966 καὶ
2819 4915 3051 4979 ἕκαστος
3094 4919 3403 4982 ἀσπάζεται
3442 4922 3538 4975 τὸν
3569 4924 3705 4994 ὅφιν
3726 4906 3785 4980 -ἐκ

2194 4999 2482 5070 στόματος,
2514 5005 2632 5076 ἦτοι
2666 5008 2891 5080 γοητείᾳ.
2936 5010 3045 5063 τινὶ
3082 5012 3416 5083 ἐπᾳσθέντος
3464 5016 3565 5071 τοῦ
3616 5020 3784 5088 ὄφεως

2187 5089 2266 5151 εἰς
2295 5091 2631 5163 ἡμερότητα,
2664 5097 2696 5167 ἦ
2726 5096 2783 5160 ἐξ
2826 5098 3019 5171 ἑτέρας
3058 5102 3342 5173 ἐνεργείας
3366 5103 3625 5160 διαϐόλου
3658 5113 3783 5181 ap‘;

2188 5181 2404 5253 ἀπάτην
2448 5186 2653 5242 τούτων
2699 5190 3160 5263 ὑποκοριζομένου
3194 5194 3289 5248 τοῦ
3333 5193 3497 5260 ζώου.
3538 5202 3777 5270 Προσκδο

2188 5273 2341 5329 νοῦσι
2365 5276 2422 5329 δὲ
2450 5278 2544 5331 τὸν
2582 5280 2845 5349 τοιοῦτον,
2873 5286 2967 5337 xal.
3016 5286 3371 5358 εὐχαριστίαν
3413 5290 3630 5362 ταύτην
3670 5296 3780 5347 ἐπι-

2186 5382 2508 5454 φημίζουσι,
2542 5387 2643 5460 τὴν
2668 5390 2736 5444 δι’
2777 5392 2943 5447 αὐτοῦ
2984 5395 3354 5467 ἐνειληθέντος
3379 5401 3776 5473 γεγενημένην.

2184 5491 2294 5545 Καὶ
2322 5489 2478 5557 αὖθις
2507 5493 2574 5547 δι’
2610 5495 2797 5561 αὐτοῦ,
2834 5495 2911 5562 ὣς
2952 5493 3110 5568 φασὶ,
3140 5498 3221 5570 τῷ
3250 5500 3364 5556 ἄνω
3407 5502 3590 5575 Πατρὶ
3620 5503 3776 5577 ὕμνον

563 5826 673 5900 (46)
710 5835 819 5890 Καὶ
864 5840 1232 5909 πανουργίαν
1290 5843 1616 5913 γινώσκων.
1670 5845 1826 5903 Corr.
1888 5844 2032 5901 κατὰ
2062 5848 2199 5903 πᾶν.
