3934 6422
207 366 318 422 649

829 363 1200 421 ADVERSUS
1240 362 1582 419 llrERESES
1622 362 1750 419 LIB.
1794 361 1812 416 l

1926 361 2043 418 ΟΜ.
2087 361 2172 418 ιιι.
2218 393 2282 402 -—
2325 361 2598 418 ILERES.
2641 359 2906 418 XXXVII.

3389 367 3498 424 650

214 474 656 546 ἀναπέμποντες,
716 473 888 539 οὕτως
943 476 1011 530 τὰ
1067 478 1345 546 μυστήρια
1396 476 1574 530 αὐτῶν
1630 477 1811 530 ἐπιτε-

1926 475 2105 540 illum,
2160 483 2216 529 ut
2263 475 2435 542 aiunt,
2483 473 2845 538 celebrantes,
2891 473 3151 545 mysteria
3203 490 3302 530 sua
3339 481 3497 547 perli-

213 565 309 620 λοῦ
319 583 392 619 σι.

286 655 380 726 ς’.
410 657 640 729 Μωρίαν
663 658 720 711 δὲ
765 661 909 714 εἴποι
949 677 1031 724 τις
1059 660 1126 713 ἂν
1169 662 1262 714 καὶ
1293 660 1488 734 χλεύης
1514 661 1766 733 ἔμπλεων
1791 678 1804 693 ο

155 813 158 816 ,
213 750 314 804 καὶ
339 750 464 804 οὔτε
505 751 820 823 ἀνατροπῆς
853 753 963 808 ἀπὸ
1001 753 1150 816 θείας
1192 754 1230 806 Γ
1236 755 1414 826 ραφῆς
1447 754 1810 827 ἐπιζητουμέ-

212 859 315 913 νης
347 843 428 905 είς
480 841 659 907 τοῦτο,
709 843 826 898 ἀλλ’
875 845 1008 898 αὐτὸ
1038 844 1162 898 καθ’
1224 844 1386 899 ἑαυτὸ
1418 845 1497 916 τῷ
1537 845 1630 899 τὸν
1685 845 1809 900 νοῦν

211 933 396 1003 ἔχοντι
428 935 740 1006 ὲρῤωμένον
774 934 918 989 κατὰ
945 934 1079 989 Θεὸν
1113 937 1400 1005 γελοιῶδες
1442 935 1808 1008 δειχθήσεται.

213 1025 398 1088 Εὐθὺς
426 1025 535 1097 γὰρ
565 1028 713 1080 πᾶσα
740 1027 974 1098 ήαὺτῶν
1008 1012 1317 1099 κενοφιιῖνία
1341 1027 1591 1100 ληρώδης
1618 1047 1702 1093 τις
1729 1029 1813 1082 εὑ-

217 1117 530 1188 ρεθήσεται.
574 1119 636 1171 Et
662 1118 772 1191 γὰρ
822 1119 1150 1190 Προύνεικόν
1174 1139 1341 1191 φασιν
1377 1117 1540 1186 εἶναι,
1573 1121 1691 1185 πῶς
1717 1123 1811 1176 ἀπ’

215 1210 385 1266 αὐτοῦ
416 1209 509 1264 τοῦ
540 1211 802 1282 ὀνόματος
823 1213 884 1265 οὐ
917 1213 979 1266 τὸ
1016 1213 1216 1286 σαθρὸν
1238 1215 1337 1286 τῆς
1366 1214 1604 1278 διανοίας
1632 1214 1812 1270 αὐτῶν

217 1303 629 1376 φωραθήσεται,
658 1304 734 1366 ὠς
774 1304 874 1377 ἤδη
907 1307 1208 1378 προεῖπον;
1256 1307 1372 1360 Πᾶν
1409 1307 1518 1378 γὰρ
1547 1307 1608 1360 τὸ
1645 1323 1814 1378 προυε

217 1396 624 1466 νεικςυόμενον,
661 1395 953 1468 ἄχρηστον.
983 1397 1115 1451 me
1142 1398 1437 1470 ἄχρηστον,
1469 1400 1562 1452 καὶ
1605 1399 1663 1452 ὲν
1701 1402 1812 1464 τοῖς

219 1485 570 1558 προκριτέοις
623 1487 870 1542 τακτέον.
927 1487 1037 1542 Καὶ
1096 1489 1213 1553 πῶς
1270 1491 1553 1545 ἐπαινετὸν
1613 1493 1698 1563 εἴη
1753 1493 1814 1546 τὸ

219 1579 531 1650 ἇχρηστον;
564 1577 692 1641 Πῶς
737 1578 796 1631 δὲ
843 1579 967 1650 οὐχὶ
1019 1580 1265 1652 μυθῶδες
1303 1583 1366 1638 τὸ
1414 1582 1614 1653 λέγειν,
1655 1585 1737 1638 ὅτι
1778 1587 1812 1656 ἡ

221 1669 554 1742 Προύνεικος
599 1671 692 1725 τὸν
727 1671 1053 1726 Ἱαλδαόαὼθ
1086 1673 1344 1743 ὲκένωσε,
1389 1677 1481 1732 καὶ
1509 1679 1539 1731 6
1578 1677 1812 1750 σπινθὴρ

219 1766 304 1828 είς
331 1762 401 1816 τά
432 1763 585 1818 κάτω
631 1763 900 1834 κατῆλθεν
932 1764 1043 1818 ἀπὸ
1069 1765 1166 1818 τοῦ
1211 1765 1582 1833 κενωθέντος;
1629 1769 1718 1823 Ἐν
1755 1770 1814 1824 δὲ

216 1855 300 1928 τῷ
334 1855 447 1910 ἄνω
489 1855 732 1926 γεγονὼς
762 1855 976 1925 ἔπέγνω
1007 1855 1101 1912 τὸν
1143 1858 1416 1932 ἀνώτερον
1446 1859 1538 1914 τοῦ
1580 1877 1819 1915 κεκενω-

221 1947 410 2018 μένου.
449 1948 560 2001 Kal.
591 1947 777 2019 θαῦμα
822 1948 1099 2019 μέγιστον,
1131 1949 1208 2013 ώς
1233 1952 1261 2004 6
1303 1949 1610 2022 ἅνθρωπος,
1639 1953 1697 2004 ὲν
1721 1944 1764 2019 ᾧ
1788 1954 1816 2006 6

217 2038 505 2108 ἐλάχιστος
529 2037 786 2109 σπινθὴρ,
819 2037 1176 2107 ἐπιγινώσκει
1209 2039 1350 2110 ὑπὲρ
1385 2041 1512 2104 τοὺς
1539 2039 1815 2094 πεπλακό-

215 2147 322 2193 τας
343 2128 606 2198 ἀγγέλους
629 2130 643 2182 l
676 2131 740 2182 0i
769 2127 878 2200 γὰρ
902 2131 1265 2201 πεποιηκότες
1290 2131 1382 2184 τὸν
1405 2130 1692 2208 ἄνθρωπον
1719 2131 1816 2201 ἄγ-

217 2221 394 2291 γελοι,
424 2220 602 2274 είτουν
636 2220 740 2274 υἱοὶ
761 2221 856 2274 τοῦ
900 2220 1252 2285 Ἰαλδαὸαὼθ,
1278 2223 1380 2275 οὐκ
1402 2223 1719 2291 ἐπέγνωσαν
1747 2222 1818 2277 τά

219 2310 410 2366 ἐπάνω
439 2309 534 2364 τοῦ
573 2309 920 2368 Ἰαλδαὸαώθ.
966 2312 1024 2366 '0
1049 2310 1106 2364 δὲ
1134 2312 1225 2364 ὑπ’
1257 2311 1423 2365 αὑτοῦ
1452 2313 1816 2383 γεγενημένος

217 2402 310 2456 διὰ
333 2403 427 2456 τοῦ
460 2403 755 2476 σπινθῆρος
781 2403 1015 2474 ἐπέγνω.
1040 2404 1206 2457 Αὐτοὶ
1236 2403 1415 2457 τοίνυν
1442 2405 1667 2468 ἑαυτοὺς
1691 2405 1817 2458 ἀνα-

219 2492 480 2565 τρέπουσι
509 2495 596 2548 διὰ
646 2493 755 2548 τῶν
791 2495 938 2548 ίδίων
967 2495 1274 2566 δογμάτων,
1325 2496 1404 2566 πῆ
1439 2497 1536 2566 μὲν
1572 2496 1664 2550 τὸν
1692 2496 1815 2566 ὄφιν

219 2585 554 2652 δοξάζοντες,
602 2587 679 2658 πῆ
723 2587 780 2641 δὲ
819 2587 1099 2660 ἀπατηλὸν
1145 2588 1307 2643 αὐτὸν
1339 2589 1476 2660 πρὸς
1525 2589 1624 2662 τὴν
1672 2589 1816 2645 Εὔαν

221 2679 586 2750 γεγενημένον
613 2681 938 2750 φάσκοντες,
968 2683 1026 2734 ἐν
1056 2679 1132 2750 τῷ
1158 2682 1331 2734 εἰπεῖν
1353 2695 1366 2708 ⁸
1415 2680 1692 2750 Ἠπάτησε
1715 2681 1816 2753 τὴν

221 2769 396 2822 Εὕαν·
435 2768 529 2822 καὶ
568 2769 645 2840 πῆ
677 2771 775 2840 μὲν
802 2769 1036 2841 Χριστὸν
1060 2769 1224 2822 αὐτὸν
1253 2767 1707 2838 καταγγέλλουσι,
1736 2772 1815 2843 πῆ

219 2859 277 2914 δὲ
303 2860 395 2914 τὸν
429 2860 541 2914 υίὸν
566 2861 659 2914 τοῦ
694 2861 970 2934 ἀνωτέρου
1009 2859 1480 2926 ’1αλδα6αὼθ,τοῦ
1513 2863 1642 2926 τοὺς
1665 2861 1817 2926 υἱοὺς

221 2951 601 3022 ἀδικήσαντος,
647 2952 705 3005 ὲν
730 2951 809 3023 τῷ
843 2951 1166 3006 ἀποκλεῖσαι
1206 2952 1301 3005 ἀπ’
1335 2951 1514 3006 αὐτῶν
1561 2953 1660 3025 τὴν
1703 2951 1817 3009 ἀνω

220 3045 445 3114 γνῶσιν,
479 3047 573 3100 καὶ
619 3046 722 3118 τὴν
762 3047 978 3119 μητέρα
1015 3046 1402 3117 ἀθετήσαντος,
1437 3047 1532 3100 καὶ
1569 3046 1662 3100 τὸν
1704 3046 1817 3101 ἄνω

223 3136 464 3210 Πατέρα,
495 3138 575 3201 είς
595 3137 656 3190 τὺ
681 3136 755 3208 μὴ
780 3138 876 3208 ὲᾷν
896 3135 1140 3204 δοξάζειν
1169 3137 1295 3199 τοὺς
1325 3137 1417 3188 ὑπ’
1439 3135 1605 3190 αὑτοῦ
1633 3151 1818 3203 γεγεν-

1917 569 2092 623 ciunt.

1990 658 2076 714 Vl.
2119 659 2266 727 Quas
2299 660 2518 732 quidem
2553 660 2788 732 ineptias
2818 661 3149 719 vanissimas
3179 679 3325 730 esse,
3360 666 3502 720 ludi-

1920 749 2149 821 brioque
2173 751 2528 823 dignissimas
2558 767 2721 812 nemo
2751 766 2862 808 non
2893 753 3132 809 dixerit:
3167 770 3344 826 neque
3373 771 3503 811 veru

1919 843 2122 899 divinis
2161 860 2229 899 ex
2256 842 2539 916 Scriptura
2575 846 2913 917 depromptis
2952 848 3287 904 testimoniis
3319 848 3508 903 acrius

1920 934 2278 1005 refellendas;
2310 953 2434 994 cum
2459 954 2557 1010 per
2580 954 2701 995 sese
2724 939 2968 1008 cuilibet,
3023 939 3116 1010 qui
3144 941 3216 995 sit
3240 941 3506 995 nonnullo

1919 1025 2139 1097 ingenio
2173 1029 2454 1098 praeditus,
2501 1044 2666 1099 quam
2711 1029 3011 1084 ridiculum
3042 1031 3114 1085 sit
3148 1037 3322 1085 totum
3374 1031 3506 1084 illud

1921 1117 2222 1188 negmium,
2268 1119 2638 1176 demonstrari
2680 1120 2874 1190 possit.
2941 1119 3088 1176 Nihil
3122 1121 3270 1178 enim
3310 1134 3507 1193 praeter

1920 1211 2420 1281 contemptissimas
2460 1211 2672 1268 fabulas
2701 1228 2765 1268 ac
2805 1213 2996 1269 deliria
3030 1213 3316 1270 continere
3346 1215 3507 1270 facile

1921 1301 2371 1372 deprehenditur.
2405 1302 2540 1357 Nam
2567 1304 2615 1360 si
2648 1303 2949 1360 Prunicum
2979 1320 3102 1362 esse
3127 1306 3364 1378 aliquam
3388 1307 3510 1362 exi-

1921 1392 2168 1458 stimant,
2203 1398 2328 1464 quis
2350 1410 2416 1451 ex
2449 1394 2566 1465 ipso
2597 1394 2786 1450 statim
2815 1397 3083 1454 vocabulo
3115 1413 3224 1454 non
3260 1399 3504 1454 animad-

1923 1491 2118 1548 vertat,
2153 1499 2316 1555 quam
2351 1484 2686 1541 imbecillum
2711 1501 2774 1542 ac
2813 1488 2931 1544 leve
2955 1487 3048 1555 sit,
3082 1488 3229 1559 quod
3255 1489 3342 1545 isti
3379 1505 3510 1560 pro-

1921 1574 2166 1643 ﬁtentur,
2209 1583 2269 1632 ut
2302 1577 2416 1646 jam
2454 1578 2818 1636 ostendimus.
2857 1578 3138 1651 Quidquid
3189 1581 3336 1636 enim
3363 1580 3506 1636 Pru-

1921 1667 2107 1722 nicum
2143 1667 2262 1724 ﬁeri
2292 1667 2518 1734 dicitur,
2551 1670 2606 1725 id
2631 1671 2831 1727 inutile
2861 1680 2983 1737 est;
3015 1671 3261 1744 adeoque
3287 1673 3514 1730 minime

1923 1758 2064 1814 inter
2093 1759 2296 1816 eximia
2330 1763 2754 1818 numerandum.
2784 1761 2889 1829 Qui
2912 1761 3059 1818 enim
3088 1764 3304 1820 laudari
3337 1772 3514 1836 poteSt

1856 1855 1898 1910 Β
1926 1851 2072 1921 quod
2117 1852 2313 1908 inutile
2349 1852 2458 1908 sit?
2504 1852 2679 1920 Quam
2718 1864 2802 1910 est
2848 1863 3110 1925 praeterea
3147 1856 3429 1922 stolidum,
3479 1875 3510 1912 ει

1924 1940 2162 1998 Prunico
2201 1943 2530 1999 exhaustum
2562 1959 2686 2001 esse
2727 1944 3144 2002 Jaldabaothcm
3173 1987 3189 2014 ,
3241 1947 3311 2003 ab
3340 1963 3512 2018 eoque

1925 2032 2220 2088 scintillam
2249 2033 2319 2088 ad
2349 2033 2535 2088 infima
2571 2035 2664 2089 illa
2695 2051 2985 2094 excussam
3021 2038 3314 2095 arbitrari!
3347 2036 3510 2096 Item-

1923 2139 2052 2195 que,
2082 2124 2255 2195 quiin
2289 2127 2514 2183 sublimi
2541 2128 2842 2186 collocatus
2870 2139 3038 2196 esset,
3075 2146 3200 2186 eum
3224 2132 3512 2202 agnovisse

1923 2220 2018 2289 qui
2063 2219 2334 2276 exhausto
2377 2230 2525 2278 esset
2576 2223 2670 2278 illo
2699 2223 2861 2293 273
2885 2223 3157 2294 superior.
3222 2223 3514 2281 Enimvero

1923 2313 2084 2381 quale
2110 2313 2242 2368 illud
2271 2314 2599 2370 miraculum
2633 2323 2739 2382 est,
2772 2325 2832 2370 ut
2860 2317 3024 2370 homo
3062 2317 3151 2372 cui
3176 2317 3502 2374 tenuissima

1925 2405 2172 2474 quaedam
2215 2406 2287 2462 sit
2325 2421 2550 2477 aspersa
2590 2406 2858 2473 scintilla,
2899 2406 3161 2478 majorem
3205 2407 3315 2464 illis
3354 2408 3510 2478 ipsis.

1925 2512 1956 2549 a
1978 2496 2180 2566 quibus
2203 2497 2509 2567 productus
2530 2507 2635 2564 est,
2660 2497 2870 2568 angelis
2891 2497 3260 2569 cognitionem
3286 2498 3516 2568 adeptus

1925 2585 2118 2643 fuerit!
2155 2586 2213 2643 Si
2241 2589 2461 2659 quidem
2497 2599 2753 2646 auctores
2783 2590 2872 2646 isti
2903 2589 3146 2645 hominis
3175 2605 3241 2646 ac
3272 2589 3510 2645 fabrica-

1924 2688 2076 2737 tores
2103 2681 2303 2754 angeli,
2335 2682 2450 2738 sive
2471 2680 2849 2739 Jaldabaothis
2881 2682 2977 2738 lilii
3011 2698 3133 2754 quae
3152 2682 3514 2740 Jaldahaothe

1925 2774 2211 2846 superiora
2237 2783 2396 2831 erant
2425 2775 2770 2847 ignorarunt.
2810 2775 2912 2842 Qui
2948 2785 3134 2832 autem
3162 2776 3232 2830 ab
3262 2775 3372 2832 illis
3402 2775 3513 2831 for-

1925 2873 2108 2924 matus
2131 2874 2238 2935 est,
2271 2867 2525 2922 scintilla:
2548 2866 2814 2922 beneﬁcio
2839 2866 3116 2936 cognovit.
3149 2865 3514 2932 Quamobrem

1926 2957 2044 3011 suis
2088 2956 2165 3011 illi
2208 2971 2268 3012 se
2306 2956 2658 3026 dogmatibus
2699 2953 2935 3009 induunt
2981 2963 3034 3010 et
3072 2963 3347 3022 evertunt,
3389 2972 3515 3012 cum

1923 3050 2123 3119 partim
2141 3059 2447 3120 serpentem
2475 3048 2726 3102 venerari
2754 3048 3078 3114 instituant;
3121 3047 3319 3118 partim
3347 3047 3514 3102 Evam

1923 3141 2072 3197 illius
2123 3140 2492 3196 fraudulentia
2547 3140 2833 3210 deceptam
2886 3139 3231 3207 existiment;
3313 3139 3514 3212 partim

221 3230 493 3302 νημένους
515 3231 666 3294 υἱοὺς
692 3229 784 3283 τὸν
817 3228 1087 3300 ἀνώτερον
1115 3228 1281 3286 αὑτοῦ
1306 3228 1546 3300 Πατέρα.
1581 3227 1705 3291 Πῶς
1727 3223 1816 3281 οὖν

1926 3231 2203 3290 Christum
2245 3231 2496 3287 eumdem
2548 3247 2671 3287 esse
2711 3229 2915 3298 velint;
2965 3229 3167 3300 partim
3208 3230 3514 3300 superioris

222 3320 480 3392 βασιλεὺς
519 3322 842 3392 ἐπουράνιος
870 3321 899 3373 6
931 3321 1074 3391 ὄφις,
1104 3322 1262 3392 είπερ
1306 3321 1448 3376 κατά
1468 3320 1561 3374 τοῦ
1603 3319 1816 3393 Πατρὺς

1926 3323 2072 3379 illius
2098 3321 2477 3378 Jaldabaothis
2503 3321 2696 3386 lilium,
2730 3321 2823 3392 qui
2865 3321 3165 3376 interclusa
3205 3321 3513 3377 cmlestium

220 3415 518 3486 ἐγήγερται
538 3430 555 3482 ;
612 3415 738 3478 Πῶς
759 3414 836 3478 δὲ,
877 3415 927 3468 εί
947 3415 1046 3486 τὴν
1070 3414 1272 3484 γνῶσιν
1294 3413 1532 3476 δίδωσιν,
1559 3414 1617 3466 ὲν
1638 3414 1816 3484 ἀπάτη

1928 3416 2392 3487 contemplatione
2438 3429 2711 3471 summam
2743 3414 2930 3470 liberis
2967 3414 3084 3470 suis
3116 3413 3374 3485 injuriam
3410 3415 3503 3469 im-

221 3506 650 3575 καταγγέλλεται
682 3507 1025 3579 ὴπατηκέναι
1047 3505 1144 3578 τὴν
1163 3505 1308 3560 Εὕαν
1329 3523 1343 3572 ;
1368 3506 1426 3560 '0
1442 3505 1498 3558 δὲ
1516 3505 1584 3558 δι’
1607 3505 1816 3575 ἀπάτης

1926 3508 2132 3577 posuit,
2156 3514 2387 3564 matrem
2413 3506 2720 3578 repudiavit
2739 3521 2804 3562 ac
2828 3507 3184 3576 contempsit,
3200 3521 3310 3562 non
3333 3507 3515 3565 minus

219 3597 428 3668 γνῶσιν
462 3599 638 3663 ἐνθεὶς
667 3600 852 3653 οὐκέτι
879 3598 1084 3667 γνῶσιν
1111 3598 1347 3663 δίδωσιν,
1371 3597 1510 3651 ἀλλά
1539 3598 1659 3651 ἀντὶ
1682 3595 1816 3666 γνώ-

1926 3615 2089 3670 quam
2124 3615 2441 3670 supremum
2471 3598 2783 3666 Parentem,
2815 3615 2981 3671 quem
3026 3599 3096 3655 ab
3134 3598 3202 3654 iis
3245 3614 3386 3670 quos
3421 3615 3519 3669 ge-

221 3705 366 3753 σεως
391 3689 688 3758 ἀγνωσίαν.
731 3691 820 3753 Ὧς
842 3691 938 3742 κα)⁸
969 3689 1169 3760 ἀληθές
1192 3689 1340 3742 ἐστιν
1380 3689 1530 3752 ἰδεῖν,
1561 3687 1642 3740 ὃτι
1665 3687 1816 3740 τοῦτο

1926 3702 2120 3749 nuerat
2168 3694 2276 3750 coli
2319 3709 2382 3748 ac
2425 3694 2713 3765 praedicari
2765 3693 2991 3749 minime
3027 3694 3099 3749 sit
3133 3708 3353 3765 passus.
3409 3693 3514 3761 Qui

222 3783 282 3835 ὲν
313 3783 498 3847 αὐτοῖς
519 3782 844 3838 τελειοῦται.
889 3782 1192 3851 Ἀγνωσίαν
1217 3781 1328 3852 γὰρ
1357 3781 1594 3851 ἔχοντες,
1619 3779 1816 3848 γνῶσιν

1926 3799 2050 3840 vero
2078 3793 2392 3856 serpentem
2419 3785 2678 3839 convenit
2704 3784 2983 3840 cmlestem
3005 3799 3130 3840 esse
3154 3800 3358 3855 regem,
3388 3799 3514 3839 cum

224 3872 434 3944 ταύτην
458 3873 792 3945 νομίζουσιν,
826 3875 886 3929 ὲν
921 3872 1096 3944 τούτῳ
1118 3871 1495 3944 ἀληθεύοντες,
1530 3872 1588 3924 ἐν
1609 3869 1688 3942 τῷ
1721 3869 1816 3942 τὴν

1926 3875 2190 3930 adversus
2229 3881 2514 3944 parentem
2558 3873 2956 3929 insurrexerit?
3005 3874 3116 3927 Aut
3142 3873 3440 3944 quomodo,
3469 3875 3514 3930 si

227 3964 442 4018 ἑαυτῶν
476 3965 694 4037 ἀπάτην
725 3966 820 4020 καὶ
851 3964 1129 4035 ἀγνωσίαν
1156 3965 1359 4035 γνῶσιν
1383 3965 1585 4034 λέγειν.

1926 3965 2288 4036 cognitionem
2344 3965 2658 4036 impertiat,
2721 3964 2847 4021 Eva:
2892 3965 3225 4034 imposuisse
3276 3966 3514 4020 dicitur!

225 4053 365 4110 Nam
414 4055 508 4127 qui
561 4057 754 4113 fraude
801 4057 987 4129 aliqua
1041 4058 1329 4114 scientiam
1378 4056 1556 4122 all‘ert,
1609 4072 1718 4112 non
1771 4056 1820 4113 is
1857 4057 2167 4124 scientiam,
2219 4056 2316 4113 sed
2359 4072 2461 4128 pro
2525 4056 3038 4127 ea’ignorationem
3117 4057 3512 4111 communicat.

221 4147 383 4216 Quod
425 4148 832 4218 illis‘accidere
875 4150 1186 4206 certissima
1229 4132 1446 4204 ratione
1495 4149 1808 4204 conficitur.
1853 4148 1993 4204 Cum
2023 4150 2170 4206 enim
2199 4165 2416 4206 summa
2444 4150 2500 4204 in
2527 4150 2743 4204 inscitia
2767 4154 3080 4213 versentur,
3123 4163 3244 4204 eam
3309 4149 3512 4203 nihilo-

221 4245 409 4299 minus
439 4245 726 4300 scientiam
747 4260 870 4302 esse
893 4252 1109 4317 putant.
1138 4243 1257 4312 Qua
1281 4245 1338 4298 in
1373 4259 1433 4299 re
1464 4245 1818 4303 vehementer
1847 4245 2282 4311 hallucinantur,
2337 4245 2467 4301 dum
2502 4259 2748 4300 errorem
2785 4257 2947 4299 suum
3012 4256 3077 4297 ac
3140 4242 3512 4313 ignorantiam

221 4340 474 4397 scientiae
511 4341 887 4412 appellatione
914 4341 1294 4398 dissimulant.

295 4436 372 4490 Z'.
401 4434 630 4506 Φέρουσι
657 4435 715 4489 δὲ
746 4435 841 4490 καὶ
875 4435 1042 4499 ἄλλας
1083 4436 1392 4507 μαρτυρίας
1430 4436 1704 4504 λέγοντες,
1734 4435 1818 4488 ὅτι

2002 4434 2109 4491 Vll.
2149 4433 2258 4490 Sed
2290 4433 2395 4488 alia
2429 4429 2678 4502 quaedam
2719 4429 2946 4499 insuper
2987 4426 3302 4482 testimonia
3332 4427 3510 4498 profe-

224 4527 323 4581 καὶ
375 4527 617 4597 Μωῦσῆς
675 4529 734 4581 ἐν
785 4530 852 4600 τῇ
903 4529 1100 4600 ἐρήμῳ
1156 4528 1249 4581 τὸν
1295 4527 1421 4597 ὄφιν
1465 4528 1555 4581 τὸν
1584 4528 1816 4599 χαλκοῦν

1928 4535 2096 4594 runt;
2132 4525 2299 4582 veluti
2351 4523 2573 4595 Moysen
2619 4537 2830 4577 aeneum
2869 4527 3178 4591 serpentem
3211 4519 3266 4574 in
3297 4519 3515 4575 deserto

223 4620 432 4691 ὕψωσε,
480 4620 966 4692 προστησάμενος,
1013 4621 1101 4674 ἵνα
1153 4621 1291 4693 ίαμα
1347 4623 1462 4686 τοῖς
1501 4621 1607 4674 ὑπὸ
1644 4621 1820 4691 ὄφεως

220 4712 578 4784 δακνομένοις
609 4714 856 4785 γένηται.
904 4709 1060 4767 Εἶναι
1087 4713 1198 4786 γάρ
1237 4712 1394 4768 τοῦτο
1413 4714 1478 4767 τὸ
1511 4711 1650 4778 εἶδος
1685 4716 1822 4768 ἰατι-

223 4803 326 4856 κδν
362 4801 456 4856 τοῦ
509 4803 790 4874 δήγματος
841 4803 1082 4873 λέγουσι.
1134 4804 1306 4858 Πάλιν
1353 4804 1411 4859 δὲ
1455 4805 1578 4860 καθ’
1611 4803 1821 4858 ἑαυτῶν

223 4893 399 4948 ταῦτα
422 4893 717 4965 ὁρίζονται.
758 4895 820 4948 El
853 4895 963 4967 γὰρ
989 4895 1167 4964 ὄφεων
1191 4891 1259 4968 ἦν
1282 4895 1354 4949 τὰ
1375 4896 1653 4968 δήγματα,
1696 4895 1824 4966 βλα-

222 4985 364 5058 ϐερά
387 4985 445 5038 δὲ
481 4985 656 5041 ταῦτα
678 5003 692 5016 ·
717 4987 825 5058 ἄρα
859 4989 888 5040 6
926 4987 1050 5056 ὄφις
1085 4988 1187 5042 οὐκ
1233 4987 1457 5056 ἀγαθόν.
1490 4987 1565 5042 Τὸ
1589 4987 1647 5052 δὲ
1677 4987 1825 5057 ὕψωσ-

225 5077 324 5132 θὲν
347 5077 451 5130 ὑπὸ
479 5078 760 5143 Μωῠσέως
801 5079 948 5145 τότε,
998 5079 1090 5132 διὰ
1140 5080 1240 5151 τῆς
1276 5078 1510 5152 θεωρίας
1540 5080 1640 5152 τήν
1675 5080 1820 5133 ἴασιν

225 5171 483 5234 ἐποιεῖτο,
513 5170 574 5224 οὑ
610 5169 700 5222 διὰ
724 5169 825 5242 τὴν
859 5169 952 5225 τοῦ
995 5169 1173 5240 ὄφεως
1204 5169 1388 5240 φύσιν,
1437 5171 1576 5225 ἀλλά
1598 5169 1697 5242 τὴν
1725 5170 1818 5225 τοῦ

222 5260 364 5314 Θεοῦ
399 5261 671 5326 εὐδοκίαν,
698 5262 766 5315 δι’
795 5261 974 5332 ὄφεως
1016 5261 1208 5332 ὥσπερ
1252 5262 1526 5316 ἀντίδοτον
1553 5263 1668 5325 τοῖς
1694 5263 1819 5316 τότε

220 5355 575 5426 δεδηγμένοις
628 5354 1021 5426 ἐργαζομένου.
1075 5354 1242 5408 Οὐδὲν
1292 5355 1351 5408 δὲ
1401 5354 1713 5428 θαυμαστὸν
1727 5355 1812 5410 ὅτι

219 5449 291 5504 δι’
324 5442 400 5502 ὧν
426 5465 512 5512 τις
546 5446 774 5518 ἐϐλάϐη,
809 5447 896 5501 διὰ
934 5445 1138 5501 τούτων
1172 5446 1466 5520 θεραπείας
1495 5448 1675 5518 ἔτυχε.
1707 5447 1817 5501 Καὶ

222 5542 302 5612 μή
342 5559 426 5605 τις
453 5540 726 5603 κακιζέτω
755 5541 855 5612 τὴν
884 5539 978 5594 τοῦ
1004 5539 1140 5593 Θεοῦ
1171 5540 1366 5596 κτίσιν.
1397 5541 1472 5604 ὠς
1504 5539 1652 5594 ἄλλοι
1681 5539 1816 5592 πλα-

216 5634 458 5705 νώμενοι
487 5633 648 5686 πάλιν
671 5633 908 5702 λέγουσι.
941 5632 1322 5702 Προετυποῦτο
1346 5633 1402 5687 δὲ
1430 5633 1588 5687 τοῦτο
1615 5636 1726 5695 τοῖς
1757 5625 1844 5686 ἐν’

301 5783 318 5815 ¹
346 5782 512 5840 Num.
559 5801 671 5849 xxv,
705 5785 738 5840 8
769 5804 890 5858 sqq.

509 5881 782 5940 Ρηιιοι..
824 5885 941 5942 (in.
985 5881 1146 5942 XLI.

1925 4620 2238 4683 sustulisse,
2285 4618 2573 4689 palamque
2610 4613 2987 4686 pr0posnisse,
3020 4619 3083 4667 ut
3122 4612 3230 4667 illis
3269 4613 3514 4667 remedio

1923 4721 2091 4777 esset,
2120 4728 2258 4784 quos
2290 4729 2519 4784 serpens
2536 4713 2902 4771 momorderat
2938 4713 2976 4767 ί.
3010 4710 3127 4767 Hoc
3156 4711 3301 4766 enim
3336 4711 3514 4780 ipsum

1924 4815 2250 4875 prasentem
2307 4807 2417 4862 vim
2463 4815 2656 4863 contra
2710 4814 3012 4863 venenatos
3045 4819 3265 4860 morsus
3314 4804 3513 4857 habere

1919 4897 2200 4966 jactitant.
2237 4898 2343 4954 Sed
2371 4900 2456 4955 vel
2477 4900 2611 4954 illud
2643 4906 2834 4953 contra
2859 4913 2918 4952 se
2948 4895 3241 4950 manifeste
3264 4910 3512 4964 pronun-

1925 4991 2086 5046 tiant.
2126 4991 2183 5045 Si
2207 4991 2353 5046 enim
2385 5006 2605 5047 morsus
2632 4991 2709 5045 illi
2745 4989 3082 5060 serpentium
3109 4995 3289 5050 erant,
3324 4985 3512 5040 iidem-

1927 5095 2036 5150 que
2094 5081 2410 5151 perniciosi,
2464 5081 2822 5151 consequitur
2879 5078 3107 5134 minime
3154 5078 3358 5132 bonum
3391 5090 3512 5129 esse

1927 5183 2260 5243 serpentem.
2310 5171 2468 5239 Quod
2517 5187 2650 5229 vero
2699 5182 2811 5227 tum
2848 5187 2879 5226 a
2911 5170 3096 5242 Moyse
3126 5175 3211 5224 est
3243 5175 3511 5231 erectum,

1925 5265 2043 5320 sola
2090 5263 2175 5318 sui
2237 5262 2701 5334 contemplatione
2765 5259 3083 5314 medebatur
3121 5275 3134 5311 :
3166 5273 3276 5312 non
3325 5257 3515 5325 utique

1925 5359 2070 5430 quod
2101 5359 2174 5411 ita
2204 5356 2476 5426 serpentis
2505 5363 2702 5410 natura
2750 5352 2952 5420 ferret;
2982 5351 3076 5407 sed
3117 5350 3262 5421 quod
3294 5351 3369 5402 ita
3403 5348 3509 5404 Deo

1921 5449 2103 5504 visum
2153 5458 2320 5512 esset,
2381 5447 2474 5518 qui
2523 5462 2662 5516 quos
2716 5454 2999 5514 serpentes
3038 5450 3400 5514 pupugerant,
3446 5441 3509 5495 iis

1924 5555 2024 5611 per
2085 5547 2395 5608 serpentem
2438 5539 2566 5592 mali
2613 5537 2914 5594 remedium
2965 5547 3274 5606 paraverat.
3319 5535 3508 5606 Neque

1921 5643 2053 5684 vero
2087 5629 2285 5684 mirum
2309 5643 2430 5686 esse
2457 5629 2711 5700 cuiquam
2733 5637 2966 5699 oportet,
2993 5630 3039 5686 si
3065 5628 3208 5686 unde
3238 5631 3506 5700 quispiam

3093 5877 3158 5934 21

3091 5917 3130 5936 α-
