3934 6456
519 368 620 427 651

1958 369 2020 427 S.
2065 369 2412 428 EPIPHANII
3654 384 3744 438 552

526 486 692 542 laesus
729 485 928 551 fuerat,
991 485 1117 543 inde
1167 485 1497 542 medicinam
1533 487 1827 558 acceperit.
1879 487 1991 545 Nec
2039 499 2111 545 esl

2230 495 2297 563 τῇ
2334 492 2527 564 ἐρήμῳ
2559 490 2647 546 διὰ
2689 491 2788 564 τὴν
2826 491 3028 561 αἰτίαν,
3057 494 3128 568 ἢν
3168 493 3334 552 ἐλθὼν
3365 495 3394 549 6
3422 495 3601 564 Κύριος
3633 498 3743 568 λέγει

519 579 669 651 quod
693 579 903 634 idcirco
937 580 1173 635 condita:
1200 596 1290 638 res
1328 595 1359 635 a
1399 579 1509 636 Deo
1533 582 1934 652 vitupereutur,
1974 583 2120 652 quod

523 672 773 725 nonnulli
833 687 1030 727 rursus
1083 671 1398 727 incredibili
1457 688 1646 728 errore
1697 673 1929 730 faciunt.
1987 672 2122 728 Illud

521 762 665 816 enim
693 762 881 833 ﬁgura:
911 763 1089 818 instar
1119 762 1327 820 Judaais
1362 764 1418 818 in
1456 764 1758 821 solitudine
1791 764 2123 836 degentibus

521 860 804 908 ostensum
861 861 983 921 est;
1050 854 1120 908 ob
1153 869 1275 909 eam
1323 855 1500 926 ipsam
1537 855 1832 923 rationem,
1863 871 2026 927 quam
2066 856 2122 910 in

521 943 813 1014 Evangelio
834 943 999 1017 274
1025 943 1291 1003 Dominus
1307 947 1597 1017 expressit.
1619 945 1890 1002 Nimirum
1928 970 1938 1004 :
1969 946 2121 1003 Sicut

518 1035 772 1089 exultavit
813 1034 1024 1106 Moyses
1072 1048 1364 1108 serpentem
1406 1040 1464 1093 in
1493 1039 1724 1108 deserto,
1757 1042 1836 1094 ita
1890 1041 2124 1094 exaltari

518 1137 718 1197 oportet
756 1128 960 1182 Filium
992 1129 1220 1185 hominis
1240 1132 1281 1197 ί,
1308 1131 1454 1202 quod
1485 1142 1675 1202 postea
1698 1133 1948 1203 contigit.
1985 1132 2120 1187 Nam

516 1218 689 1276 Judaei
727 1221 1009 1277 Christum
1039 1220 1330 1277 Dominum
1370 1223 1521 1278 velut
1544 1231 1851 1294 serpentem
1881 1223 2111 1293 ignomi-

514 1312 674 1368 niose
700 1319 1024 1377 tractantes,
1055 1313 1276 1384 ipsimet
1303 1316 1578 1386 serpentis
1606 1316 1842 1375 insidiis,
1896 1315 2002 1370 hoc
2037 1315 2122 1370 eSt

517 1404 747 1468 diaboli,
785 1406 1136 1461 vehementer
1164 1405 1359 1462 oﬂ'ensi
1391 1418 1540 1464 sunt.
1566 1406 1672 1463 Sed
1699 1417 1756 1462 ut
1784 1415 1969 1463 erecto
1996 1421 2118 1461 ser-

518 1504 704 1567 pente,
753 1497 791 1551 ii
815 1497 908 1567 qui
962 1512 1150 1553 morsu
1182 1509 1340 1554 erant
1366 1501 1614 1571 appetiti,
1655 1507 1878 1570 repente
1909 1499 2118 1554 liberati

519 1597 651 1645 sunt
674 1609 686 1644 :
708 1589 803 1654 ita,
837 1589 1060 1646 Christo
1090 1590 1145 1646 in
1173 1607 1395 1647 crucem
1425 1593 1663 1657 sublato,
1695 1593 1893 1646 animae
1920 1601 2120 1647 nostrae

518 1698 549 1736 a
578 1684 786 1753 peccati
815 1684 1092 1739 morsibus
1109 1693 1238 1740 sunt
1258 1693 1542 1756 exemptae.
1565 1687 1741 1756 Atque
1763 1685 1904 1740 hanc
1937 1686 2115 1756 ipsam

517 1775 736 1830 Domini
766 1779 1097 1831 sententiam
1137 1777 1205 1831 ad
1230 1778 1439 1834 erroris
1468 1779 1552 1836 sui
1578 1779 1945 1849 patrocinium
1983 1775 2116 1832 aﬂ‘e-

2224 587 2281 638 ὲν
2325 583 2402 655 τῷ
2453 584 2772 656 Εὑαγγελίῳ
2798 627 2812 651 ,
2891 586 2974 639 ὅτι
3017 587 3116 653 Ὧς
3171 587 3376 657 ὕψωσε
3415 587 3644 656 Μωῦσῆς
3668 592 3747 644 τὸν

2225 681 2365 750 ὅφιν
2392 681 2462 734 ἐν
2490 679 2563 748 τῇ
2594 680 2816 751 ἐρήμῳ,
2849 682 3038 747 οὕτως
3077 682 3388 752 ὑψωθῆναι
3410 682 3495 736 δεῖ
3515 682 3609 738 τὸν
3643 686 3746 739 Υίὸν

2223 773 2329 828 τοῦ
2366 773 2709 842 ἀνθρώπου,
2737 773 2766 826 ὃ
2787 775 2882 828 καὶ
2914 776 3127 843 γέγονε.
3176 776 3342 846 Δίκην
3368 776 3472 847 γὰρ
3493 776 3644 846 ὄφεως
3664 779 3746 831 ἀτι-

2227 867 2500 937 μάσαντες
2524 865 2617 920 τὸν
2645 867 2874 938 Σωτῆρα
2896 907 2910 932 ,
2933 866 3043 920 ἀπὸ
3077 851 3366 938 ὲπιὸουλῆς
3390 869 3482 938 τῆς
3503 868 3586 921 τοῦ
3614 869 3747 937 δφεως

2222 957 2523 1026 ἠδικοῦντο,
2561 957 2705 1028 φημὶ
2731 956 2787 1010 δὲ
2798 957 2906 1031 -τοῦ
2930 957 3200 1011 διαϐόλου.
3242 959 3350 1011 Καὶ
3365 958 3595 1031 καθάπερ
3623 959 3670 1011 ὲν
3688 958 3745 1028 τῷ

2223 1047 2479 1119 ὑψώματι
2512 1048 2607 1101 τοῦ
2626 1027 2814 1118 ίδφεωξ
2849 1050 2996 1112 ῐασις
3033 1049 3280 1119 ἐγίγνετο
3310 1052 3419 1113 τοῖς
3437 1027 3746 1121 δεδηγμένοιξ,

2220 1139 2394 1205 οὕτως
2425 1140 2518 1193 ἐπὶ
2558 1143 2623 1212 τῇ
2684 1139 2780 1194 τοῦ
2810 1141 3050 1213 Χριστοῦ
3083 1139 3387 1213 σταυρώσει
3414 1139 3570 1211 λύτρα
3599 1142 3746 1209 γέγονε

2218 1235 2341 1296 ταῖς
2384 1233 2542 1303 ἡμῶν
2607 1232 2812 1302 ψυχαῖς
2863 1234 2974 1288 ἀπὸ
3026 1233 3138 1286 τῶν
3206 1235 3266 1287 ὲν
3318 1235 3445 1304 ἡμῖν
3497 1233 3747 1302 γενομένων

2218 1321 2514 1392 δηγμάτων
2557 1321 2656 1392 τῆς
2691 1321 2987 1394 ἁμαρτίας.
3018 1322 3250 1394 Φέρουσι
3291 1322 3348 1375 δὲ
3382 1323 3472 1375 καὶ
3498 1321 3612 1375 αὐτὸ
3632 1320 3749 1374 τοῦτο

2219 1415 2281 1466 τὸ
2309 1414 2468 1486 ῥητὸν
2495 1415 2647 1487 ,πρὸς
2683 1415 2995 1487 μαρτυρίαν
3025 1417 3074 1468 οἱ
3101 1414 3257 1469 αὐτοὶ
3288 1413 3544 1483 λέγοντες,
3573 1414 3642 1466 ὅτι
3666 1415 3747 1484 Οὐχ

2217 1509 2380 1578 ὁρᾷς,
2438 1508 2515 1572 ὡς
2570 1504 2724 1561 εἶπεν
2785 1511 2816 1562 6
2878 1507 3092 1580 Σωτὴρ,
3154 1510 3258 1561 Ὃν
3314 1507 3529 1576 τρόπον
3588 1506 3748 1574 ﬁge-oce

2220 1597 2488 1668 Μωῦσῆς
2525 1600 2633 1654 τὸν
2660 1599 2800 1669 ὄφιν
2835 1600 2907 1654 ὲν
2933 1599 3006 1670 τῇ
3024 1599 3244 1670 ἐρήμῳ,
3271 1599 3462 1665 οὕτως
3493 1599 3746 1666 ὑψωθῆναι

2218 1685 2316 1740 δεῖ
2344 1687 2454 1740 τὸν
2495 1687 2634 1741 Υιὸν
2670 1688 2778 1742 τοῦ
2825 1688 3180 1757 ἀνθρώπου;
3205 1688 3317 1742 Καὶ
3348 1687 3432 1741 διὰ
3452 1687 3595 1741 τοῦτο
3619 1688 3693 1740 καὶ
3708 1689 3749 1739 ὲν

2218 1778 2364 1850 ἄλλῳ
2382 1779 2554 1850 τόπῳ,
2593 1780 2751 1850 φασὶ,
2783 1781 2932 1850 λέγει
2959 1781 2979 1812 ⁸
3003 1819 3018 1845 ,
3053 1781 3134 1834 ὅτι
3166 1781 3422 1834 Γίνεσθε
3447 1779 3750 1850 φρόνιμοιὼς

517 1877 666 1924 runt.
699 1868 890 1924 Nonne
915 1871 1086 1935 vides,
1119 1871 1394 1942 inquiunt,
1421 1873 1494 1926 ita
1538 1872 1924 1942 pronuntiasse
1952 1869 2111 1926 Chri-

2219 1874 2252 1924 ὀ
2291 1869 2448 1939 ὄφις,
2520 1871 2622 1928 καί
2671 1870 2938 1940 ἀκέραιοι
2973 1871 3056 1938 ὡς
3092 1871 3456 1940 περιστεραί.
3486 1871 3585 1924 Καὶ
3618 1869 3671 1923 τὰ
3695 1870 3748 1931 eL;

517 1969 664 2017 stum
705 1966 854 2028 :Que
892 1963 1048 2018 modo
1081 1966 1331 2020 exultavit
1366 1963 1577 2034 Moyses
1622 1971 1913 2034 serpentem
1943 1963 1996 2016 in
2020 1961 2115 2016 de-

514 2067 679 2121 serto,
739 2054 818 2108 ita
858 2056 1091 2109 exaltari
1137 2066 1340 2124 oportet
1403 2055 1606 2112 Filium
1651 2058 1880 2111 hominis
1912 2057 1944 2112 ἓν
1977 2057 2120 2111 Pro-

515 2155 699 2224 pterea
728 2155 782 2201 et
832 2147 940 2201 alio
988 2149 1110 2202 loco
1147 2149 1228 2205 sic
1260 2149 1506 2220 prmeipit
1544 2168 1556 2203 :
1589 2147 1776 2203 Estote
1827 2147 2112 2216 prudentes

2220 1958 2463 2030 σύμϐολα
2507 1960 2858 2024 διδασκαλίας
2915 1962 2978 2014 ὲκ
3039 1959 3176 2014 Θεοῦ
3241 1960 3425 2024 καλῶς
3478 1959 3749 2030 τεταγμένα,

2223 2044 2373 2105 οῦτοι
2447 2053 2527 2116 εἰς
2583 2053 2681 2124 τὴν
2742 2051 2952 2106 ἑαυτῶν
3008 2054 3253 2108 ἐπίνοιαν
3316 2053 3416 2126 τὴν
3453 2052 3749 2124 ὴπατημένην

2223 2144 2506 2215 φέρουσιν.

515 2248 571 2292 ut
600 2247 882 2308 serpentes,
915 2240 1244 2310 etsimplices
1275 2241 1412 2295 sicut
1446 2240 1704 2294 columbae
1737 2243 1780 2293 ³.
1817 2238 1909 2295 Sic
1943 2239 2114 2310 igitur
2150 2238 2240 2295 isti
2273 2254 2412 2310 quas
2442 2237 2710 2308 imagines
2741 2251 2807 2292 ac
2830 2238 2988 2310 signa
3019 2235 3304 2294 caelestem
3375 2238 3443 2294 ad
3502 2237 3748 2294 doctrinam

514 2331 776 2399 praeclare
805 2331 946 2386 Deus
979 2331 1283 2398 transtulit,
1303 2348 1368 2386 ea
1407 2333 1476 2387 ad
1509 2333 1827 2404 dogmatum
1871 2346 2101 2387 suorum
2140 2330 2437 2387 falsitatem
2503 2330 2857 2386 asserendam
2893 2331 3240 2401 impudenter
3267 2331 3676 2387 accommodant.

586 2424 722 2480 Vill.
755 2424 1037 2496 Siquidem
1086 2426 1248 2482 Jesus
1299 2427 1555 2484 Christus
1601 2427 1864 2484 Dominus
1896 2435 2108 2491 noster,

515 2516 769 2586 idemque
801 2516 941 2573 Deus
980 2516 1243 2581 Verbum,
1277 2533 1306 2573 a
1338 2518 1497 2575 Patre
1525 2529 1652 2574 ante
1685 2522 1885 2576 saecula
1925 2522 2110 2576 omnia

512 2609 632 2662 sine
668 2607 941 2678 principio
982 2623 1045 2662 ac
1067 2611 1312 2678 tempore
1344 2609 1458 2664 ullo
1487 2611 1726 2681 genitus,
1761 2627 2108 2682 nequ-aquam

515 2706 602 2754 est
630 2715 881 2768 serpens,
918 2700 1109 2770 procul
1132 2701 1276 2755 absit
1305 2708 1362 2754 ut
1378 2701 1452 2755 ita
1477 2703 1801 2770 sentiamus,
1848 2704 1941 2759 sed
1977 2719 2110 2758 con-

512 2803 597 2846 tra
642 2803 953 2863 serpentem
1008 2791 1251 2848 advenit.
1289 2793 1391 2860 Qui
1429 2795 1476 2849 si
1503 2795 1834 2866 quandoque
1858 2796 2059 2852 dixerit
2092 2811 2104 2848 :

513 2885 698 2940 Estote
722 2884 1004 2954 prudentes
1040 2897 1095 2938 ut
1139 2898 1422 2955 serpentes,
1454 2896 1503 2940 et
1537 2888 1802 2956 simplices
1844 2889 1982 2942 sicut
2014 2904 2104 2941 co-

512 2976 724 3041 lumbw,
760 2976 888 3032 illud
911 2979 1252 3048 interrogare
1278 2993 1399 3042 nos,
1425 2994 1489 3036 ac
1506 2996 1837 3051 cognoscere
1863 2996 1962 3052 par
1995 2988 2100 3044 est,

510 3086 613 3124 cur
632 3071 721 3124 illa
749 3069 879 3135 duo,
903 3070 1212 3125 columbam
1246 3071 1458 3127 scilicet
1486 3087 1551 3128 ac
1583 3082 1911 3145 serpentem,
1941 3074 2103 3130 nobis

509 3161 830 3217 erudiendis
865 3163 1230 3232 proposuerit.
1280 3161 1502 3218 Nullum
1535 3165 1679 3219 enim
1722 3165 1778 3219 in
1822 3171 2098 3234 serpente,

510 3261 710 3322 praeter
735 3253 936 3324 duplex
985 3253 1140 3322 illud,
1175 3255 1481 3325 prudentia:
1509 3257 1786 3326 specimen
1827 3264 2054 3329 apparet
2088 3273 2100 3308 :

507 3347 746 3416 primum
798 3345 944 3416 quod
998 3348 1272 3418 appetitus
1299 3349 1368 3402 ab
1419 3349 1626 3418 aliquo,
1661 3363 1788 3402 cum
1833 3349 1888 3402 in
1928 3347 2108 3418 capite

505 3439 674 3490 vitam
725 3453 946 3492 omnem
997 3452 1176 3493 suam
1220 3438 1465 3493 residere
1511 3440 1732 3503 sentiat,
1763 3441 1913 3494 velut
1937 3439 2108 3494 inter-

506 3527 716 3580 dictum
753 3527 887 3580 illud
941 3527 1172 3595 veritus,
1209 3528 1356 3597 quod
1405 3535 1629 3598 prepter
1655 3529 1931 3584 hominem
1962 3528 2107 3585 Deus

414 3613 422 3621 ’
507 3618 636 3672 olim
667 3618 723 3672 in
758 3632 880 3672 sese
907 3619 1282 3688 pronuntiavit
1309 3639 1322 3674 :
1348 3619 1524 3690 Caput
1551 3621 1618 3674 ab
1652 3620 1773 3691 ipso
1805 3621 2104 3686 custodies,

506 3711 599 3765 ille
629 3725 660 3764 a
685 3718 738 3765 te
756 3711 1076 3764 calcaneum
1095 3711 1125 3741 ·³
1155 3729 1168 3765 :
1199 3718 1316 3764 toto
1342 3711 1397 3764 in
1427 3719 1593 3781 caput
1628 3709 1955 3781 complicato
1989 3726 2108 3765 cor-

505 3816 663 3872 pore,
705 3800 950 3871 illudque
995 3810 1285 3872 protegens
1324 3809 1379 3858 et
1415 3803 1723 3870 occultans,
1751 3818 1966 3858 summa
1995 3802 2108 3857 cal-

507 3893 724 3948 liditate
756 3894 1031 3964 reliquum
1066 3909 1268 3964 corpus
1309 3895 1556 3965 opponit.
1596 3895 1689 3949 Sic
1735 3910 1836 3952 nos
1868 3897 2105 3966 unigena

506 3982 603 4039 Dei
655 3983 827 4039 Filius
875 3999 904 4038 a
951 3983 1115 4040 Patre
1171 4001 1523 4057 progressus,
1576 3986 1694 4042 sive
1739 3987 1896 4042 hoste
1920 4001 2105 4056 perse-

506 4087 732 4149 quente,
786 4080 924 4145 sive,
975 4079 1173 4149 quavis
1230 4080 1523 4152 ingruente
1577 4079 1911 4142 calamitate,
1947 4078 2103 4147 jubet

505 4182 692 4227 nostra
722 4174 906 4227 omnia
939 4171 1086 4228 ferro
1138 4187 1202 4228 ac
1235 4171 1469 4228 ﬂammis
1500 4173 2105 4244 exponere,solumque

505 4267 676 4321 tutari
722 4274 908 4336 caput,
966 4266 1072 4322 hoc
1102 4274 1187 4322 est
1233 4267 1461 4322 minime
1497 4266 1771 4337 abnegare
1792 4266 2098 4320 Christum.

507 4358 777 4424 Quoniam
810 4368 976 4429 caput
1019 4359 1201 4414 omnis
1231 4358 1335 4412 viri
1382 4368 1465 4414 est
1495 4358 1772 4422 Christus,
1806 4358 1891 4412 vir
1916 4366 2099 4412 autem

2291 2428 2374 2481 [Γ.
2414 2423 2472 2481 Ὀ
2499 2426 2610 2497 γὰρ
2643 2425 3020 2498 Κύριοςήμῶν
3053 2427 3260 2498 Ἰησοῦς
3291 2428 3520 2498 Χριστὸς
3548 2427 3630 2480 καὶ
3654 2424 3750 2485 Θεὸς

2218 2519 2412 2586 Λόγος,
2444 2519 2472 2570 6
2497 2519 2563 2570 ὲκ
2595 2518 2810 2589 Πατρὸς
2851 2517 2958 2590 πρὸ
3003 2519 3222 2572 πάντων
3247 2518 3360 2572 τῶν
3397 2518 3596 2572 αἰώνων
3623 2517 3752 2585 ἀνάρ-

2216 2629 2326 2683 χως
2364 2611 2460 2666 καὶ
2506 2611 2754 2684 ἀχρόνως
2777 2597 3088 2681 γεννηθεὶς,
3133 2609 3234 2662 οὐκ
3267 2609 3413 2678 ὄφις,
3463 2609 3532 2681 μὴ
3559 2606 3745 2676 γένοιτοε

2215 2703 2350 2758 ἀλλὰ
2393 2704 2539 2757 κατὰ
2567 2702 2660 2756 τοῦ
2725 2704 2904 2773 ὄφεως
2961 2701 3126 2765 αὐτὸς
3157 2696 3346 2772 ἦλθεν.
3394 2700 3515 2754 Ἐὰν
3550 2699 3602 2752 δὲ
3639 2697 3752 2769 εἴπῃ·

2215 2796 2475 2849 Γίνεσθε
2511 2794 2789 2863 φρόνιμοι
2837 2795 2919 2858 ὡς
2955 2795 2988 2848 ό
3031 2792 3189 2862 ὄφις,
3221 2791 3324 2846 καί
3350 2790 3600 2859 ἀκέραιοι
3623 2787 3689 2852 ὡς
3710 2787 3752 2839 al

2211 2887 2588 2955 περιστεραί·
2635 2885 2715 2938 δεῖ
2752 2887 2903 2957 ἡμᾶς
2932 2886 3145 2958 ἐρωτᾷν
3179 2886 3276 2938 καὶ
3311 2884 3609 2953 γινώσκειν,
3629 2878 3700 2933 διὰ
3716 2877 3751 2928 τί

2205 2980 2278 3034 τὰ
2308 2980 2402 3034 δύο
2430 2979 2602 3035 ταῦτα
2631 2979 2902 3051 πρόσωπα
2931 2980 3061 3049 ἡμῖν
3087 2979 3170 3041 εἰς
3206 2975 3556 3032 διδασκαλίαν
3575 2985 3752 3042 mpm-

2212 3074 2410 3144 ήγαγε,
2463 3075 2562 3144 τῆς
2601 3088 2660 3126 τε
2697 3073 3031 3143 περιστερᾶς
3059 3071 3157 3124 καὶ
3183 3069 3282 3122 τοῦ
3309 3069 3502 3138 δφεως.
3543 3064 3682 3119 Οὐδὲν
3710 3061 3749 3113 δὲ

2210 3168 2270 3220 ὲν
2307 3165 2384 3236 τῷ
2414 3165 2535 3235 ὕφει
2565 3163 2830 3235 φρόνιμον
2875 3163 3015 3236 πλὴν
3047 3160 3143 3216 δύο
3177 3161 3426 3215 τούτων·
3483 3161 3560 3213 ὅτι
3602 3159 3650 3210 ὲν
3697 3149 3751 3222 τῷ

2208 3256 2500 3310 διώκεσθαι
2529 3253 2836 3323 γινώσκων,
2871 3253 2954 3306 ὅτι
2983 3254 3042 3306 ὲν
3063 3255 3130 3324 τῇ
3151 3250 3368 3323 κεφαλῇ
3401 3246 3561 3304 αὑτοῦ
3588 3249 3617 3318 ἡ
3639 3244 3750 3298 πᾶσι

2211 3349 2326 3418 ζωὴ
2360 3346 2529 3401 αὑτοῦ
2559 3333 2839 3416 τυγχάνει,
2869 3346 2965 3399 καλ⁵
3008 3341 3196 3406 δεδιὼς
3224 3343 3327 3414 τὴν
3362 3341 3624 3412 ἀνωτέραν
3653 3334 3750 3407 πρὸς

2210 3441 2373 3497 αὑτὸν
2437 3439 2738 3511 εἰρημένην
2788 3437 2898 3492 ἀπὸ
2952 3435 3047 3490 τοῦ
3078 3435 3216 3489 Θεοῦ
3262 3436 3354 3490 διὰ
3387 3435 3478 3489 τὸν
3521 3431 3753 3498 ἄνθρωπον

2209 3530 2550 3604 προσταγὴν,
2586 3531 2668 3583 δτι
2707 3527 2969 3594 Φυλάξεις
3000 3525 3170 3580 αὑτοῦ
3223 3525 3490 3598 κεφαλὴν,
3540 3521 3677 3582 αὐτὸς
3708 3515 3750 3568 δέ

2211 3641 2304 3677 σου
2335 3623 2601 3694 πτέρνανο
2633 3622 2755 3675 ὅλον
2781 3620 2840 3673 τὸ
2867 3619 3028 3690 σῶμα
3056 3618 3352 3688 ὲνειλήσας·
3381 3618 3475 3670 ἐπὶ
3509 3614 3597 3686 τὴν
3617 3625 3749 3677 κεφα-

2207 3714 2305 3787 λὴν
2329 3713 2517 3778 αὑτοῦ,
2543 3713 2778 3784 κρύπτει
2833 3710 2935 3783 μὲν
2963 3711 3023 3764 τὸ
3061 3711 3291 3782 κρανίον
3318 3707 3534 3770 ἑαυτοῦ,
3572 3699 3751 3774 παραδί-

2205 3807 2338 3862 δωσι
2368 3807 2425 3861 δὲ
2442 3807 2502 3861 τὸ
2531 3806 2659 3862 ἄλλο
2683 3805 2847 3876 σῶμα
2875 3806 2934 3858 ὲν
2956 3802 3233 3876 ὑπερϐολῇ
3259 3799 3610 3874 πανουργίαξ.
3634 3794 3750 3848 Οὒτω

2205 3901 2353 3954 ϐέλει
2389 3901 2538 3971 ἡμᾶς
2568 3901 2598 3953 6
2630 3897 2926 3970 μονογενὴς
2951 3897 3084 3962 Θεὸς
3117 3898 3146 3950 6
3173 3898 3240 3950 ὲκ
3269 3895 3489 3966 Πατρὸς
3525 3885 3750 3964 προελθὼν

2205 3994 2264 4046 ἐν
2287 3991 2466 4063 καιρῷ
2495 3991 2741 4062 διωγμοῦ
2777 3989 2873 4044 καὶ
2903 3991 2960 4042 ὲν
2981 3985 3162 4066 καιρῷ
3185 3984 3498 4058 πειρασμοῦ
3523 3983 3586 4037 τὰ
3615 3980 3750 4032 πάντα

2205 4083 2364 4156 ἡμῶν
2392 4080 2748 4155 παραδιδόναι
2785 4081 3035 4154 μαχαίρᾳ
3085 4096 3147 4132 τε
3179 4079 3276 4133 καὶ
3322 4077 3482 4146 πυρὶ,
3514 4071 3752 4143 φυλάττειν

2203 4177 2262 4230 δὲ
2295 4174 2505 4229 ἑαυτῶν
2535 4174 2636 4245 τὴν
2665 4172 2932 4244 κεφαλὴν,
2965 4171 3215 4226 τουτέστι
3244 4169 3483 4242 Χριστὸν
3525 4165 3596 4239 μὴ
3621 4159 3752 4232 ἀρνεῖ-

2205 4267 2351 4324 σθαι..
2396 4265 2728 4338 Ἐπειδήπερ
2757 4264 2968 4335 κεφαλὴ
2991 4263 3194 4326 παντὸς
3220 4262 3514 4335 ἀνθρώπου
3543 4251 3750 4328 Χριστῦς.

2204 4354 2420 4425 κεφαλὴ
2439 4355 2496 4408 δὲ
2510 4353 2768 4422 γυναικὸς
2796 4356 2826 4407 6
2849 4354 3011 4425 ἀνὴρ,
3033 4352 3246 4422 κεφαλὴ
3261 4352 3319 4406 δὲ
3335 4347 3568 4423 Χριστοῦ
3593 4348 3618 4400 6
3635 4339 3748 4401 Θεὸς.

504 4451 754 4506 mulieris
814 4457 980 4520 caput
1032 4459 1139 4513 est,
1193 4456 1359 4519 caput
1405 4463 1536 4503 vero
1583 4448 1790 4504 Christi
1833 4447 2000 4513 Deus,
2038 4453 2099 4501 ut

2214 4448 2346 4504 κατὰ
2376 4447 2468 4502 τὸν
2495 4447 2838 4500 Ἀπόστολον.
2869 4446 3100 4516 Ἕτερον
3126 4444 3290 4500 πάλιν
3315 4444 3429 4514 ἔχει
3463 4434 3751 4513 φρονιμώτα-

504 4543 803 4610 Apostolus
856 4541 1098 4626 loquitur
1129 4540 1171 4595 ".
1205 4539 1352 4595 Inest
1396 4555 1523 4595 vere
1555 4550 1609 4594 et
1635 4540 1870 4595 alterum
1901 4542 1959 4594 in
1986 4554 2100 4595 ser-

2214 4557 2294 4596 rov
2327 4541 2438 4612 (47)
2480 4542 2509 4594 6
2546 4540 2689 4609 δφις,
2723 4539 2799 4604 ὥς
2830 4557 2994 4609 φασιν
3030 4540 3081 4592 οἱ
3114 4537 3426 4610 φυσιολόγοι
3459 4533 3582 4605 περὶ
3595 4526 3748 4631 τούτου

502 4642 668 4703 ponte
699 4617 1005 4703 prudentiae
1039 4649 1233 4704 genus,
1266 4640 1327 4687 ut
1357 4633 1427 4688 de
1449 4647 1516 4687 eo
1550 4631 1854 4703 physiologi
1895 4638 2096 4688 testan-

2214 4632 2294 4687 τοῦ
2339 4631 2501 4698 ζὼου.
2538 4631 2711 4687 Ὅταν
2736 4631 2848 4701 γὰρ
2879 4629 3111 4701 διψήσας
3143 4628 3254 4683 ἀπὸ
3288 4627 3388 4680 τοῦ
3422 4621 3618 4695 φωλεοῦ
3647 4630 3751 4685 προ-

503 4739 618 4784 tur.
649 4726 789 4782 Cum
827 4726 974 4781 enim
1021 4742 1052 4782 e
1097 4740 1262 4782 cavea
1297 4725 1494 4780 sitiens
1531 4725 1601 4779 ad
1630 4740 1829 4795 aquam
1872 4724 2096 4780 bibendi

2214 4726 2347 4779 ἔλθοι
2381 4725 2474 4778 ἐπί
2495 4741 2547 4777 τι
2583 4723 2730 4795 ὕδωρ
2764 4723 2852 4775 ἵνα
2890 4722 3012 4793 πίῃ,
3037 4721 3099 4774 οὐ
3125 4714 3648 4791 συμπαραλαμϐάνει
3683 4704 3751 4757 τὸν

503 4819 681 4890 gratia
735 4819 1000 4889 prorepit,
1042 4819 1194 4874 virus
1242 4833 1429 4873 secum
1466 4831 1574 4871 non
1602 4816 1768 4887 275
1797 4814 1974 4881 ell'ert,
2000 4816 2096 4873 sed

2214 4816 2285 4870 ἱὸν
2320 4814 2442 4886 μεθ’
2477 4811 2693 4877 ἑαυτοῦ,
2722 4811 2858 4865 ἀλλὰ
2912 4811 2971 4864 ὲν
3008 4808 3088 4880 τῷ
3134 4807 3329 4879 φωλεῷ
3367 4799 3749 4873 καταλιμπάνει·

502 4910 733 4967 latibulo
761 4911 1015 4980 relinquit
1040 4925 1055 4971 ;
1088 4910 1274 4980 itaque
1298 4909 1366 4964 ad
1395 4916 1584 4979 potum
1612 4907 1915 4979 egreditur.

2214 4906 2304 4960 καὶ
2335 4903 2510 4966 οὕτως
2537 4901 2708 4956 ἐλθὼν
2737 4900 3007 4972 λαμϐάνει
3038 4899 3278 4969 τὸ,πόμα
3312 4897 3422 4950 τῶν
3444 4895 3653 4950 ὑδάτων.
3717 4977 3726 4992 1

575 5003 733 5071 Quod
765 5004 984 5074 quidem
1038 5003 1198 5058 nobis
1241 5001 1569 5057 imitandum
1615 5000 1942 5071 proponitur
1983 5017 1999 5054 :
2042 5006 2102 5054 ut

2272 4998 2384 5052 Καὶ
2403 4996 2558 5052 αὐτοὶ⁸
2582 4991 2677 5049 οῦν
2706 4993 2866 5048 τοῦτο
2901 4990 3298 5065 μιμησώμεθα,
3339 4990 3448 5052 ἵνα,
3475 4989 3596 5041 ὅταν
3619 4984 3752 5081 ἐρχιξι-

502 5115 628 5154 cum
666 5097 736 5151 ad
790 5105 1038 5153 sanctam
1076 5094 1172 5150 Dei
1209 5095 1513 5152 Ecclesiam
1556 5093 1752 5149 orandi
1784 5093 1984 5164 gratia,
2013 5091 2100 5147 vel

2214 5089 2346 5162 μεθα
2371 5089 2465 5142 ἐπὶ
2500 5088 2601 5160 τὴν
2647 5087 2808 5156 ἁγίαν
2837 5085 2932 5140 τοῦ
2967 5083 3105 5139 Θεοῦ
3157 5081 3506 5153 Ἐκκλησίαν,
3530 5078 3562 5149 ῆ
3589 5077 3658 5136 εἰς

502 5191 572 5245 ad
607 5188 927 5260 usurpanda
1010 5187 1106 5243 Dei
1162 5190 1422 5259 mysteria
1469 5187 1852 5248 convenimus,
1885 5185 2097 5240 nullum

2214 5158 2319 5254 ξὴν,
2355 5181 2389 5252 ἢ
2420 5184 2499 5245 εἰς
2521 5158 2593 5234 τὰ
2632 5180 2729 5236 τοῦ
2770 5177 2908 5233 Θεοῦ
2935 5178 3233 5250 μυστήρια,
3267 5175 3345 5247 μὴ
3395 5174 3636 5243 φέρωμεν
3659 5158 3738 5260 μεθ

505 5256 795 5338 nobiscum
839 5282 1044 5349 scelus,
1087 5256 1422 5351 voluptatem
1468 5279 1700 5346 nullam,
1750 5277 1931 5334 nullas
1965 5292 2092 5332 cum

2214 5274 2406 5329 ;αυτῶν
2437 5274 2660 5340 κακίαν,
2691 5273 2724 5344 ἢ
2774 5271 2990 5342 ἡδονὴν,
3037 5270 3071 5340 ἢ
3115 5267 3338 5340 ἔχθραν,
3374 5267 3409 5337 ἦ
3437 5283 3489 5318 τι
3519 5262 3683 5356 iis?”
3701 5256 3749 5356 ἓν

505 5387 776 5446 quoquam
810 5376 1137 5436 simultates,
1173 5373 1384 5428 nullum
1413 5373 1651 5444 denique
1684 5372 1740 5426 in
1765 5370 1966 5425 animis
1993 5384 2094 5423 no-

2214 5371 2312 5432 ταῖς
2340 5367 2602 5431 διανοίαις
2632 5363 2834 5420 αὐτῶν.
2875 5364 3030 5418 Ἐπεὶ
3059 5362 3177 5427 πῶς
3203 5361 3270 5415 ἂν
3303 5358 3518 5430 ἔχωμεν
3552 5355 3749 5408 δυνατῶς

583 5530 598 5559 ¹
625 5531 784 5586 Joan.
814 5549 897 5600 ιιι,
928 5535 1016 5590 14.
1095 5536 1115 5566 ³
1147 5533 1340 5589 Matth.
1372 5551 1426 5599 ι,
1459 5532 1546 5588 16.
1623 5533 1644 5564 ⁸
1671 5531 1808 5587 Gen.
1842 5547 1929 5597 ιιι,
1969 5529 2059 5586 16.

2236 5532 2364 5585 Cor.
2390 5545 2470 5596 XI,
2497 5530 2582 5585 l3.
2664 5529 2686 5560 '
2724 5546 2814 5600 γρ.
2851 5527 3000 5597 λέγει
3031 5524 3215 5596 φασίν.

580 5689 690 5758 (47)
731 5693 976 5761 Ἕτερον
1009 5693 1195 5748 πάλιν
1233 5693 1358 5760 ἔχει
1394 5690 1860 5760 φρονιμὼτητος.
1888 5687 2078 5744 Ambr.

2214 5688 2394 5743 'ontem
2432 5687 2624 5761 evomit
2654 5703 2904 5761 venenum
2931 5704 3110 5761 suum,
3141 5697 3190 5742 et
3215 5696 3398 5757 postea
3436 5681 3578 5756 bibjt.
3599 5673 3747 5761 λιι-ιι

505 5745 686 5833 Serm;
724 5763 779 5815 in
817 5745 918 5833 [ἐν.
963 5745 1018 5816 ιι
1047 5745 1169 5831 post
1215 5745 1370 5816 03m.
1394 5745 1628 5827 i'Qua'd.
1662 5745 1921 5833 :Serpens
1962 5775 2081 5813 cum
2190 5745 2285 5833 nos
2317 5759 2531 5828 quando
2553 5760 2622 5811 ad
2654 5758 2826 5813 altare
2851 5759 2946 5813 Dei
2979 5745 3432 5812 cominuriicaturx
3465 5745 3742 5806 accedimus:

505 5831 697 5884 uenerit
723 5834 791 5888 ad
817 5828 1097 5901 bibendum
1134 5834 1346 5901 aquam,
1374 5834 1684 5900 priusquam
1721 5831 1884 5897 bibat,
1926 5840 2080 5886 extra
2189 5828 2513 5898 deponamus
2551 5845 2799 5884 venenum
2839 5835 3147 5898 pessimum,
3178 5840 3283 5886 etc.
