3934 6432
205 399 323 459 353

824 392 1199 451 ADVERSUS
1236 389 1584 449 HERESES
1621 385 1752 443 LIB.
1793 384 1832 443 1.
1875 383 2042 443 ΤΟΜ.
2079 384 2168 441 III.
2210 417 2281 427 —
2320 383 2600 441 IIAZRES.
2641 382 2928 442 XXXVIII.

3409 387 3518 443 om

207 515 313 570 καὶ
341 514 443 586 τὴν
481 510 814 584 περιστερὰν
834 491 1217 582 μιμήσασθαι,
1249 509 1326 581 μὴ
1353 507 1512 572 ἐκτὸς
1534 505 1820 576 γενόμενοι

1939 504 2057 560 stris
2130 500 2500 573 improbitatis
2554 501 2848 572 vestigium
2924 500 3238 557 efferamus.
3300 501 3520 572 Alioqui

210 606 413 671 κακίας
434 624 448 671 ;
482 604 659 661 καίτοι
679 621 744 674 γε
781 602 875 656 τοῦ
902 602 1095 670 γένους
1117 601 1217 671 τῆς
1242 600 1571 671 περιστερᾶς
1592 599 1652 651 έν
1680 594 1821 650 πολε

209 700 329 763 λοῖς
351 699 676 772 πράγμασιν
728 697 829 750 οὐκ
871 693 1290 766 ἐπαινουμένου.
1353 691 1677 746 Ἀκόλαστον
1711 687 1821 760 γὰρ

210 790 378 858 γένος
421 788 777 861 περιστερᾶς,
822 786 918 841 καὶ
960 780 1290 855 πολυμιξίας
1331 782 1407 854 μὴ
1442 779 1823 851 ἀνακοπτόμε-

220 897 333 942 ιον,
364 880 561 948 λάγνον
601 895 662 931 τε
712 877 808 932 καὶ
838 876 960 931 καθ’
992 873 1146 947 ὥραν
1183 874 1349 945 ἠδονῇ
1385 870 1822 945 προσανακειμε-

209 988 334 1030 νον.
383 970 528 1043 Πρὸς
553 970 610 1024 δὲ
644 969 855 1034 τούτοις
887 968 1076 1024 ἄτονον
1107 968 1204 1022 καὶ
1246 965 1499 1038 βληχρόν.
1532 963 1632 1018 Διά
1675 963 1734 1016 δὲ
1760 963 1822 1017 τὸ

218 1067 437 1123 ἄκακον
456 1062 552 1117 καὶ
587 1061 948 1134 μακρόθυμον
993 1059 1089 1114 καὶ
1121 1059 1505 1131 ἀμνησίκακον
1527 1055 1622 1112 τοῦ
1655 1055 1817 1121 ζῴου,

216 1157 307 1211 ἔτι
341 1155 447 1228 μὴν
474 1155 571 1210 καὶ
595 1155 681 1209 διὰ
712 1153 777 1208 τὸ
826 1154 884 1208 ἐν
915 1152 1046 1206 εἴδει
1090 1151 1423 1223 περιστερᾶς
1460 1146 1733 1223 πεφάνθαι
1762 1145 1822 1201 τὸ

219 1247 382 1316 ἅγιον
435 1244 681 1316 Πνεῦμα,
721 1244 1064 1317 μιμήσασθαι
1110 1245 1259 1316 ἡμᾶς
1303 1241 1551 1314 βούλεται
1594 1242 1626 1295 ὁ
1677 1240 1821 1304 θεῖος

217 1338 384 1408 λόγος
421 1338 515 1393 τοῦ
569 1338 726 1408 ἁγίου
762 1339 1083 1410 Πνεύματος
1124 1336 1225 1409 τὴν
1275 1335 1550 1407 βούλησιν,
1594 1334 1689 1388 καὶ
1719 1334 1820 1405 τῆς

221 1432 441 1485 ἀκάκου
494 1431 827 1503 περιστεράς
870 1429 972 1502 τὴν
1011 1428 1268 1494 ἀκακίαν,
1317 1427 1478 1491 ὄντας
1525 1425 1626 1498 μὲν
1669 1427 1820 1498 ἡμᾶς

223 1523 529 1595 φρονίμους
567 1523 647 1585 είς
676 1521 739 1574 τὸ
769 1519 995 1589 ἀγαθὸν,
1020 1518 1312 1589 ἀκεραίους
1344 1516 1401 1570 δὲ
1426 1518 1507 1579 είς
1536 1514 1597 1569 τὸ
1624 1514 1816 1569 κακόν.

223 1621 342 1673 Καὶ
377 1618 598 1673 λέλυται
641 1620 675 1689 ἠ
715 1617 921 1671 τούτων
968 1616 1120 1669 πᾶσα
1159 1612 1594 1686 δραματουργία.
1642 1609 1820 1675 Εὐθὺς

220 1714 340 1783 γάρ
376 1714 405 1765 ὁ
430 1711 583 1780 ἁγιος
625 1709 947 1776 Ἀπόστολος
971 1708 1033 1762 τὸ
1063 1707 1369 1778 πανοῦργον
1401 1705 1494 1759 καὶ
1534 1702 1820 1757 ἐπίϐουλον

222 1805 331 1874 οὐχ
352 1802 593 1876 ὁρίζεται
623 1799 1052 1872 περισσοτέρως,
1096 1796 1235 1851 ἀλλά
1275 1796 1415 1850 κατὰ
1448 1795 1541 1849 τοῦ
1570 1794 1818 1849 διαϐόλου

1932 594 2207 666 quomodo
2226 594 2536 649 columbam
2563 594 2926 660 imitabimur,
2957 594 3062 651 nisi
3097 594 3319 649 malitia:
3345 594 3520 649 simus

1929 693 2221 764 expertes?
2250 690 2575 762 Quanquam
2605 707 2780 763 genus
2814 691 2948 747 illud
2994 692 3177 746 avium
3227 706 3338 745 non
3371 690 3519 744 omni

1926 800 1996 840 ex
2044 792 2200 855 parte
2246 783 2522 839 laudabile
2552 784 2642 839 sit.
2676 783 2774 840 Est
2819 785 2966 839 enim
3003 783 3336 854 propensius
3364 782 3422 836 in
3454 781 3517 836 li-

1927 876 2192 944 bidinem,
2215 892 2280 931 ac
2308 875 2458 931 coitu
2484 874 2828 946 frequentius
2847 877 3040 940 utitur,
3078 882 3266 945 utpote
3291 873 3518 930 salacis-

1929 970 2130 1025 simum
2190 976 2242 1024 et
2280 969 2669 1039 voluptuosum
2717 968 2943 1026 animal.
2994 970 3148 1025 Adde
3180 968 3518 1024 imbecillum

1927 1068 1982 1116 et
2032 1061 2313 1131 ignavum.
2366 1059 2474 1117 Sed
2501 1061 2648 1132 quod
2694 1061 2834 1117 idem
2886 1062 3114 1119 minime
3147 1062 3351 1117 malum
3377 1101 3393 1127 ,
3417 1074 3514 1130 pa-

1928 1153 2181 1224 tiensque
2212 1153 2305 1218 sit,
2337 1168 2437 1209 nec
2461 1153 2680 1224 injuriae
2703 1155 3032 1219 meminerit,
3061 1163 3176 1209 tum
3215 1168 3344 1210 vero
3371 1152 3517 1225 quod

1926 1242 2193 1298 columbae
2209 1243 2393 1313 specie
2407 1242 2644 1313 Spiritus
2666 1252 2893 1301 sanctus
2917 1243 3261 1316 apparuerit;
3282 1243 3517 1314 idipsum

1927 1334 2073 1405 quod
2111 1333 2341 1405 Spiritui
2369 1344 2565 1391 saneto
2594 1342 2809 1407 gratum
2842 1351 2907 1391 ac
2952 1335 3259 1406 jucundum
3295 1340 3401 1399 est,
3434 1334 3512 1388 in-

1928 1427 2180 1483 nocentis
2230 1427 2500 1483 columba:
2557 1428 2966 1499 simplicitatem
3020 1428 3225 1482 imitari
3272 1443 3375 1484 nos
3424 1425 3518 1482 Dei

1927 1518 2168 1575 Verbum
2206 1519 2516 1586 admonuit,
2550 1531 2613 1577 ut
2645 1521 2790 1593 quod
2817 1520 2884 1576 ad
2918 1521 3122 1576 bonum
3149 1521 3363 1583 attinet,
3389 1536 3520 1591 pru-

1926 1612 2118 1671 dentes
2142 1621 2197 1670 et
2221 1614 2428 1679 callidi,
2461 1614 2530 1670 ad
2570 1616 2776 1671 malum
2810 1629 2942 1671 vero
2974 1615 3253 1685 simplices
3281 1630 3405 1671 esse
3440 1615 3513 1668 vi-
3600 1632 3621 1647 κ

1927 1706 2177 1763 deamur.
2202 1705 2321 1773 Qua
2345 1708 2559 1763 ratione
2592 1706 2773 1763 omnis
2796 1707 3015 1763 illorum
3042 1706 3379 1762 machinatio
3409 1705 3521 1761 dis-

1928 1799 2181 1854 solvitur.
2242 1797 2378 1852 Nam
2403 1807 2457 1853 et
2504 1799 2804 1868 Apostolus
2829 1800 3216 1855 veteratoriam
3254 1798 3521 1855 callidita-

224 1898 329 1950 καὶ
349 1894 443 1949 τοῦ
477 1894 675 1964 ὄφεως.
699 1893 875 1962 λέγων
898 1909 912 1923 ·
944 1889 1242 1962 Φοϐοῦμαι
1273 1889 1342 1944 δὲ
1382 1889 1471 1959 μή
1511 1904 1656 1956 πως,
1683 1889 1763 1955 ὡς
1792 1893 1825 1944 ὁ

1939 1897 2039 1944 tem
2066 1898 2119 1944 et
2145 1889 2409 1943 malitiam
2443 1889 2900 1946 abundantiorem
2936 1890 3072 1945 nulli
3103 1904 3268 1960 quam
3303 1887 3521 1944 diabolo

227 1990 370 2060 ὄφις
422 1987 739 2056 ἠπάτησεν
779 1986 968 2050 Εὕαν,
1007 1985 1078 2038 ἐν
1120 1982 1196 2053 τῇ
1245 1983 1583 2053 πανουργίᾳ
1608 1982 1819 2048 αὐτοῦ,

226 2078 434 2150 φθαρῇ
461 2077 534 2134 τὰ
565 2079 839 2149 νοήματα
854 2074 1024 2146 ὑμῶν
1051 2074 1171 2131 ἀπὸ
1215 2074 1329 2143 τῆς
1360 2073 1703 2143 ἁπλότητος
1724 2073 1825 2126 καὶ

226 2170 476 2240 ἁγνείας
508 2169 766 2239 Χριστοῦ
797 2168 896 2224 καὶ
917 2167 1330 2235 δικαιοσύνης.
1375 2166 1558 2238 Ὁρᾷς,
1590 2165 1665 2229 ὡς
1701 2163 1824 2235 φθο-

232 2261 338 2331 ράν
374 2260 653 2332 ἀπέφηνεν
683 2263 711 2314 ὀ
756 2260 1102 2326 ’Δπόστολος,
1130 2261 1224 2314 καὶ
1254 2258 1591 2329 πανουργίαν
1619 2257 1821 2330 δεινὴν,

228 2353 332 2406 καὶ
357 2351 576 2424 ἀπάτην
630 2351 699 2406 τὰ
728 2352 833 2407 sua
884 2351 979 2406 τοῦ
1025 2351 1203 2422 ὄφεως
1254 2351 1393 2423 πρὸς
1424 2351 1525 2424 τὴν
1546 2351 1691 2407 Εὔαν
1724 2369 1813 2405 πε-

228 2443 728 2515 πραγματευμένα,
752 2444 847 2499 καὶ
870 2443 972 2498 οὐκ
996 2443 1282 2499 ἐπαινετόν
1297 2460 1350 2497 τι
1366 2444 1519 2516 παρά
1540 2443 1632 2498 τοῦ
1657 2443 1823 2497 αὐτοῦ

229 2536 602 2607 γεγενημένον
639 2536 886 2603 ὑπέδειξε
908 2555 924 2604 ;

303 2625 382 2680 ϐ’.
416 2626 754 2699 Πανταχόθεν
771 2628 952 2681 τοίνυν
985 2627 1214 2699 φωρατὴ
1252 2631 1348 2683 καὶ
1380 2628 1662 2702 ἔκδηλοςὴ
1702 2629 1828 2683 τούκ

229 2734 345 2772 των
373 2717 527 2774 ἄνοιά
547 2720 664 2772 ἐστι
694 2721 861 2774 παντὶ
907 2720 983 2793 τῷ
1015 2721 1326 2793 βουλομένῳ
1369 2720 1568 2775 ειδέναι
1603 2719 1701 2792 τὴν
1729 2722 1828 2792 τῆς

229 2810 492 2882 ἀληθείας
523 2810 893 2875 διδασκαλίαν,
925 2812 1020 2865 καὶ
1063 2810 1381 2882 Πνεύματος
1413 2811 1568 2880 ἁγίου
1601 2810 1824 2881 γνῶσιν.

232 2903 358 2957 Ἵνα
380 2902 437 2957 δὲ
475 2903 549 2975 μὴ
580 2903 856 2957 άναλίσκω
882 2904 1092 2974 χρόνον,
1126 2904 1220 2957 καὶ
1254 2903 1457 2975 ταύτην
1476 2904 1829 2975 διασεισάμε-

234 3013 328 3059 νος
359 2996 456 3067 τὴν
485 2996 730 3068 χαλεπὴν
759 2996 854 3049 καὶ
888 2995 1155 3049 δύσπλουν
1193 2994 1287 3048 τοῦ
1328 2995 1597 3064 πελάγους
1634 2994 1826 3068 ζάλην,

233 3088 332 3142 ἐπὶ
372 3086 471 3150 τὰς
521 3084 714 3157 ἐτέρας
763 3084 1082 3149 θαλαττίους
1127 3084 1486 3156 ποντοπορίας
1526 3084 1587 3137 τὸ
1623 3085 1831 3154 σκάφος

232 3179 552 3249 ὁπλίσομαι,
584 3177 861 3248 ἐπιμελῶς
884 3179 1011 3240 τοὺς
1036 3174 1275 3248 αὐχένας
1304 3175 1521 3249 κρατῶν
1548 3177 1606 3230 ἐν
1635 3179 1700 3249 τῇ
1735 3175 1828 3230 τοῦ

1933 1994 1997 2035 ac
2025 1981 2267 2050 serpenti
2313 1980 2506 2035 tribuit
2543 1980 2790 2047 :Timeo,
2820 1980 3020 2052 inquit,
3045 1997 3108 2035 ue
3142 1981 3281 2034 sicut
3313 1994 3526 2048 serpens

1934 2073 2099 2129 Evam
2121 2072 2327 2129 seduxit
2350 2079 2552 2130 astutia
2590 2092 2711 2141 sua,
2759 2076 2834 2129 ita
2883 2082 3297 2144 corrumpantur
3341 2088 3524 2127 sensus

1934 2165 2108 2228 vestri,
2141 2172 2190 2219 et
2222 2163 2470 2219 excidant
2495 2183 2527 2219 a
2559 2165 2925 2236 simplicitate,
2956 2175 3005 2220 et
3035 2166 3283 2219 castitate
3326 2161 3525 2218 Christi

1932 2273 1995 2310 ac
2013 2255 2235 2326 justitia
2268 2256 2307 2310 ⁸.
2344 2255 2478 2312 Vide
2533 2266 2589 2311 ut
2619 2272 2740 2328 quae
2773 2265 2969 2313 contra
3002 2258 3170 2313 Evam
3209 2270 3239 2311 a
3275 2266 3525 2326 serpente

1933 2356 2144 2406 structa
2168 2358 2317 2414 sunt,
2364 2350 2736 2420 corruptelam
2762 2361 2816 2405 et
2844 2350 3239 2420 nequissimam
3268 2348 3527 2404 astutiam

1934 2454 1998 2495 ac
2027 2439 2274 2496 fraudem
2308 2439 2609 2510 Apostolus
2631 2454 2756 2495 esse
2790 2440 3128 2510 pronuntiet,
3172 2454 3349 2509 neque
3368 2436 3530 2494 laude

1934 2531 2160 2602 dignum
2196 2532 2477 2601 quidpiam
2501 2532 2570 2587 ab
2609 2531 2704 2585 illo
2732 2538 3107 2602 perpetratum
3133 2530 3377 2586 definiat.

2006 2620 2097 2675 IX.
2125 2621 2397 2688 Quocirca
2428 2621 2579 2678 omni
2601 2638 2665 2676 ex
2696 2610 2849 2693 parte
2882 2624 3099 2677 illorum
3132 2623 3530 2693 constringitur

1937 2730 2001 2771 ac
2029 2715 2341 2772 declaratur
2375 2716 2612 2771 amentia
2633 2760 2648 2785 ,
2686 2717 2731 2773 si
2760 2716 2886 2788 quis
2913 2716 3163 2773 veritatis
3196 2718 3530 2779 doctrinam,

1937 2822 2002 2861 ac
2029 2806 2270 2878 Spiritus
2299 2808 2476 2863 sancti
2502 2808 2792 2864 scientiam
2826 2809 2955 2864 velit
2982 2810 3282 2880 percipere.
3322 2807 3430 2865 Sed
3464 2824 3532 2863 ne

1940 2906 2155 2967 tempus
2190 2898 2331 2953 ultra
2357 2906 2662 2967 conteram,
2696 2899 2801 2954 hac
2848 2901 2998 2955 velut
3048 2899 3251 2955 difﬁcili
3292 2915 3354 2955 ac
3385 2900 3531 2971 peri-

1937 2986 2127 3041 culosa
2167 2987 2341 3059 pelagi
2383 2995 2709 3060 tempestate
2758 2989 3104 3058 perfunctus,
3155 2992 3415 3062 scapham
3461 2992 3529 3045 ad

1939 3079 2076 3136 alios
2096 3081 2503 3150 navigationum
2528 3097 2726 3138 cursus
2755 3082 3069 3152 expediam:
3092 3083 3229 3138 adeo
3262 3094 3322 3138 ut
3347 3084 3531 3140 fauces

1939 3173 2084 3243 ipsas
2108 3170 2351 3228 studiose
2382 3180 2619 3241 teneam,
2650 3174 2833 3229 divina
2856 3174 2929 3242 vi,
2961 3190 3025 3229 ac
3056 3184 3373 3231 sanctorum
3404 3191 3530 3247 pre-

234 3270 375 3324 Θεοῦ
405 3270 633 3341 δυνάμει
671 3270 764 3323 καὶ
804 3270 989 3341 εὐχαῖς
1016 3270 1208 3339 ἁγίων,
1240 3268 1388 3333 ὅπως
1420 3268 1828 3340 παραπλέοντες

1939 3267 2095 3322 cibus
2133 3264 2396 3334 conlisus,
2432 3274 2567 3322 utet
2594 3267 3087 3324 vehementesirati
3113 3268 3284 3325 maris
3311 3269 3529 3334 fluctus,

236 3359 701 3430 κατοπτεύσωμεν
721 3358 830 3413 τῶν
859 3358 1066 3431 ἀγρίων
1105 3358 1366 3429 κυμάτων
1402 3359 1502 3429 τὴν
1536 3358 1831 3430 κύρτωσιν,

235 3454 337 3510 καὶ
352 3453 459 3507 τῶν
487 3454 670 3518 ἐντοῖς
700 3453 962 3521 πελάγεσι
991 3451 1198 3523 θηρίων
1223 3452 1443 3506 ἰοϐόλων
1473 3451 1573 3517 τὰς
1593 3454 1832 3523 μορφάς.

240 3546 547 3618 Ἀπληκτοι
595 3547 652 3600 δὲ
684 3545 792 3600 ἀπὸ
842 3544 1252 3619 σμυραινώδους
1290 3544 1369 3598 ἰοῦ
1405 3546 1501 3599 καὶ
1549 3547 1832 3618 τρυγόνος,

237 3637 339 3691 καὶ
354 3636 670 3708 δρακαίνης,
692 3637 786 3691 καὶ
820 3636 1146 3717 καρχαρίου,
1179 3636 1275 3690 καὶ
1299 3636 1636 3709 σκορπαίνης
1663 3637 1836 3709 περᾶι⁹

240 3746 357 3796 σαι,
398 3729 492 3782 καὶ
527 3728 623 3782 τοῦ
676 3729 850 3784 εὐδίου
892 3728 994 3800 τῆς
1025 3728 1285 3800 ἀληθείας
1318 3728 1539 3800 λιμένος
1567 3729 1633 3782 δι’
1666 3730 1836 3801 εὐχῆς

240 3822 339 3877 καὶ
371 3822 581 3886 ἱκεσίας
606 3823 884 3901 ἐπιτυχεῖν
908 3822 1268 3895 δυνηθείημεν
1286 3838 1299 3851 °
1334 3822 1717 3895 πληρουμένου
1741 3825 1837 3893 καὶ

238 3917 301 3968 ἐν
346 3915 477 3985 ἡμῖν
528 3912 623 3967 τοῦ
658 3912 847 3985 ῥητοῦ,
876 3913 995 3979 τοῦ,
1031 3916 1095 3968 οι
1136 3914 1600 3980 καταϐαίνοντες
1619 3916 1707 3981 είς
1731 3913 1835 3969 θά-

236 4008 511 4073 λασσαν,
526 4004 633 4072 τὰς
649 4003 865 4074 ἀρετὰς
881 4004 989 4060 τοῦ
1016 4004 1240 4073 Κυρίου
1267 4003 1679 4074 διηγήσονται.
1718 4007 1833 4075 Ἐφ’

238 4096 439 4167 ἑτέραν
457 4097 634 4152 τοίνυν
653 4097 862 4170 ταύτην
895 4097 1129 4170 καθεξῆς
1153 4096 1252 4168 τὴν
1281 4097 1507 4169 πορείαν
1538 4100 1835 4169 ποιήσομαι

237 4189 381 4262 πρὸς
412 4189 683 4261 διήγησιν.

780 4305 971 4359 ΚΑΤΑ
1000 4303 1337 4370 ΚΑΙΑΝΩΝ,

375 4417 899 4490 Ὀκτωκαιδεκάτη,
923 4420 962 4489 ἡ
1002 4419 1102 4473 καί
1143 4414 1468 4487 τριακοστὴ
1500 4417 1706 4488 ὀγδόη.

315 4534 393 4587 A'.
428 4532 660 4588 Ka'iavof
683 4549 830 4596 τινες
842 4529 1221 4603 ὀνομάζονται,
1251 4530 1361 4585 ἀπὸ
1390 4529 1485 4584 τοῦ
1526 4530 1666 4587 Κάῖν
1692 4529 1837 4601 εἰλη-

1936 3367 2406 3414 etvenenatarum
2458 3358 2659 3415 ibidem
2707 3360 3007 3416 bestiarum
3054 3361 3268 3431 species
3310 3370 3531 3432 praeter-

1937 3450 2120 3507 eundo
2160 3451 2444 3506 videamus
2487 3469 2501 3506 :
2548 3451 2793 3521 nihilque
2827 3452 3227 3508 nobisinterim
3255 3468 3530 3508 muraena-

1937 3558 2083 3609 rum,
2112 3550 2207 3597 aut
2271 3536 2591 3613 pastinacae,
2628 3552 2722 3598 aut
2771 3545 3058 3611 dracaznae,
3104 3554 3199 3601 aut
3238 3548 3530 3612 carcharii,

1940 3636 2023 3691 vel
2075 3650 2372 3706 scorpaente
2414 3635 2573 3692 virus
2623 3637 2776 3692 exitii
2828 3635 3157 3694 afl‘erat:ac
3203 3638 3423 3696 demum
3466 3643 3533 3695 ad

1942 3729 2155 3784 felicem
2207 3729 2456 3798 veritatis
2507 3736 2730 3800 portum
2783 3730 3042 3800 precibus
3084 3740 3139 3786 et
3185 3733 3533 3789 orationibus

1939 3820 2065 3877 freti
2103 3821 2381 3892 navigium
2421 3822 2799 3892 appellamus;
2853 3830 2912 3877 ut
2953 3823 3068 3879 haec
3119 3826 3174 3879 in
3209 3826 3370 3881 nobis
3407 3841 3533 3881 vera

1938 3914 2104 3986 276
2162 3914 2236 3970 sit
2289 3912 2587 3986 Scriptum
2611 3915 2881 3971 sententia
2914 3934 2928 3970 :
2957 3917 3063 3983 Qui
3088 3920 3337 3989 navigant
3368 3937 3534 3984 mare,

1938 4008 2159 4062 virtutes
2196 4005 2430 4061 'Domini
2472 4016 2696 4061 narrant
2726 4009 2768 4061 ¹.
2796 3992 2880 4065 Ad
2918 4010 3145 4065 alteram
3178 4011 3346 4081 igitur
3381 4012 3537 4066 deiu-

1939 4113 2088 4169 ceps,
2131 4105 2190 4152 ut
2216 4097 2268 4153 id
2304 4114 2533 4155 narrare
2569 4100 2870 4170 possimus,
2898 4098 3297 4171 profectionem
3352 4103 3536 4157 acciu-

1940 4202 2139 4258 guttur.

2366 4298 2740 4356 ADVERSUS
2779 4300 3097 4369 CAIANOS,

2116 4410 2249 4478 Qua:
2273 4423 2351 4469 est
2383 4413 2598 4469 hteresis
2635 4414 2843 4471 XVIII
2870 4417 2974 4473 sive
3012 4417 3352 4474 XXXVIII.

2010 4530 2050 4585 I.
2088 4529 2195 4598 Qui
2223 4529 2414 4587 Caiani
2454 4531 2617 4604 vulgo
2656 4540 3066 4604 nuneupantur,
3106 4534 3337 4593 haeresin
3373 4551 3530 4592 suam

239 4625 406 4695 φὸτες
457 4623 558 4696 τὴν
608 4623 929 4695 ἐπωνυμίαν
964 4624 1066 4694 τῆς
1097 4624 1384 4696 αἱρέσεως.
1413 4617 1573 4679 Οὗτοι
1603 4623 1715 4695 γὰρ
1743 4622 1828 4676 τὸν

1945 4638 1974 4677 a
2014 4623 2188 4680 Caino
2217 4624 2701 4696 cognominarunt.
2745 4624 2905 4683 IIunc
2946 4629 3089 4684 enim
3127 4630 3446 4701 praedicant,
3477 4640 3534 4687 et

239 4716 386 4771 Ka't'iv
418 4715 724 4780 ἐπαινοῦσι,
758 4716 851 4770 καὶ
869 4715 1085 4785 πατέρα
1105 4716 1318 4770 ἑαυτῶν
1343 4715 1534 4771 τοῦτον
1558 4717 1836 4784 τάττουσι,

239 4807 341 4862 καὶ
357 4807 530 4873 αὐτοὶ,
568 4806 644 4871 ὡς
660 4807 857 4873 εἰπεῖν,
885 4807 962 4871 ὡς
992 4807 1100 4861 ἀπὺ
1132 4806 1398 4879 διαφορᾶς
1415 4808 1841 4872 ἐπαναστάσεως

239 4900 505 4971 κυμάτων
542 4897 877 4971 ὁρμώμενοι,
906 4898 1007 4952 οὐκ
1046 4898 1151 4967 ἔξω
1178 4898 1332 4964 ὄντες
1353 4898 1450 4953 τοῦ
1483 4898 1650 4953 αὐτοῦ
1676 4898 1839 4953 σάλου

241 4994 342 5048 καὶ
366 4992 670 5056 κλύδωνος*
695 4992 793 5047 καὶ
834 4992 911 5056 ὡς
955 4990 1066 5046 ἀπὸ
1083 4990 1434 5059 ἀκανθώδους
1467 4991 1598 5064 ὕλης
1635 4990 1842 5063 προκύς-

237 5089 464 5160 ψαντες,
497 5086 597 5139 οὐκ
637 5084 795 5148 ἐκτὸς
810 5083 964 5148 ὄντες
986 5083 1188 5147 παντὸς
1208 5081 1302 5136 τοῦ
1321 5082 1499 5154 σωροῦ
1526 5083 1635 5137 τῶν
1671 5084 1842 5138 ἀκαν-

239 5182 380 5247 θῶν,
414 5183 462 5235 εί
487 5182 581 5235 καὶ
606 5179 855 5251 διάφοροι
881 5176 962 5250 τῷ
982 5176 1210 5248 ὀνόματί
1243 5179 1401 5234 εἰσιν.
1431 5176 1712 5232 Ἀκανθῶν
1741 5177 1841 5248 μὲν

238 5275 358 5348 γάρ
382 5274 512 5345 γένη
541 5272 734 5339 πολλὰ,
765 5273 915 5344 ὅμως
934 5273 992 5325 ἐν
1022 5252 1194 5325 ἅπασι
1209 5270 1271 5323 τὸ
1300 5270 1574 5343 μοχθηρὸν
1596 5272 1698 5342 τῆς
1719 5288 1833 5325 κεν-

239 5366 486 5440 τρώδους
512 5365 727 5430 ἀδικίας
752 5364 986 5419 ἔνεστιν.

316 5454 475 5515 Οὗτοί
504 5475 637 5530 φασι
662 5458 752 5512 τὸν
782 5458 924 5512 Κάῖν
952 5458 1019 5512 ἐκ
1052 5456 1153 5528 τῆς
1180 5455 1532 5527 ἰσχυροτέρας
1553 5453 1835 5525 δυνάμεως

238 5554 513 5626 ὑπάρχειν
553 5551 777 5623 καὶτῆς
819 5548 1028 5605 ἀνωθεν
1075 5548 1394 5611 αὐθεντίας’
1437 5545 1575 5601 ἀλλὰ
1612 5548 1707 5600 καὶ
1742 5545 1834 5599 τὸν

248 5644 448 5712 Ἦσαῦ,
489 5643 728 5707 καὶτοὺς
766 5642 895 5713 περὶ
925 5640 1091 5712 Κορὲ,
1112 5641 1207 5693 καὶ
1237 5641 1363 5705 τοὺς
1388 5637 1710 5710 Σοδομίτας*
1741 5637 1833 5692 τὸν

323 5828 406 5883 'Il
431 5828 563 5884 Cor.
598 5845 672 5897 Kl,
706 5829 755 5885 5,
841 5831 861 5860 ²
890 5829 1060 5888 Eceli.
1089 5845 1243 5896 mu,
1269 5828 1364 5883 ‘26.

1938 4725 2221 4787 parentem
2270 4732 2431 4772 suum
2486 4706 2782 4789 appellant.
2836 4719 2940 4788 Qui
2972 4721 3194 4792 quidem
3237 4724 3429 4790 variis,
3473 4736 3532 4780 ut

1942 4809 2019 4863 ita
2058 4809 2261 4869 dicam.
2293 4825 2325 4865 e
2364 4808 2632 4866 fluctuum
2666 4811 3064 4882 jactationibus
3085 4816 3307 4882 emersi,
3339 4817 3529 4872 eodem

1942 4899 1999 4954 in
2032 4900 2150 4954 salo
2178 4905 2233 4955 et
2258 4901 2498 4969 procella
2544 4900 2972 4970 conflictantur;
3010 4919 3074 4959 ac
3115 4908 3263 4961 velut
3293 4922 3323 4962 e
3357 4908 3532 4975 spinis

1940 5003 1996 5047 et
2054 4991 2312 5062 vepribus
2375 4993 2716 5059 eminentes,
2760 5010 2980 5066 unaque
3036 4998 3322 5068 spinarum
3378 5006 3532 5055 strue

1941 5072 2324 5152 comprehensi
2374 5081 2641 5138 duntaxat
2695 5087 3161 5156 appellationilms
3191 5089 3530 5161 discrepant.

1940 5173 2076 5227 Nam
2123 5173 2407 5244 spinarum
2463 5190 2662 5245 genera
2694 5176 2913 5246 quidem
2953 5177 3103 5232 varia
3127 5188 3293 5248 sunt;
3332 5182 3427 5236 sed
3462 5184 3530 5238 ad

1940 5265 2290 5336 pungendum
2323 5266 2742 5338 nocendumque
2768 5268 2851 5325 vis
2889 5271 3147 5328 omnibus
3173 5281 3257 5328 est
3284 5288 3521 5330 commu-

1941 5362 2087 5415 niter
2116 5358 2302 5415 insita.

2016 5451 2183 5523 Igitur
2210 5452 2402 5508 Caiani
2440 5470 2469 5508 a
2498 5455 2790 5526 potentiori
2825 5456 3061 5527 quadam
3091 5458 3294 5515 virtute
3324 5475 3388 5516 ac
3416 5476 3532 5517 ein--

1942 5544 2066 5599 lesti
2094 5547 2421 5604 auctoritate
2456 5548 2763 5604 derivatum
2807 5565 2931 5607 esse
2954 5550 3183 5607 Cainum
3210 5553 3531 5624 praedicant,

1943 5652 2157 5695 necnon
2189 5646 2245 5696 et
2276 5637 2442 5710 Esau,
2475 5650 2530 5699 et
2580 5640 2718 5700 Core
2745 5658 2870 5699 cum
2916 5644 3053 5711 suis,
3084 5645 3322 5719 itemque
3358 5646 3532 5705 Sodo-
