3934 6452
490 379 615 439 τῧὸ

1932 374 1991 434 S.
2033 374 2382 435 EPIPHANII

3636 377 3717 434 656

499 505 702 565 mutas;
735 496 962 553 Abelum
990 511 1117 554 vero
1141 497 1210 553 ab
1225 493 2087 566 imbecilliori'virtuteprodiisse.

2196 497 2251 551 δὲ
2286 498 2455 551 Ἀδελ
2485 498 2551 553 ἐκ
2582 497 2683 569 τῆς
2722 495 3115 569 ἀσθενεστέρας
3161 490 3438 567 δυνάμεως
3481 491 3716 568 ὑπάρχειν.

498 588 876 656 Quamobrem
930 591 1055 647 illos
1083 605 1277 647 omnes
1325 589 1586 662 opinione
1631 603 1732 646 sua
1768 588 2092 653 laudandos,

499 695 583 734 ac
599 696 785 737 secum
811 681 1218 739 necessitudine
1258 681 1585 751 coniunctos
1612 686 1891 745 asserunt,
1917 679 2094 749 deque

518 771 791 840 ejusmodi
837 787 962 827 cum
1006 771 1178 828 Caino
1210 779 1264 828 et
1290 769 1612 837 Sodomitis,
1659 772 1802 827 Core
1850 777 1910 825 et
1946 770 2093 827 Esau

508 863 835 932 cognatione
885 862 1211 934 gloriantur,
1266 877 1333 918 ac
1366 861 1626 935 perfectae
1676 861 2096 931 sublimiorique

498 955 750 1010 scientia:
783 955 907 1011 illos
934 954 1243 1012 ascribunt.
1276 952 1404 1010 Ideo
1428 952 1617 1009 mundi
1642 952 1812 1024 huius
1843 951 2093 1023 opiﬁcem

505 1053 718 1115 putant,
748 1061 875 1102 cum
929 1045 998 1100 ad
1037 1061 1132 1102 eos
1173 1045 1427 1102 funditus
1461 1043 1830 1116 proliigandes
1875 1044 2092 1099 incum-

504 1138 677 1202 beret,
716 1153 918 1195 nocere
942 1139 1083 1193 nihil
1114 1138 1633 1209 omninmpotuisse.
1663 1137 1751 1193 Ab
1781 1152 1850 1192 eo
1891 1137 2094 1208 quippe

504 1228 829 1299 semetipsos
855 1229 1189 1294 occultasse,
1205 1236 1261 1283 et
1286 1228 1342 1283 in
1369 1243 1687 1300 supremum
1714 1226 1947 1283 Eonem
1971 1243 2095 1284 esse

502 1328 874 1376 commutatus
903 1319 1097 1376 :-unde
1148 1328 1210 1376 et
1262 1319 1566 1387 fortissima
1610 1319 1708 1374 illa
1755 1321 1932 1375 virtus
1984 1325 2090 1375 est.

501 1406 637 1463 Nam
673 1411 798 1465 illos
828 1411 911 1466 ad
934 1426 1067 1468 sese
1096 1409 1374 1481 Sapientia
1410 1420 1599 1482 utpote
1631 1412 1975 1467 necessarios
1996 1411 2095 1467 ad-

502 1496 672 1552 misit.
724 1496 1021 1569 Propterea
1059 1497 1255 1554 Judam
1294 1508 1553 1555 accurate
1601 1500 1788 1555 omnia
1840 1500 1955 1554 haec
1995 1500 2094 1555 ba-

504 1587 691 1645 buisse
723 1598 1008 1661 perspecta
1041 1599 1370 1647 memorant.
1418 1590 1592 1658 Quem
1626 1591 1848 1662 quidem
1878 1590 2090 1647 aliinem

502 1693 624 1733 esse
669 1694 831 1735 suum
859 1680 1135 1748 jactitant,
1166 1680 1455 1751 eidemque
1498 1681 1856 1736 excellentem
1892 1697 2091 1753 quam-

501 1768 628 1823 dam
662 1769 769 1823 vim
800 1770 1134 1841 cognitionis
1174 1770 1503 1825 attribuunt.
1540 1769 1696 1836 Quod
1747 1786 1924 1842 usque
1954 1772 2092 1828 adeo

2197 585 2352 644 Εἶναι
2379 590 2435 645 δὲ
2463 592 2687 656 τούτους
2717 593 2926 655 πάντας
2957 592 3087 662 παρ’
3109 590 3291 652 αὐτοῖς
3312 586 3626 654 ἐπαινετοὺς,
3649 591 3721 643 καὶ

2194 683 2295 754 τῆς
2333 684 2515 739 αὐτῶν
2566 686 2908 755 συγγενείας.
2962 684 3323 755 Σεμνύνονται
3353 683 3460 755 γάρ
3490 688 3727 754 συγγενεῖς

2198 772 2338 831 εἶναι
2381 776 2477 831 τοῦ
2514 779 2677 845 Κάῖν,
2721 780 2817 834 καὶ
2851 778 2962 832 τῶν
2979 777 3304 850 Σοδομιτῶν,
3333 778 3424 831 καὶ
3462 774 3727 843 Ἦσαῦ,κοίι
3778 778 3788 790 '

2197 868 2343 939 Κορέ
2364 885 2376 900 ·
2409 869 2505 923 καὶ
2535 864 2704 936 οὗτοι,
2735 870 2923 941 φασὶν,
2944 870 3053 924 εἰσ)⁴
3089 870 3187 941 τῆς
3212 868 3421 932 τελείας
3449 868 3537 922 καὶ
3561 866 3729 923 ἀνωθεν

2198 954 2472 1025 γνώσεως.
2521 959 2614 1013 Διδ
2662 961 2757 1015 καὶ
2803 958 2897 1014 τόν
2948 959 3199 1032 ποιητὴνί
3218 957 3310 1012 τοῦ
3354 959 3552 1029 κόσμου
3574 958 3730 1014 τούτου

2197 1049 2352 1117 φησὶ,
2384 1049 2512 1121 περὶ
2540 1049 2641 1121 τὴν
2678 1051 2885 1104 τούτων
2926 1049 3188 1105 ἀνάλυσιν
3221 1048 3562 1120 ἐσχολακότα,
3596 1034 3758 1123 μηδὲνί

2192 1137 2511 1211 δεδυνῆσθαι
2534 1140 2731 1205 αὐτοὺς
2746 1140 2968 1211 βλάψαι.
2999 1138 3341 1212 Ἐκρύόησαν
3365 1138 3472 1212 γὰρ
3497 1140 3583 1194 ἀπ’
3598 1139 3732 1194 αὐτοῦ

2194 1231 2288 1283 καὶ
2324 1231 2738 1304 μετεωήθησαν
2770 1235 2851 1297 είς
2876 1233 2970 1287 τὸν
2994 1233 3107 1288 ἀνω
3125 1230 3328 1297 Δίῶνα,
3354 1232 3474 1285 ὅθεν
3508 1232 3541 1303 ἡ
3574 1233 3734 1303 ἰσχυρὰ

2193 1322 2423 1395 δύναμίς
2471 1325 2607 1379 ἐστι.
2666 1325 2811 1397 Πρὸς
2864 1325 3063 1396 ἑαυτὴν
3114 1324 3225 1397 γὰρ
3274 1326 3310 1396 ή
3362 1324 3528 1393 Σοφία
3575 1325 3733 1387 αὐτοὺς

2195 1416 2531 1487 προσήκατο,
2569 1415 2733 1479 ἰδίους
2779 1415 2955 1487 αὐτῆς
2999 1416 3180 1479 ὄντας.
3219 1415 3329 1469 Kal
3358 1413 3543 1469 τούτου
3584 1413 3734 1468 ἐνεκεν

2191 1504 2285 1559 τὸν
2339 1505 2538 1562 Ἰούδαν
2576 1506 2821 1580 ἀκριϐῶς
2884 1507 2954 1561 τὰ
2991 1507 3121 1579 περὶ
3156 1506 3361 1561 τούτων
3412 1505 3732 1575 ἐπεγνωκέναι

2193 1594 2433 1665 λέγουσι.
2494 1598 2606 1651 Καὶ
2649 1597 2839 1651 τοῦτον
2899 1596 3009 1671 γὰρ
3056 1597 3303 1651 θέλουσιν
3362 1590 3503 1651 εἶναι
3540 1595 3733 1665 συγγενῆ

2193 1688 2425 1753 ἑαυτῶν,
2477 1690 2573 1744 καὶ
2611 1692 2667 1744 ἐν
2708 1689 2965 1760 γνώσεως
3010 1689 3284 1762 ὑπερϐολῇ
3317 1688 3409 1742 τὸν
3442 1688 3597 1743 αὑτὸν
3635 1706 3735 1741 κατ-

2193 1780 2713 1852 αριθμοῦσιν.Ὤστε
2743 1782 2838 1837 καὶ
2868 1800 2965 1836 συν
2975 1780 3267 1854 ταγμάτιόν
3287 1799 3343 1835 τι
3367 1781 3547 1853 φέρειν
3573 1780 3624 1847 ἐξ
3645 1781 3733 1834 ὀνό-

501 1860 826 1927 dcfendunt,
881 1862 1105 1933 ut'ejus
1139 1862 1361 1919 nomine
1403 1863 1729 1933 inscriptum
1766 1866 2088 1935 opusculum

2198 1845 2367 1941 ματος
2396 1872 2583 1939 αὑτοῦ,
2614 1873 2644 1926 ὃ
2678 1872 3013 1943 Εὑαγγέλιον
3048 1845 3145 1926 τοῦ
3185 1870 3363 1926 Ἰούδα
3380 1845 3624 1924 ’καλοῦσα
3650 1870 3736 1924 Kal

501 1952 916 2019 circumferant,
966 1955 1112 2031 quod
1165 1954 1321 2010 Iuda:
1369 1954 1737 2027 Evangelium
1789 1957 2087 2026 appellant.

499 2042 600 2098 Cui
656 2045 858 2100 similia
923 2045 1169 2117 quaedam
1221 2046 1326 2100 alia
1369 2045 1649 2101 volumina
1705 2045 2094 2101 conﬁnxerunt

500 2137 762 2193 adversus
814 2135 1125 2209 Hysteram,
1178 2138 1282 2193 hoc
1315 2146 1402 2194 est
1438 2147 1653 2193 uterum
1683 2156 1696 2193 :
1729 2153 1839 2209 quo
1869 2139 2094 2196 nomine

500 2228 672 2284 totius
705 2227 1107 2293 universitatis,
1141 2228 1249 2284 hoc
1276 2236 1361 2285 est
1391 2229 1517 2285 coeli
1550 2236 1820 2301 terraeque
1857 2229 2096 2287 fabrica-

497 2325 672 2371 torem
736 2324 960 2373 vocant.
1025 2315 1441 2388 Negantporro
1469 2318 1690 2374 liberari
1738 2318 1882 2375 ullos
1907 2334 2091 2390 posse,

499 2406 608 2462 nisi
660 2422 763 2478 per
811 2407 998 2463 omnia
1028 2408 1390 2474 transierint,
1414 2408 1570 2479 quod
1623 2415 1678 2465 et
1730 2408 2093 2481 Carpocrates

497 2499 757 2570 opinatus
779 2508 885 2556 est.

564 2592 732 2662 377
782 2592 849 2647 ll.
886 2590 1125 2659 Quilibet
1156 2591 1302 2646 enim
1337 2590 1556 2647 illorum
1591 2590 1756 2664 hujus
1803 2593 2094 2649 occasione

497 2680 771 2751 dogmatis
801 2681 1011 2736 nefaria
1037 2681 1285 2753 quaedam
1325 2691 1653 2754 perpetrans
1674 2724 1688 2749 ,
1731 2699 1900 2756 seque
1938 2701 2096 2742 exse-

498 2773 721 2827 crandis
760 2772 817 2827 in
856 2773 1174 2829 libidinibus
1214 2788 1280 2829 ac
1323 2774 1652 2844 ﬂagitiorum
1694 2791 1897 2847 genere
1942 2778 2093 2833 omni

499 2865 771 2930 volutans,
805 2864 1148 2936 singulorum
1189 2866 1507 2936 angelorum
1533 2868 1752 2922 nomina
1782 2907 1800 2937 ,
1844 2877 1953 2924 tam
1998 2884 2092 2925 ve-

496 2972 684 3012 rorum
705 2997 720 3023 ,
760 2971 925 3028 quam
958 2957 1025 3013 ab
1058 2956 1194 3028 ipsis
1233 2957 1886 3015 confictorumiiwoeans
1908 3002 1923 3027 ,
1964 2961 2091 3019 uni-

495 3052 696 3121 cuique
724 3050 1105 3106 detestandum
1137 3050 1357 3121 aliquod
1393 3049 1608 3107 facinus
1635 3095 1649 3114 ,
1681 3067 1746 3108 ac
1774 3063 2087 3123 peccatum,

496 3145 644 3199 velut
695 3141 1027 3213 praecipuum
1066 3143 1349 3199 attribuit:
1397 3157 1462 3198 ac
1506 3144 1885 3215 qualecunque
1924 3162 2087 3202 suum

495 3237 677 3295 scelus
716 3236 851 3291 certi
880 3235 1186 3306 cujuspiam
1221 3236 1289 3291 ad
1331 3237 1507 3323 angeli
1546 3251 1748 3293 nomen
1778 3252 2093 3293 accommo-
2117 3203 2162 3263 ο

493 3331 607 3384 dat.
636 3329 773 3384 Cum
798 3329 941 3384 enim
971 3327 1240 3398 ejusmodi
1275 3327 1483 3398 aliquid
1521 3328 1873 3384 committunt
1893 3368 1910 3397 ,
1944 3330 2090 3387 hunc

493 3423 552 3477 in
582 3420 801 3477 modum
841 3418 1060 3490 praefari
1087 3419 1307 3475 solent:
1342 3418 1387 3474 Ο
1415 3419 1605 3491 angele
1643 3418 1733 3485 N.,
1762 3429 1916 3476 tuum
1950 3436 2089 3491 opus

494 3529 745 3572 exerceo.
782 3512 829 3568 0
863 3519 1106 3583 potestas
1133 3513 1200 3566 N.
1226 3554 1241 3579 ,
1277 3512 1493 3568 actione
1531 3521 1625 3567 tua
1659 3511 1876 3584 fungor.
1910 3514 2090 3588 Atque

495 3606 642 3662 istud
668 3606 847 3677 ipsum
877 3610 994 3669 est,
1024 3602 1171 3673 quod
1202 3604 1271 3658 ab
1303 3604 1412 3658 illis
1438 3604 1689 3659 absoluta
1730 3606 1970 3677 cognitio
2000 3606 2087 3661 di-

494 3699 677 3765 citur;
713 3695 1157 3769 quandoquidem
1204 3704 1264 3750 ut
1302 3709 1401 3766 per
1438 3694 1672 3750 nefanda
1719 3697 1903 3751 omnia
1938 3696 2088 3770 ﬂagi-

493 3793 694 3845 tiorum
715 3803 917 3860 genera
947 3788 1170 3857 impune
1192 3787 1269 3840 ita
1300 3786 1613 3853 volitat-ent,
1644 3802 1675 3843 a
1704 3779 2119 3859 superioribus»

494 3882 660 3937 sectis
695 3879 845 3934 velut
866 3878 1194 3949 parentibus
1215 3918 1230 3942 ,
1264 3874 1654 3932 Gnosticorum
1698 3879 1986 3946 videlicet,
2020 3896 2087 3937 ac

490 3969 726 4036 Nicolai,
757 3969 932 4040 iisque
964 3965 1202 4021 affinium
1224 3960 1738 4023 Valentinianerum
1769 3974 1825 4025 et
1878 3969 2086 4041 Carpo-

492 4063 661 4120 cratis
689 4060 1036 4132 dogmatibus
1063 4059 1411 4115 occasionem
1440 4058 1587 4113 nacti
1623 4066 1774 4115 sunt.

561 4153 815 4210 Pervenit
840 4159 894 4208 et
918 4152 984 4206 ad
1009 4166 1111 4206 nos
1145 4161 1330 4206 certus
1350 4148 1668 4206 earumdem
1705 4151 1864 4216 liber,
1889 4152 1946 4206 in
1972 4165 2082 4223 quo

490 4245 917 4303 sceleratissima
944 4243 1133 4300 nescio
1162 4258 1284 4314 quae
1307 4243 1571 4298 vocabula
1602 4236 1898 4299 commenti
1931 4252 2083 4311 sunt,

492 4339 548 4393 in
581 4353 754 4408 eoque
781 4337 887 4392 ista
910 4336 1292 4390 continentur.
1326 4330 1429 4388 Hic
1457 4342 1562 4397 est,
1594 4334 1793 4403 inquit,
1834 4335 2082 4406 angelus,

492 4444 524 4483 a
567 4444 677 4500 quo
706 4425 921 4499 Moyses
947 4432 1257 4482 excaecatus
1290 4434 1377 4480 est
1401 4463 1418 4490 ,
1452 4425 1601 4496 iique
1635 4426 1814 4498 angeli
1843 4435 2006 4493 sunt,
2049 4442 2083 4483 a

2195 1962 2330 2016 ἄλλα
2358 1962 2481 2017 τινὰ
2521 1964 2933 2036 συγγράμματα
2982 1964 3248 2028 ὡσαύτως
3276 1963 3594 2020 πλάττονται
3628 1961 3736 2016 κατά

2193 2056 2295 2126 τῆς
2336 2052 2601 2129 Ύστέρας
2620 2072 2635 2087 ο
2668 2056 2736 2126 ἢν
2794 2055 3062 2126 ’Υστέραν
3082 2056 3173 2109 τὸν
3197 2054 3431 2127 ποιητὴν
3460 2052 3550 2108 τοῦ
3578 2051 3736 2114 naval;

2194 2145 2385 2200 τούτου
2444 2146 2539 2201 τοῦ
2579 2146 2801 2213 κύτους,
2841 2147 3074 2220 ούρανοῦ
3129 2164 3190 2200 τε
3235 2149 3334 2201 καὶ
3373 2147 3496 2218 γῆς,
3531 2144 3733 2199 καλοῦσι.

2196 2237 2307 2290 Kal
2341 2236 2415 2308 μὴ
2436 2236 2698 2291 δύνασθαί
2735 2254 2867 2308 φασι
2917 2236 3259 2309 σωθήσεσθαί
3285 2254 3431 2301 τινα,
3464 2235 3554 2288 ἐὰν
3586 2233 3650 2303 μὴ
3669 2232 3734 2284 διὰ

2196 2322 2416 2382 πάντων
2443 2329 2791 2403 χωρήσωσιν,
2822 2328 2900 2393 ὡς
2922 2329 3020 2383 καὶ
3048 2331 3076 2383 ὁ
3108 2327 3517 2400 Καρποκράτης
3540 2326 3684 2395 λέγει.

2267 2590 2341 2645 B'.
2384 2589 2652 2655 Ἕκαστος
2683 2590 2794 2664 γάρ
2823 2591 3007 2647 αὐτῶν
3031 2593 3191 2667 δῆθεν
3235 2592 3327 2648 διά
3366 2593 3465 2666 τὴν
3508 2592 3737 2666 πρόφασιν

2191 2669 2397 2752 ταύτην
2446 2681 2661 2753 ἄρρητα
2698 2680 2891 2748 ποιῶν,
2941 2684 3035 2737 καὶ
3083 2684 3483 2755 αἰσχρουργίας
3498 2680 3735 2741 ἐπιτελῶν,

2194 2770 2573 2844 ἁμαρτήματά
2598 2790 2657 2826 τε
2690 2773 2789 2826 ὅσα
2814 2773 2933 2827 ἐστὶ
2973 2773 3251 2846 πράττων,
3279 2770 3608 2828 ἐπικαλεῖται
3637 2770 3737 2825 ἐκά·

2196 2881 2322 2918 στου
2371 2856 2605 2935 ἀγγέλου
2660 2864 2851 2936 ὄνομα,
2887 2865 2998 2919 τῶν
3044 2883 3104 2919 τε
3148 2866 3317 2921 ὄντων
3369 2865 3625 2935 ἀγγέλων,
3667 2861 3739 2916 καὶ

2191 2957 2302 3010 τῶν
2330 2959 2458 3030 παρ’
2492 2954 2675 3025 αὐτοῖς
2703 2959 2959 3023 πλαστῶς
2994 2957 3302 3029 λεγομένων
3321 2974 3335 2988 ·
3374 2957 3471 3013 καὶ
3498 2956 3700 3011 ἑκάστου
3723 2956 3738 2985 ¹

2191 3046 2749 3119 τούτωνπροσάπτει
2792 3069 2844 3105 τι
2875 3049 3036 3121 ἔργον
3087 3046 3350 3121 ἀθέμιτον
3403 3048 3509 3102 τῶν
3556 3048 3637 3102 ἐπὶ
3661 3045 3739 3115 τῆς

2189 3134 2633 3211 ἁμαρτημάτων,
2686 3140 2786 3212 τὴν
2840 3140 3039 3215 πρᾶξιν
3066 3142 3164 3212 τὴν
3216 3141 3356 3196 ἰδίαν
3401 3142 3482 3206 εἰς
3522 3142 3672 3211 ὄνομα
3692 3134 3738 3191 οὗ

2195 3230 2443 3302 βούλεται
2477 3232 2709 3301 ἀγγέλου
2739 3234 3063 3327 ἀναφέρων..
3082 3234 3194 3288 Kal
3224 3233 3358 3289 ὅταν
3404 3225 3573 3289 ταῦτα

2190 3341 2378 3390 τωσιν,
2415 3324 2560 3379 οὕτω
2625 3325 2875 3396 λέγουσιν
2895 3344 2906 3356 ·
2938 3318 3013 3379 ’Ὀ
3056 3319 3203 3379 δεῖνα
3230 3324 3458 3395 ἄγγελε,
3497 3318 3738 3394 καταχρῶ-

2194 3414 2293 3485 μαί
2332 3434 2425 3470 σου
2476 3417 2539 3471 τὸ
2587 3415 2782 3489 ἔργονο
2833 3419 2868 3489 ή
2920 3417 3069 3472 δεῖνα
3099 3407 3319 3484 ἐξουσία
3345 3459 3362 3485 ,
3402 3417 3620 3491 πράττω
3666 3430 3737 3468 σου

2190 3502 2289 3579 τὴν
2334 3508 2560 3580 πρᾶξιν.
2616 3507 2724 3562 Καὶ
2752 3508 2922 3583 ⁴τοῦτο
2956 3506 3171 3577 γνῶσις
3202 3507 3389 3564 τελεία
3430 3510 3556 3580 παρ’
3588 3507 3736 3568 αὐτοῖς

2190 3599 2307 3653 ἐστι
2364 3599 2655 3672 λεγόμενον
2675 3617 2688 3632 ·
2742 3599 2931 3672 ἐπειδὴ
2972 3598 3146 3663 ἀδεῶς
3199 3598 3292 3653 ἐπὶ
3341 3594 3444 3665 τᾶς
3490 3596 3738 3671 ἀθεμίτους

2191 3694 2587 3765 αἰσχρουργίας
2629 3693 2807 3766 ὁρμᾷν
2838 3694 2939 3756 τάς
2985 3692 3291 3764 προφάσεις
3310 3686 3488 3765 ’δῆθεν
3535 3692 3632 3746 ἀπὸ
3653 3690 3737 3744 τῶν

2190 3785 2605 3857 προειρημένων
2634 3784 2887 3857 μητέρων
2916 3786 3011 3839 καὶ
3038 3786 3291 3859 πατέρων
3320 3782 3598 3859 αἱρέσεων,
3626 3780 3736 3853 φημὶ

2188 3876 2511 3930 Γνωστικῶν
2537 3876 2634 3930 καὶ
2665 3869 2956 3942 Νικῶάου,
2992 3876 3085 3932 καὶ
3114 3870 3223 3933 τῶν
3259 3872 3361 3933 σὺν
3388 3879 3571 3943 αὐτοῖς
3623 3875 3736 3930 Οὐα-

2187 3966 2426 4023 λεντίνου
2459 3985 2520 4022 τε
2556 3962 3134 4042 καὶΚαρποκράτους,
3170 3971 3495 4043 ἐσχήκασιν.

2262 4136 2404 4217 Ἤδη
2429 4144 2487 4198 δὲ
2518 4136 2733 4216 διῆλθεν
2766 4147 2845 4210 είς
2867 4145 3019 4217 ἡμᾶς
3050 4146 3147 4199 καὶ
3176 4145 3405 4217 βιϐλίον,
3456 4148 3514 4201 ἐν
3536 4139 3580 4216 ᾧ
3604 4143 3737 4199 ἐπλά-

2187 4252 2351 4290 σαντο
2385 4235 2608 4308 ῥήματά
2634 4253 2757 4291 τινα
2791 4237 3023 4308 ἀνομίας
3053 4237 3259 4310 πλήρη,
3307 4236 3456 4293 οὕτω
3484 4236 3735 4310 περιέχων

2185 4329 2289 4393 ὅτι,
2320 4330 2506 4400 φησὶν,
2548 4323 2715 4393 Οὗτός
2769 4329 2918 4382 ἐστιν
2965 4330 2995 4382 ὁ
3041 4322 3276 4398 ἄγγελος
3305 4332 3338 4383 ό
3387 4329 3480 4384 τὸν
3536 4325 3736 4384 Μωῦσέα

2185 4422 2496 4495 τυφλώσας,
2536 4423 2633 4477 καὶ
2672 4413 2820 4495 οὗτοι
2862 4424 3002 4477 εἰσιν
3044 4423 3093 4476 οἰ
3130 4421 3355 4491 ἄγγελοι
3386 4424 3439 4477 οἰ
3472 4424 3595 4487 τοὺς
3634 4418 3735 4490 περὶ

490 4521 693 4591 quibus
724 4518 866 4575 Core
888 4556 905 4583 ,
944 4516 1157 4571 Dathan
1201 4522 1259 4572 et
1306 4516 1514 4570 Abiron
1534 4556 1549 4581 ,
1578 4531 1878 4588 eorumque
1901 4528 2083 4576 secta-

2190 4518 2351 4590 Κορὲ,
2383 4516 2481 4571 καὶ
2508 4514 2709 4581 Δαθάν,
2738 4515 2836 4569 καὶ
2875 4512 3138 4589 Ἀδειρὼν
3169 4513 3503 4586 κρύψαντες,
3542 4511 3630 4568 καὶ
3657 4524 3733 4581 με·

492 4622 639 4666 tores
666 4607 927 4665 occultati
957 4606 1335 4675 subtractique
1363 4613 1511 4662 sunt.
1540 4605 1689 4673 Quin
1723 4609 1891 4663 alium
1924 4609 2080 4666 insu-

490 4714 589 4769 per
625 4695 780 4751 Pauli
830 4696 1063 4767 apostoli
1118 4695 1341 4751 nomine
1387 4695 1629 4751 libellum
1680 4701 2081 4770 excogitarunt,

490 4796 824 4861 praepostera
849 4788 1076 4844 libidine
1100 4786 1386 4855 refertum,
1415 4802 1577 4858 quem
1603 4796 1657 4844 et
1680 4788 1739 4853 ii,
1767 4805 1908 4861 quos
1934 4789 2083 4848 Gno-

489 4883 661 4940 sticos
689 4889 908 4946 vocant,
944 4879 1214 4936 adhibere
1240 4879 1449 4945 solent,
1479 4881 1626 4952 quod
1674 4880 1831 4938 Pauli
1859 4884 2076 4941 Anaba-

487 4977 655 5031 ticum
678 4982 914 5031 vocant:
942 4971 1106 5043 cujus
1132 4972 1469 5044 supposititii
1503 4975 1686 5044 operis
1706 4989 1899 5032 ansam
1932 4992 1998 5033 ex
2015 4993 2082 5034 eo

486 5074 787 5141 ceperunt,
821 5065 969 5139 quod
1000 5067 1292 5137 Apostolus
1334 5065 1453 5136 ipse
1490 5073 1724 5122 testetur
1745 5106 1762 5132 ,
1793 5083 1854 5124 se
1883 5069 1939 5124 in
1973 5076 2083 5126 ter-

485 5160 619 5215 tium
657 5173 832 5230 usque
865 5156 1259 5214 conscendisse
1291 5156 1516 5220 caelum,
1538 5162 1595 5212 et
1633 5170 1833 5212 arcana
1876 5159 2079 5216 ibidem

485 5251 706 5308 audisse
735 5250 903 5307 verba
925 5291 941 5318 ,
972 5264 1095 5321 quae
1144 5264 1255 5305 non
1284 5247 1412 5304 licet
1448 5246 1655 5303 homini
1695 5248 1844 5321 loqui
1877 5252 1919 5308 ί.
1951 5251 2079 5308 Haec

486 5350 690 5408 autem,
722 5343 1016 5414 inquiunt,
1047 5355 1251 5397 arcana
1281 5340 1371 5394 illa
1399 5338 1566 5395 verba
1606 5347 1755 5396 sunt.
1785 5339 1921 5408 Quae
1949 5343 2075 5414 qui—

484 5430 609 5486 dem
645 5435 851 5500 omnia,
881 5434 1058 5505 iisque
1089 5433 1288 5491 similia
1321 5432 1430 5495 ita,
1466 5431 1928 5500 quemadmodum
1958 5450 2078 5491 mo-

486 5522 706 5576 nuimus
730 5561 747 5587 ,
780 5522 998 5591 docent,
1036 5532 1095 5580 ut
1121 5533 1176 5580 et
1205 5524 1366 5578 malis
1405 5522 1668 5577 honorem
1712 5523 1992 5593 habeant,
2024 5535 2080 5583 et

487 5611 661 5667 bonos
696 5615 1002 5684 repudient.
1044 5614 1179 5671 Nam
1213 5615 1444 5672 Cainum
1496 5611 1741 5673 fortioris
1781 5617 2074 5690 cujusdam

560 5789 578 5821 ¹
613 5784 654 5841 ιι
677 5790 803 5850 Cor.
836 5808 938 5861 xu,
975 5795 1030 5850 4.
1107 5797 1129 5830 ¹
1167 5796 1298 5852 Cor.
1332 5795 1577 5869 ἑκάστῳ.

2180 4613 2575 4684 ταστήσαντες.
2611 4609 2780 4663 Πάλιν
2814 4609 2871 4662 δὲ
2898 4608 3030 4663 ἀλλο
3058 4609 3464 4679 συνταγμάτων
3505 4606 3735 4661 πλάττουο

2185 4721 2268 4759 σιν
2296 4704 2357 4772 ἐξ
2399 4703 2663 4774 ὀνόματος
2691 4701 2904 4757 Παύλου
2967 4700 3062 4756 τοῦ
3104 4700 3433 4765 ἀποστόλου,
3469 4700 3736 4773 ἀρρητουρ-

2181 4797 2308 4867 γίας
2340 4794 2615 4867 ἔμπλεων,
2643 4787 2687 4862 ᾧ
2716 4794 2809 4847 καὶ
2844 4794 2893 4846 οἰ
2934 4793 3232 4846 Γνωστικοὶ
3264 4792 3550 4862 λεγόμενοι
3589 4784 3735 4859 χρῶνο

2178 4906 2291 4954 ται,
2322 4888 2352 4942 ὃ
2389 4885 2744 4942 Ἀνασατικὸν
2793 4885 3008 4940 Παύλου
3042 4883 3292 4950 καλοῦσι,
3343 4884 3448 4955 τήν
3495 4880 3734 4952 πρόφασιν

2180 4981 2432 5051 εὑρόντες
2460 4980 2569 5035 ἀπὸ
2599 4978 2693 5035 τοῦ
2723 4977 2903 5048 λέγειν
2935 4978 3028 5032 τὸν
3069 4976 3395 5032 Ἀπόστολον
3440 4966 3736 5040 ἀναϐεϐηκέ-

2178 5090 2268 5128 ναι
2304 5072 2410 5136 ἒως
2436 5073 2620 5144 τρίτου
2661 5071 2917 5144 οὐρανοῦ,
2948 5071 3043 5125 καὶ
3070 5068 3367 5141 ἀκηκοέναι
3418 5068 3626 5139 άρῤητα
3652 5059 3733 5130 ῥή-

2180 5183 2347 5236 ματα,
2380 5163 2418 5219 ἃ.
2463 5164 2565 5218 οὑκ
2614 5164 2732 5232 ἐξὸν
2779 5162 3052 5235 ἀνθρώπῳ
3099 5160 3352 5232 λαλῆσαι.
3406 5159 3518 5214 Καὶ
3567 5152 3731 5211 ταῦτα,

2177 5257 2362 5328 φασὶν,
2397 5257 2517 5312 ἐστὶ
2545 5256 2616 5311 τά
2640 5256 2857 5328 ἄρρητα
2883 5256 3126 5329 ῥήματα.
3160 5252 3482 5307 Διδάσκουσι
3510 5248 3565 5303 δέ
3590 5241 3732 5299 ταῦτα

2174 5352 2269 5405 καὶ
2313 5350 2381 5405 τά
2411 5348 2658 5413 τοιαῦτα,
2710 5350 2837 5413 τοὺς
2881 5345 3154 5419 πονηροὺς
3184 5345 3477 5417 τιμῶντες,
3513 5334 3731 5396 καὶτοὺς

2173 5442 2413 5511 ἀγαθοὺς
2461 5440 2919 5514 ἀπαγορεύοντες.
2972 5434 3129 5495 Εἶναι
3162 5438 3294 5511 γάρ,
3346 5436 3426 5500 ὡς
3478 5433 3727 5514 προεῖπογς

2173 5529 2266 5582 τὸν
2308 5529 2450 5584 Κάῖν
2480 5528 2581 5600 τῆς
2612 5512 2968 5601 ἰσχυροτέρας
3013 5527 3319 5599 δυνάμεως,
3349 5525 3445 5579 καὶ
3473 5522 3561 5577 τὸν
3591 5512 3729 5571 ’Δὸελ

2172 5619 2274 5691 τῆς
2306 5619 2719 5693 ἀσθενεστέρας.
2757 5620 2973 5686 Ταύτας
3001 5618 3060 5674 δὲ
3102 5617 3205 5684 τάς
3243 5616 3500 5689 δυνάμεις
3537 5614 3598 5684 τῇ
3634 5603 3727 5673 Εὕφ
