3934 6426
189 403 308 459 657

817 402 1186 460 ADVERSUS
1219 403 1564 460 [IERESES
1601 404 1729 461 LIB.
1767 406 1808 460 Ι.

1936 405 2016 462 νΜ.
2057 405 2234 462 HL—
2273 405 2550 464 ΗᾹΞΒΕΒ.
2596 406 2880 464 XXXVIII.

3385 406 3490 461 €58

195 525 660 596 προσπλακείσας
719 526 1114 597 γεγεννηκέναι
1186 527 1280 581 τὸν
1350 528 1490 582 Κάῖν
1557 528 1652 581 καὶ
1717 527 1808 582 τὸν

1936 543 2031 584 :sse
2063 529 2306 594 virtutis,
2347 537 2401 585 et
2431 529 2660 585 Abelum
2689 526 3009 584 inﬁrmioris
3037 525 3300 582 sentiunt.
3348 523 3495 590 Quas

201 617 382 670 Ἀϐελ
400 634 414 647 ·
445 618 539 670 καί⁸
576 613 716 671 εἶναι
738 617 837 688 τῆς
862 618 962 689 μὲν
985 619 1076 672 τὸν
1098 617 1253 683 Κάῐν,
1286 619 1384 692 τῆς
1405 619 1463 673 δὲ
1491 620 1584 673 τὸν
1613 618 1799 673 ΙἈϐελ.

198 706 366 764 Εἶναι
400 711 457 764 δὲ
487 710 580 764 τὸν
626 709 796 780 Ἀδὰμ
833 712 927 764 καὶ
955 711 1055 782 τὴν
1094 710 1240 766 Εὕαν
1273 711 1384 768 ἀπὸ
1414 711 1522 764 τῶν
1549 711 1804 764 τοιούτων

199 803 516 874 δυνάμεων,
571 803 749 856 εἴτουν
779 801 1028 871 ἀγγέλων
1062 802 1520 873 γεγεννημένουςο
1559 802 1655 856 καὶ
1682 802 1807 865 τοὺς

203 896 577 968 γεννηθέντας
610 896 828 961 παῖδας,
860 895 1001 950 Κάῖν
1037 896 1100 950 τέ
1131 915 1274 968 φημι
1327 897 1420 951 καὶ
1454 895 1640 962 Ἂϐελ,
1690 896 1805 968 ἐρί-

207 1005 307 1044 σαι
341 989 478 1060 πρὸς
504 989 785 1060 ἀλλήλους,
819 989 912 1043 καὶ
951 989 1043 1043 τὸν
1075 989 1472 1061 γεγεννημένον
1501 990 1611 1044 ἀπὸ
1661 991 1808 1060 ίσχυ-

211 1092 318 1154 ρᾶς
367 1082 650 1154 δυνάμεως
701 1081 1100 1151 πεφονευκέναι
1149 1082 1242 1136 τὸν
1289 1082 1396 1137 ἀπὸ
1439 1087 1540 1154 τῆς
1587 1084 1807 1154 ἥττονος

206 1177 501 1248 δυνάμεως
535 1176 630 1230 atat
655 1174 1071 1245 ἀσθενεστέρας.

290 1352 367 1406 Γ’.
410 1351 490 1405 Τά
522 1351 578 1405 δὲ
628 1351 767 1407 αύτά
820 1351 1044 1424 μυθώδη
1085 1353 1179 1408 καὶ
1213 1345 1358 1407 οὗτοι
1394 1354 1812 1426 παραπλέκουσι

210 1447 284 1515 τῇ
321 1445 446 1517 περὶ
479 1445 587 1498 τῶν
623 1445 807 1500 αὐτῶν
835 1446 1178 1519 δηλητηρίων
1207 1448 1306 1520 τῆς
1345 1448 1618 1517 ἀγνωσίας
1645 1448 1809 1513 δόσει,

211 1538 335 1599 τοῖς
404 1535 747 1606 πειθομένοις
796 1539 1262 1604 ἐπιϐουλεύοντεςο
1317 1539 1447 1595 ’Ότι
1499 1541 1581 1593 δεῖ
1633 1542 1813 1594 πάντα

213 1627 514 1699 ἄνθρωπον
550 1629 730 1700 ἑαυτῷ
759 1630 977 1686 ἑλέσθαι
1018 1632 1116 1704 τὴν
1153 1633 1512 1705 ἰσχυροτέραν
1561 1631 1812 1703 δύναμιν,

215 1722 321 1774 καὶ
351 1721 450 1791 τῆς
482 1724 702 1793 ἥττονος
735 1725 830 1778 καὶ
857 1725 1048 1779 άτόνου
1077 1727 1538 1798 ἀποχωρίζεσθαι,
1570 1726 1816 1779 τουτέστι

217 1815 326 1882 τῆς
361 1812 450 1866 τόν
477 1814 706 1885 οὐρανὸν
740 1815 1070 1886 ποιησάσης,
1104 1817 1198 1869 καὶ
1223 1817 1320 1888 τὴν
1356 1817 1556 1887 σάρκα,
1603 1814 1697 1868 καὶ
1725 1815 1816 1868 τὸν

1908 621 2057 691 ipsas
2092 623 2322 678 virtutes
2371 639 2493 678 cum
2543 621 2654 677 Eva
2693 633 3022 692 congressas
3073 625 3367 689 utrumque
3405 631 3498 686 ge-

1908 715 2096 770 nuisse
2131 714 2210 770 sic
2249 713 2547 779 aﬂirmant,
2591 723 2650 769 ut
2695 713 2922 767 alterius
2961 709 3163 765 Abelus
3215 709 3326 774 sit,
3372 706 3499 760 Cai-

1908 822 2014 862 nus
2040 807 2285 864 alterius.
2315 808 2459 875 Quin
2510 808 2777 862 Adamum
2812 816 2972 877 atque
3001 803 3168 858 Evam
3222 802 3416 857 iisdem
3467 815 3499 857 a

1907 899 2226 965 virtutibus,
2264 901 2379 956 sive
2413 900 2620 971 angelis
2645 899 2911 970 originem
2941 898 3212 952 traxisse:
3251 909 3500 965 quosque

1910 1006 2146 1062 genuere
2168 1001 2357 1061 postea
2383 992 2606 1057 liberos,
2624 991 2878 1055 Cainum,
2908 993 3152 1061 inquam,
3170 999 3224 1044 et
3246 987 3513 1052 Abelum,.

1911 1099 2097 1140 secum
2128 1085 2362 1140 invicem
2394 1085 2603 1140 rixatos
2630 1100 2773 1147 esse,
2819 1092 2872 1139 et
2907 1084 2998 1154 qui
3035 1083 3247 1138 fortiori
3283 1081 3352 1136 ab
3387 1079 3503 1137 vir-

1909 1182 2026 1230 tute
2071 1183 2403 1246 propagatus
2460 1175 2640 1230 fuerat
2690 1173 2967 1229 inferioris
3014 1170 3500 1241 imbecilliorisque

1913 1267 2156 1322 sobolem
2191 1266 2483 1323 occidisse.

1983 1360 2150 1431 278
2181 1360 2268 1416 lll.
2314 1359 2440 1415 Haec
2490 1359 2672 1414 omnia
2708 1357 3115 1414 mendaciorum
3157 1362 3408 1429 portenta
3447 1353 3502 1408 in

1913 1454 2193 1510 tradendis
2238 1453 2512 1526 pestiferis
2565 1451 2888 1524 ignorantia.
2937 1467 3052 1506 suae
3103 1449 3380 1522 mysteriis
3435 1447 3516 1502 ad

1913 1553 2246 1603 sectatorum
2277 1546 2574 1617 perniciem
2608 1549 2927 1614 aspergunt,
2959 1541 3122 1612 idque
3164 1541 3462 1595 admonent
3488 1556 3509 1592 :.

1915 1641 2114 1697 debere
2141 1638 2436 1711 quemlibet
2466 1638 2749 1694 fortiorem
2789 1635 2892 1692 sibi
2932 1635 3196 1706 adoptare
3223 1633 3508 1695 virtutem,

1917 1741 2079 1804 atque
2107 1733 2176 1788 ab
2211 1731 2455 1787 inferiori
2495 1739 2548 1786 et
2579 1729 2922 1785 imbecilliori
2961 1727 3216 1793 secerni,
3255 1741 3319 1780 ea
3355 1723 3507 1779 \‘idea

1915 1824 2061 1888 licet,
2090 1839 2211 1893 qua:
2235 1832 2289 1878 et
2315 1823 2513 1877 cmlum
2549 1829 2604 1877 et
2625 1837 2871 1888 carnem,
2899 1828 2952 1875 et
2983 1818 3246 1873 mundum
3281 1815 3513 1870 fabrica-

218 1904 458 1974 κόσμον·
518 1908 613 1960 καὶ
659 1906 1012 1978 ὑπερϐαίνειν
1058 1909 1139 1974 είς
1186 1905 1255 1962 τά
1297 1907 1548 1962 ἀνώτατα
1595 1906 1687 1961 διὰ
1717 1907 1816 1978 τῆς

1936 1916 2092 1972 verit:
2125 1917 2314 1987 sicque
2339 1915 2404 1971 ad
2431 1915 2719 1986 superiora
2762 1929 2857 1984 per
2885 1911 3090 1968 Christi
3131 1911 3350 1966 evolare
3375 1924 3511 1978 sup-

217 1995 322 2050 τοῦ
369 1997 605 2068 Χριστοῦ
659 2001 1038 2070 σταυρώσεως.
1087 2000 1187 2054 Διά
1218 2002 1327 2074 γὰρ
1375 2001 1563 2069 τοῦτο,
1628 2001 1814 2072 φησὶν,

221 2084 392 2158 ἦλθεν
454 2090 695 2157 ἄνωθεν,
754 2093 840 2146 ἵνα
895 2095 955 2148 ὲν
1009 2094 1158 2166 αύτῷ
1211 2096 1531 2168 ἐπιτελεσθῇ
1588 2095 1819 2166 δύναμις

226 2181 451 2252 ισχυρὰ,
505 2182 648 2236 κατὰ
697 2184 798 2255 τῆς
829 2185 1226 2260 ἀσθενεστέρας
1279 2189 1559 2260 δυνάμεως
1595 2189 1658 2242 τὸ
1695 2189 1822 2261 τρόο

227 2291 393 2327 παιον
445 2275 708 2340 λαϐοῦσα,
747 2278 841 2331 καὶ
898 2279 961 2332 τὸ
1009 2279 1169 2352 σῶμα
1220 2282 1558 2354 παραδοῦσα.
1612 2283 1724 2335 Καὶ
1769 2283 1819 2336 οί

227 2368 334 2436 μὲν
383 2369 563 2422 αὐτῶν
613 2369 773 2423 τοῦτο
823 2371 1094 2440 λέγουσιν,
1149 2373 1298 2426 ἄλλοι
1331 2373 1386 2426 δὲ
1418 2374 1572 2429 ἄλλα.
1624 2376 1688 2428 Οἱ
1725 2376 1821 2446 μὲν

225 2458 342 2530 γὰρ
386 2459 622 2528 λέγουσι,
674 2461 763 2516 διὰ
817 2464 878 2517 τὸ
917 2465 1172 2536 πονηρὸν
1213 2460 1354 2521 εἶναι
1411 2467 1504 2520 τὸν
1563 2468 1834 2538 Χριστὸν,-

227 2551 604 2622 παραδοθῆναι
648 2553 812 2608 αὐτὸν
855 2555 959 2609 ὑπὸ
983 2556 1077 2610 τοῦ
1127 2557 1320 2621 Ἰούδα,
1353 2558 1678 2630 βουλόμενον
1709 2561 1824 2614 δια-

229 2641 492 2712 στρέφειν
524 2644 593 2698 τὰ
643 2645 786 2699 κατὰ
835 2647 948 2701 τδνκ.
979 2648 1163 2720 νόμον.
1224 2650 1535 2704 Ἐπαινοῦσι
1589 2653 1698 2722 γὰρ
1734 2653 1824 2706 τὸν

227 2734 375 2788 Κάῖν
409 2737 501 2790 καὶ¹
537 2737 628 2791 τὸν
670 2738 891 2807 Ἰούδαν,
929 2741 1006 2804 ὼς
1037 2741 1194 2812 ἔφην,
1216 2743 1311 2796 καὶ
1348 2743 1600 2813 λέγουσι’
1633 2744 1824 2798 τούτου

229 2831 426 2884 ἕνεκεν
458 2831 841 2902 παραδέδωκεν
884 2835 1067 2899 αὐτὸν,
1122 2836 1309 2908 ἐπειδὴ
1361 2836 1623 2908 ἠϐούλετο
1659 2854 1827 2890 κατα-

232 2922 387 2977 λύειν
420 2923 486 2979 τά
519 2924 702 2988 καλῶς
734 2925 1108 2998 δεδιδαγμένα.
1145 2929 1328 2982 Ἀλλοι
1361 2929 1418 2982 δὲ
1457 2928 1611 3002 [τῶν]
1643 2929 1825 2984 αὐτῶν

229 3015 357 3085 οὐχί
391 3034 574 3086 φασιν,
616 3017 752 3072 ἀλλά
784 3019 988 3088 ἀγαθὸν
1019 3020 1182 3074 αὐτὸν
1209 3020 1338 3074 ὄντα
1367 3022 1654 3093 παρέδωκε
1687 3021 1828 3074 κατά

231 3107 338 3178 τὴν
383 3108 704 3178 ἐπουράνιον
753 3109 974 3178 γνῶσιν.
1033 3112 1318 3180 Ἔγνωσαν
1361 3111 1491 3183 γὰρ,
1542 3111 1726 3184 φησὶν,
1777 3113 1826 3164 οἱ

234 3201 519 3270 ἄρχοντες,
574 3201 656 3254 ὅτι
719 3200 815 3255 ἐὰν
871 3204 899 3255 ὁ
951 3203 1185 3273 Χριστὸς
1241 3203 1524 3274 παραδοθῇ
1585 3202 1825 3273 σταυρῷ,

1922 2009 2166 2079 plicium.
2203 2008 2352 2063 Hanc
2401 2009 2546 2064 enim
2587 2007 2758 2063 fuisse
2800 2020 3022 2060 causam
3072 2003 3293 2066 volunt,
3351 2016 3452 2055 cur
3483 2017 3515 2055 e

1922 2105 2062 2158 coelo
2092 2103 2350 2174 delapsus
2384 2103 2492 2169 sit;
2525 2101 2782 2156 nimirum
2818 2106 2877 2153 ut
2921 2097 3083 2153 fortis
3119 2097 3172 2150 in
3217 2096 3337 2166 ipso
3383 2094 3517 2149 soli-

1922 2197 2151 2267 diorque
2185 2197 2358 2251 virtus
2385 2194 2760 2266 perﬁceretur,
2799 2207 2862 2247 ac
2899 2189 2967 2246 de
2993 2188 3294 2244 inlirmiore
3319 2187 3516 2240 trium-

1923 2290 2089 2360 phum
2128 2287 2356 2344 referret
2384 2327 2400 2351 ,
2445 2301 2754 2357 corpusque
2803 2282 3062 2338 traderet.
3104 2279 3230 2335 llaec
3263 2277 3522 2334 nonnulli.

1924 2398 1989 2436 ex
2044 2380 2220 2451 ipsis,
2271 2379 2362 2433 alii
2405 2392 2534 2433 vero
2586 2377 2692 2430 alia
2736 2374 3054 2446 praedicant.
3091 2370 3325 2437 Quidam
3369 2368 3514 2423 enim

1924 2473 2227 2535 Christum,
2265 2471 2408 2542 quod
2445 2470 2620 2524 malus
2652 2475 2819 2530 esset,
2855 2482 2918 2521 ac
2948 2466 3083 2535 legis
3117 2463 3368 2518 instituta
3400 2460 3516 2514 vio-

1925 2565 2039 2619 lare
2066 2565 2326 2627 auderet,
2357 2578 2386 2616 a
2431 2561 2568 2617 Juda
2600 2559 2883 2631 proditum
2921 2557 3257 2612 existimant.
3287 2553 3516 2609 Cainum

1925 2658 2101 2724 enim,
2137 2665 2196 2710 ut
2234 2656 2502 2719 diximus,
2539 2653 2848 2722 Judamque
2875 2656 3207 2706 venerantur
3237 2663 3252 2712 ;
3289 2646 3520 2716 ejusque

1926 2751 2005 2804 rei
2043 2748 2240 2819 gratia,
2278 2747 2550 2816 inquiunt,
2584 2745 2733 2798 illum
2764 2742 3028 2814 prodidit,
3064 2739 3213 2812 quod
3255 2737 3524 2810 praeclare

1929 2840 2126 2896 tradita
2171 2839 2458 2910 antiquare
2490 2839 2670 2894 vellet.
2727 2837 2830 2890 Alii
2881 2850 3012 2890 vero
3053 2833 3210 2887 aliter
3256 2829 3521 2894 sentiunt,

1929 2942 1988 2986 ut
2023 2933 2239 2986 tametsi
2270 2932 2447 2986 bonus
2481 2938 2669 2995 esset,
2705 2945 2770 2984 ex
2805 2925 3014 2982 cmlesti
3055 2924 3292 2995 quadam
3336 2921 3526 2993 cogni-

1929 3025 2075 3077 tione
2108 3023 2180 3076 sit
2210 3021 2482 3091 proditus.
2523 3019 2730 3073 Norant
2780 3017 2948 3080 enirn,
2992 3015 3168 3078 aiunt,
3222 3011 3521 3084 principes,

1929 3116 1974 3168 si
2018 3113 2272 3169 Christus
2303 3113 2358 3166 in
2408 3127 2628 3166 crucem
2682 3109 2964 3164 tolleretur
2990 3147 3003 3172 ,
3042 3108 3284 3175 ipsorum
3314 3103 3523 3157 exhau-

1931 3213 2073 3260 stum
2108 3206 2173 3260 iri
2205 3204 2503 3275 potentiam
2536 3216 2787 3266 omnem;
2848 3198 2994 3268 quod
3045 3212 3170 3252 cum
3200 3193 3371 3249 Judas
3415 3209 3525 3248 non

239 3290 496 3350 κενοῦται
549 3291 728 3346 αὐτῶν
774 3296 806 3362 ἡ
861 3294 1134 3366 (ἀσθενὴς)
1187 3295 1437 3366 δύναμις.
1484 3295 1597 3349 Καὶ
1650 3295 1829 3358 τοῦτο,

1938 3298 2238 3367 ignoraret,
2272 3295 2598 3357 maturavit,
2633 3305 2961 3360 omnemque
2987 3288 3204 3359 lapiden
3246 3286 3433 3349 movit,
3468 3291 3528 3339 ut

238 3381 398 3451 φησὶ,
429 3383 590 3452 γνοὺς
619 3385 648 3437 ὁ
692 3382 890 3447 Ἰούδας
917 3385 1171 3449 ἔσπευσε,
1201 3386 1296 3439 καὶ
1341 3385 1520 3440 πάντα
1557 3385 1828 3457 ἐκίνησεν,

183 3547 200 3563 κ
237 3473 387 3528 ὣστε
423 3475 756 3548 παραδοῦναι
784 3477 967 3541 αὑτὸν,
994 3477 1200 3546 ἀγαθὸν
1231 3479 1392 3551 ἔργον
1434 3479 1666 3550 ποιήσας
1701 3480 1833 3550 ἡμῖν

238 3567 325 3629 είς
357 3567 649 3638 σωτηρίαν.
689 3569 797 3621 Καὶ
821 3569 902 3622 δεῖ
933 3570 1080 3639 ἡμᾶς
1106 3570 1368 3634 ἐπαινεῖν,
1402 3569 1495 3622 καὶ
1524 3568 1833 3622 ἀποδιδόναι

240 3659 396 3730 αὐτῷ
428 3659 519 3713 τὸν
557 3660 800 3725 ἔπαινον,
833 3662 915 3715 ὅτι
960 3662 1026 3715 δι’
1061 3662 1229 3716 αὑτοῦ
1263 3660 1676 3731 κατεσκευάσθη
1704 3661 1834 3730 ἡμῖν

241 3757 277 3824 ή
329 3753 422 3807 τοῦ
479 3754 716 3826 σταυροῦ
760 3755 1028 3827 σωτηρία,
1074 3757 1168 3809 καὶ
1204 3757 1238 3826 ή
1287 3755 1376 3809 διὰ
1430 3755 1528 3826 τῆς
1582 3753 1838 3825 τοιαύτης

244 3846 559 3910 ὑποθέσεως
591 3846 702 3900 τῶν
730 3849 842 3903 άνω
872 3847 1234 3917 ἀποκάλυψις.

319 3941 475 3994 Κατὰ
507 3941 686 3996 πάντα
716 3942 773 3995 δὲ
802 3942 1004 4012 τρόπον
1032 3936 1176 3996 οὗτοι
1211 3942 1542 4013 ὴπάτηνται,
1573 3942 1673 3996 οὐκ
1701 3942 1840 4010 ἀγα-

245 4035 341 4089 θόν
381 4051 504 4088 τινα
535 4033 803 4104 τιμῶντες
833 4034 866 4104 ἢ
899 4033 1263 4097 ἐπαινοῦντες.
1320 4033 1489 4105 Δῆλον
1519 4033 1614 4099 δὲ,
1643 4033 1727 4087 ὅτι
1777 4037 1841 4087 ἐκ

245 4125 345 4180 τοῦ
409 4126 659 4180 διαϐόλου
719 4126 904 4190 αὐτοῖς
961 4125 1136 4180 ταῦτα
1181 4124 1563 4196 ύπέσπαρται,
1621 4124 1691 4178 τὰ
1743 4129 1844 4195 τῆς

247 4220 475 4289 ἀγνοίας
509 4219 656 4288 λέγω
696 4219 791 4274 καὶ
824 4219 1060 4289 ἀπάτης.
1094 4217 1406 4289 Πληροῦται
1443 4219 1500 4272 δὲ
1537 4219 1624 4271 ἐπ’
1659 4219 1843 4281 αὐτοῖς

249 4316 314 4369 τὸ
368 4313 795 4385 γεγραμμένονο
856 4313 1002 4368 Οὐαί
1042 4311 1167 4378 τοῖς
1215 4311 1468 4381 λέγουσι
1523 4312 1588 4365 τὸ
1653 4311 1845 4365 καλὸν

250 4407 546 4477 πονηρὸν,
581 4409 680 4462 καί
738 4408 807 4462 τὸ
858 4406 1130 4476 πονηρὸν
1180 4405 1442 4477 ἀγαθόν’
1493 4408 1547 4459 ol
1585 4405 1846 4470 τιθέντες

251 4504 323 4557 τὸ
355 4503 577 4568 σκότος
611 4501 757 4571 φῶς,
791 4501 890 4555 καὶ
924 4502 991 4556 τὸ
1024 4499 1151 4570 φῶς
1184 4501 1440 4566 σκότος·
1483 4501 1539 4552 οἱ
1564 4497 1848 4568 λέγοντες

254 4595 324 4649 τό
356 4595 550 4664 γλυκὺ
605 4595 843 4662 πικρὸν,
889 4593 990 4647 καί
1024 4595 1092 4646 τὸ
1135 4593 1352 4660 πικρὸν
1390 4592 1605 4662 γλυκύ.
1662 4590 1846 4660 Πάντη

1936 3405 2061 3445 eum
2094 3388 2298 3444 Iudaeis
2336 3387 2592 3442 traderet.
2624 3384 2743 3451 Qua
2778 3385 2831 3439 in
2869 3399 2925 3437 re
2958 3381 3172 3452 egregie
3217 3379 3384 3432 saluti
3425 3393 3526 3431 no—

1937 3492 2064 3539 stra:
2103 3483 2399 3539 consuluit.
2434 3481 2510 3534 Ac
2550 3488 2835 3550 propterea
2883 3475 3138 3530 laudibus
3177 3489 3300 3527 eum
3335 3486 3526 3527 remu-

1937 3577 2122 3631 nerari
2152 3590 2252 3630 nos
2282 3581 2518 3644 oportet,
2561 3571 2721 3641 cujus
2753 3583 2917 3638 opera
2947 3566 3130 3621 crucis
3172 3565 3333 3620 nobis
3380 3565 3529 3618 salus

1938 3677 2022 3722 est
2080 3667 2171 3721 illa
2248 3671 2563 3736 comparata
2597 3704 2612 3728 ,
2681 3676 2896 3716 necnon
2956 3657 3262 3714 cmlestium
3345 3671 3528 3712 rerum

1939 3761 2130 3816 cadent
2163 3775 2230 3814 ex
2253 3758 2544 3814 occasione
2573 3755 2984 3810 communicata
3013 3750 3275 3822 cognitio.

2016 3943 2122 3999 Sed
2157 3958 2279 3999 cum
2322 3941 2411 3997 isti
2455 3939 2678 3993 minime
2719 3937 2922 3991 bonum
2961 3933 3198 4001 aliquem
3234 3929 3442 3982 honore
3472 3941 3538 3980 ac

1943 4036 2105 4090 laude
2142 4040 2564 4105 prosequantur,
2605 4038 2720 4084 toto
2759 4027 2900 4081 coelo
2927 4067 2941 4090 ,
2973 4024 3120 4094 quod
3156 4022 3346 4084 aiunt,
3382 4018 3540 4072 aber-

1944 4134 2088 4182 rant.
2129 4125 2318 4196 Neque
2368 4124 2670 4178 obscurum
2714 4118 2845 4173 illud
2885 4126 3008 4182 est,
3062 4116 3177 4168 haec
3216 4109 3540 4182 ignorantia:

1947 4194 2267 4288 fraudisque
2297 4215 2508 4272 semina
2552 4213 2689 4283 ipsis
2730 4226 2760 4263 a
2806 4208 3025 4262 diabolo
3061 4218 3283 4275 aspersa
3344 4201 3536 4255 fuisse.
3571 4194 3574 4197 ’

1945 4312 2002 4366 In
2035 4311 2234 4382 quibus
2284 4307 2416 4362 illud
2449 4314 2535 4360 est
2567 4321 2598 4359 e
2634 4303 2919 4372 Scriptura
2963 4296 3289 4369 profectum.
3331 4293 3422 4347 Vw
3451 4293 3541 4363 qui

1947 4405 2129 4458 dicunt
2169 4403 2358 4455 bonum
2400 4399 2602 4452 malum
2629 4437 2642 4460 ,
2699 4405 2746 4450 et
2797 4392 2998 4446 malum
3033 4393 3271 4443 bonum:
3323 4387 3410 4458 qui
3443 4401 3539 4454 po-

1951 4507 2079 4552 nunt
2108 4495 2348 4551 tenebras
2383 4493 2586 4556 lucem,
2622 4500 2670 4544 et
2704 4489 2869 4543 lucem
2902 4483 3142 4540 tenebras
3171 4499 3188 4538 :
3220 4482 3309 4553 qui
3357 4481 3543 4533 dicunt

1950 4591 2104 4643 dulce
2145 4603 2392 4642 amarum
2450 4593 2500 4638 et
2536 4598 2779 4636 amarum
2819 4578 2972 4632 dulce
3019 4578 3059 4630 ¹.
3094 4574 3230 4629 Nam
3267 4574 3324 4628 in
3361 4570 3543 4626 Veteri

255 4688 367 4759 γὰρ
393 4688 630 4756 ὲκφωνεῖ
675 4686 890 4740 Παλαιὰ
935 4687 1030 4739 καὶ
1058 4685 1235 4756 Καινὴ
1270 4684 1534 4756 Διαθήκη,
1569 4683 1664 4736 τοῦ
1706 4683 1830 4737 Κάἳπ

1952 4691 2007 4738 et
2033 4681 2182 4736 Novo
2212 4678 2562 4734 Testamento
2594 4673 2749 4730 Caini
2789 4671 3040 4742 impietas
3071 4673 3258 4738 aperta
3297 4679 3361 4718 ac
3395 4663 3549 4718 clara

254 4779 356 4850 τὴν
403 4779 675 4833 ἀσέϐειαν.
706 4777 1240 4849 ὲπικηρυκευομένη.
1275 4769 1434 4830 Οὗτοι
1465 4776 1546 4841 δὲ,
1590 4773 1686 4830 τοῦ
1717 4774 1846 4828 σκό-

253 4884 386 4930 τους
438 4866 590 4930 ὄντες
634 4866 894 4937 ἐρασταὶ,
930 4866 1026 4920 καὶ
1072 4865 1183 4919 τῶν
1213 4865 1525 4920 κακοποιῶν
1579 4865 1848 4936 μιμηταὶ,

257 4959 354 5014 τὸν
394 4958 560 5012 ’Λϐελ
593 4956 834 5028 μισοῦσι,
885 4957 977 5011 τὸν
1027 4957 1084 5011 δὲ
1135 4956 1271 5014 Κάῖν
1325 4956 1602 5028 ἀγαπῶσι,
1637 4958 1732 5011 καὶ
1773 4957 1852 5028 τῷ

274 5049 450 5120 Ἰούδᾳ
493 5050 585 5105 τὸν
617 5049 840 5104 ἔπαινον
887 5049 1112 5104 διδόασι.
1163 5049 1502 5122 Φθοριμαίαν
1548 5049 1605 5102 δὲ
1654 5049 1856 5118 γνῶσιν

263 5146 472 5216 ἔχουσι,
523 5143 617 5198 δύο
663 5143 948 5207 τάττοντες
997 5142 1292 5214 δυνάμεις,
1343 5142 1739 5214 ἀσθενεστέραν
1796 5159 1854 5195 τε

265 5239 363 5294 καὶ
423 5239 818 5312 δυνατωτέραν,
873 5237 1319 5308 ἀντιμαχομένας
1379 5236 1438 5290 δὲ
1501 5237 1641 5316 πρδς
1687 5236 1858 5308 ἀλλή-

263 5333 384 5396 λας,
418 5329 678 5394 ποιούσας
708 5329 765 5382 δὲ
795 5331 861 5384 ὲνρ
880 5328 960 5400 τῷ
992 5329 1184 5400 κόσμῳ
1216 5329 1276 5382 οὐ
1305 5327 1531 5400 γνώμης
1549 5328 1854 5392 ἀλλοίωσιν,

264 5428 404 5485 ἀλλὰ
449 5427 559 5481 τῶν
595 5427 1002 5499 γεγενημένων,
1035 5429 1163 5490 τοὺς
1212 5428 1310 5498 μὲν
1359 5427 1499 5481 κατὰ
1534 5427 1696 5498 φύσιν
1749 5427 1859 5480 ἀπὸ

265 5522 469 5586 κακίας
514 5521 612 5593 τὴν
661 5521 852 5576 οὐσίαν
883 5522 1048 5592 ἔχειν,
1099 5522 1226 5585 τοὺς
1271 5521 1327 5575 δὲ
1358 5520 1466 5574 ἀπὸ
1498 5520 1856 5592 άγαθότητος.

265 5613 475 5671 Οὐδένα
516 5613 572 5666 δὲ
617 5612 760 5668 κατά
797 5613 1022 5685 γνώμην
1049 5612 1252 5682 ἀγαθὸν
1282 5613 1313 5682 ἦ
1345 5611 1550 5682 φαῦλον
1586 5611 1855 5681 λέγουσιν,

266 5709 407 5764 ἀλλά
436 5706 580 5761 κατὰ
615 5707 797 5776 φύσιν.

349 5893 362 5924 ⁸
400 5888 504 5947 lsa.
539 5905 590 5948 v.
621 5888 708 5945 ‘20.

1953 4790 2088 4830 voce
2110 4773 2458 4846 ριωάίειιιυιν.
2485 4769 2566 4823 11ιί
2619 4774 2801 4822 autem
2853 4764 3206 4819 tenebrarum
3247 4764 3542 4822 amatores,

1958 4887 2024 4928 ac
2051 4869 2426 4926 maleficorum
2457 4862 2761 4917 imitatores
2793 4857 3024 4913 Abelum
3055 4855 3310 4914 oderunt,
3346 4858 3400 4906 et
3431 4848 3548 4903 Cai-

1957 4980 2088 5019 num
2151 4966 2372 5023 amant,
2427 4963 2482 5011 et
2521 4950 2717 5008 Judam
2771 4948 3048 5019 prazconio
3105 4961 3206 5001 suo
3246 4942 3558 4999 celebrant-._

1958 5053 2067 5110 Sed
2103 5059 2158 5107 et
2183 5044 2652 5121 perniciosissime
2681 5040 2950 5107 sentiunt,
2989 5037 3119 5092 dum
3150 5035 3405 5088 virtutem
3443 5030 3547 5086 du-

1959 5148 2154 5218 plicem
2179 5139 2521 5195 constituunt
2540 5173 2554 5198 ,
2586 5132 2917 5188 imbecillam
2939 5171 2954 5198 ,
2983 5137 3037 5185 et
3061 5125 3356 5181 firmiorem
3378 5163 3392 5188 ,
3424 5137 3547 5218 quae

1958 5211 2144 5294 secum
2183 5229 2418 5286 invicem
2451 5223 2793 5285 dissideant,
2828 5235 2894 5274 ac
2933 5235 3044 5272 non
3095 5217 3438 5270 voluntatum
3490 5211 3547 5264 in

1962 5327 2167 5385 mundo
2203 5322 2522 5377 varietatem
2553 5314 2824 5370 inferant:
2867 5309 3033 5381 279
3066 5307 3160 5364 sed
3208 5304 3339 5360 illud
3387 5302 3549 5374 perli-

1965 5424 2149 5486 ciant,
2196 5424 2256 5472 ut
2285 5414 2379 5486 qui
2431 5412 2486 5465 in
2538 5410 2717 5462 lucem
2769 5405 3077 5475 prodeunt,
3129 5399 3221 5454 alii
3252 5397 3483 5468 primum
3520 5409 3548 5447 a

1968 5515 2112 5572 malo
2140 5519 2352 5567 natura:
2380 5503 2670 5576 originem,
2699 5499 2791 5551 alii
2831 5514 2860 5551 a
2898 5497 3042 5552 bono
3079 5493 3378 5549 derivatam
3409 5489 3549 5543 acci-

1968 5609 2140 5679 piant.
2177 5600 2456 5657 Neminem
2514 5593 2660 5650 euim
2695 5591 2772 5646 illi
2821 5606 2885 5644 ex
2939 5587 3106 5642 animi
3156 5582 3549 5641 deliberatione

1969 5674 2174 5756 bonum
2216 5707 2336 5750 esse
2375 5689 2455 5744 vel
2488 5686 2711 5750 malum,
2753 5680 2844 5737 sed
2878 5687 3071 5736 natura
3115 5679 3232 5750 ipsa
3261 5674 3549 5732 definiunt.
