3934 6428
194 395 315 454 681

862 389 1240 449 ADVERSUS
1274 384 1621 446 HIERESES
1657 380 1788 440 LIB.
1825 381 1867 439 1.
1911 376 2077 438 ΤΟΜ.
2118 376 2208 434 Ill.
2246 406 2318 419 -—
2350 372 2629 432 HERES.
2652 368 2944 428 XXXVIII.

3390 360 3503 418 662

193 512 329 582 ἐγὼ
364 508 553 565 αὑτὸν
582 506 915 579 παραδώσω
948 508 1127 580 ὑμῖν;
1151 508 1269 576 καὶ,
1302 508 1406 562 Ὃν
1429 506 1508 562 ἂν
1538 503 1802 576 φιλήσω,

1919 516 2017 557 nus
2043 500 2242 557 attulit.
2277 498 2467 570 Neque
2494 497 2653 554 aliter
2677 492 2877 550 Judas:
2914 488 3054 557 Quid
3082 486 3260 582 vultis,
3292 484 3495 582 inquit,

193 604 398 670 αὐτός
425 601 559 656 ἐστι
576 617 591 632 ·
640 600 981 669 κρατήσατε
1014 603 1223 656 αὐτόν.
1260 600 1372 655 Καὶ
1402 596 1575 653 ἐλθὼν
1609 599 1638 653 6
1668 613 1803 669 προ⁶

196 694 396 766 δύτης,
429 695 630 761 Χαῖρε,
689 693 927 762 Ῥαϐϐἡ,
976 692 1130 764 ἔλεγε
1149 709 1164 723 ο
1204 692 1319 757 τοῖς
1360 689 1563 762 χείλεσι
1601 688 1800 761 τιμῶν,

199 786 449 860 καρδίαν
474 785 532 840 δὲ
565 786 754 859 πόρρω
793 787 1106 859 ἀπέχουσαν
1134 782 1272 840 Θεοῦ
1298 782 1658 856 κεκτημένος.

283 963 365 1020 E'.
416 964 559 1035 ’Δρα
594 961 727 1034 γοῦν
762 953 919 1028 οὗτος
940 964 969 1017 6
1015 961 1239 1028 Ἰούδας,
1279 959 1461 1034 πατὴρ
1502 959 1681 1014 αὐτῶν
1708 975 1802 1029 γε·

199 1053 460 1124 νόμενος,
491 1052 634 1108 κατὰ
657 1051 756 1124 τὴν
785 1052 1138 1126 ἀρνησιθεϊαν
1174 1051 1271 1106 καὶ
1308 1050 1593 1124 προδοσίαν
1627 1050 1803 1105 Σαταρ

202 1149 317 1213 vi;
357 1144 602 1218 ὑπάρξας
654 1145 746 1201 καὶ
795 1144 1063 1210 διάϐολος,
1108 1145 1170 1199 οὐ
1207 1146 1273 1216 τῇ
1326 1142 1507 1214 φύσει,
1549 1141 1688 1198 ἀλλά
1733 1143 1800 1214 τῇ

201 1236 438 1312 γνώμῃ,
456 1237 571 1303 υίὸς
596 1236 887 1309 γεγένηται
916 1231 1070 1301 οὗτος
1099 1236 1197 1291 τοῦ
1227 1237 1369 1291 Κάῖν
1402 1235 1543 1292 κατά
1570 1236 1804 1309 μίμησιν

202 1329 317 1384 τοῦ
342 1320 791 1404 ἀνθρωποκτόνου
838 1331 935 1384 καὶ
977 1329 1213 1401 ψεύστου
1232 1347 1247 1364 ο
1278 1330 1467 1403 ἐπειδὴ
1511 1330 1606 1385 καὶ
1635 1331 1664 1385 ό
1696 1348 1801 1385 πα-

205 1418 322 1490 τὴρ
367 1418 533 1473 αὐτοῦ
582 1419 688 1492 πρὸ
729 1418 895 1473 αὐτοῦ
946 1419 1190 1493 ψεύστης
1234 1414 1324 1492 ἦν,
1370 1421 1468 1492 οὐχ
1516 1422 1545 1475 6
1608 1421 1800 1492 Ἀδάμ,

207 1509 331 1565 ἀλλ’
378 1513 407 1566 6
443 1510 693 1575 διάϐολος
714 1527 729 1543 ·
763 1504 826 1565 οὗ
862 1511 964 1584 τὴν
1000 1512 1235 1583 μίμησιν
1266 1512 1425 1583 ἔσχεν
1465 1515 1523 1566 ἐν
1553 1515 1617 1583 τῇ
1649 1512 1804 1567 ἀδελ-

212 1602 498 1674 φοκτονίᾳ,
536 1602 707 1674 μίσει,
736 1602 833 1657 καὶ
870 1602 948 1673 τῷ
988 1601 1197 1672 ψεύδει,
1246 1602 1509 1676 καὶπρὸς
1535 1603 1670 1656 Θεὸν
1716 1604 1805 1658 ἀν·

209 1694 459 1766 τιλογίᾳ,
503 1694 585 1766 τῷ
629 1694 830 1765 λέγειν,
857 1695 955 1765 Μὴ
997 1696 1203 1766 φύλαξ
1235 1696 1353 1767 ειμι
1387 1697 1494 1750 τοῦ
1531 1695 1802 1766 ἀδελφοῦ

209 1803 364 1856 μου;
395 1788 518 1842 Οὐκ
546 1782 679 1840 οῖδα
704 1787 825 1843 ποῦ
856 1787 1050 1843 ἐστιν.
1088 1786 1246 1842 Οὕτω
1288 1788 1382 1842 καὶ
1406 1788 1434 1841 6
1457 1787 1701 1852 διάϐολος
1722 1786 1802 1858 τῷ

211 1878 409 1952 κυρίῳ
435 1879 569 1951 φησί
591 1896 605 1910 ο
658 1879 759 1949 Μὴ
789 1880 1021 1950 δωρεὰν
1048 1881 1287 1936 σέϐεται
1332 1881 1464 1936 Ἰὼϐ
1489 1880 1598 1936 τὸν
1626 1882 1805 1949 Geor;
1836 1859 1879 1914 Β

226 1970 446 2043 Ἐπειδὴ
479 1971 589 2044 γάρ
617 1972 781 2037 αὐτὸς
808 1974 837 2026 6
872 1973 1118 2037 διάϐολος
1159 1972 1240 2045 τῷ
1267 1972 1450 2044 ψεύδει
1480 1974 1665 2044 ἀπατᾷ
1706 1973 1807 2045 τὴν

214 2059 364 2116 Εὕαν
401 2063 612 2118 καὶτὸν
664 2064 856 2136 Ἀδὰμ,
891 2064 1060 2136 ἕτερα
1098 2065 1216 2120 ἀνθ’
1253 2066 1458 2138 ἐτέρων
1484 2065 1679 2136 λέγων,
1709 2065 1807 2120 καὶ

215 2152 403 2222 φιλίαν
434 2156 809 2228 προσποιητὴν
849 2156 1290 2228 ἐνδεικνύμενος,
1319 2157 1405 2211 ὅτι
1437 2158 1700 2212 Ἕσεσθε
1725 2157 1808 2225 ὡς

217 2245 361 2313 θεοί,
402 2247 501 2301 καὶ
546 2250 658 2304 οὐκ
705 2249 1106 2306 ἀποθανεῖσθε
1123 2266 1137 2279 ·
1176 2248 1368 2305 τοῦτον
1401 2250 1736 2322 μιμούμενος
1777 2252 1807 2305 6

219 2336 373 2403 Κάῖν,
407 2342 759 2413 προσχήματι
794 2341 1146 2413 φιλαδελφίας
1185 2342 1373 2413 ἠπάτα
1414 2343 1506 2398 τὸν
1554 2342 1803 2412 ἀδελφὸν,

218 2428 392 2499 λέγων
413 2445 429 2463 δ
459 2431 794 2503 Διέλθωμεν
819 2434 907 2500 εις
933 2432 1001 2487 τὸ
1051 2432 1282 2490 πεδίον.
1324 2434 1424 2488 Διά
1468 2434 1627 2490 τοῦτο
1653 2435 1747 2489 καὶ
1776 2435 1807 2489 6

218 2518 374 2589 άγιος
411 2521 667 2594 Ἰωάννης
707 2519 863 2578 εἶπεν
881 2539 897 2555 ο
945 2523 1009 2577 Ὃ
1033 2522 1236 2594 μισῶν
1267 2523 1375 2579 τὸν
1403 2523 1673 2595 ἀδελφὸν
1698 2526 1805 2580 αὐ-

219 2613 349 2679 τοῦ,
384 2609 562 2681 οὗτος
597 2616 671 2670 οὐ
714 2616 1084 2671 τετελείωται
1114 2617 1185 2671 ἐν
1215 2615 1290 2687 τῇ
1316 2615 1541 2689 ἀγάπῃ,
1563 2619 1703 2673 ἀλλ’
1738 2619 1809 2673 ἐκ

214 2707 331 2763 τοῦ
360 2708 514 2763 Κὰϊν
534 2709 708 2764 ἐστίν
730 2725 746 2741 ο
801 2706 894 2763 ὅτι
920 2708 1239 2764 ἀπέκτεινε
1265 2709 1376 2765 τὸν
1404 2708 1676 2780 ἀδελφόν
1704 2712 1810 2765 αὐ-

212 2798 348 2856 τοῦ.
380 2800 495 2854 Καὶ
518 2799 619 2854 διὰ
659 2800 718 2854 τι
746 2799 937 2855 αὑτὸν
970 2799 1324 2856 ἀπέκτεινεν
1346 2818 1362 2831 ·
1396 2802 1527 2855 Ὅτι
1577 2798 1658 2873 ἦν
1701 2815 1809 2857 που

214 2890 375 2958 νιψά
398 2891 472 2945 τὰ
497 2891 642 2961 ἔργα
666 2891 852 2947 αὐτοῦ
875 2909 892 2924 ο
943 2892 1041 2946 καὶ
1082 2890 1325 2963 ἐζήλωσε
1363 2892 1433 2948 τά
1458 2892 1597 2964 ἔργα
1621 2893 1806 2961 αὐτοῦ,

214 2980 306 3035 ὅτι
327 2976 396 3052 ἦν
430 2982 590 3037 καλά.
635 2982 792 3038 Οὕτω
820 2984 916 3039 καὶ
946 2976 1115 3049 οὗτοι,
1148 2984 1350 3055 μᾶλλον
1381 2984 1705 3055 φθονοῦντες
1732 2984 1811 3058 τῷ

222 3069 413 3136 Ἅϐελ,
446 3070 523 3143 τῷ
556 3072 698 3126 καλά
720 3072 896 3145 ἔχοντι
942 3075 1102 3146 ἔργα,
1133 3074 1225 3129 τὸν
1260 3075 1317 3129 δέ
1348 3076 1489 3130 Κάῖν
1522 3076 1809 3148 τιμῶντες,

1906 592 2037 648 mihi
2064 593 2225 659 dare,
2257 603 2306 647 et
2339 607 2431 663 ego
2465 606 2585 645 eum
2633 585 2777 642 vobis
2812 582 3026 640 tradam
3048 581 3114 635 "i
3163 578 3268 644 Et,
3301 575 3497 643 Quem-

1905 701 2110 756 cunque
2132 684 2405 740 osculatus
2438 682 2602 753 [πει-θ’
2620 680 2733 749 ipse
2762 685 2865 744 est,
2892 683 3056 731 tenete
3088 687 3207 727 eum
3229 670 3273 727 ".
3304 668 3370 722 Et
3408 683 3499 723 ac-

1904 776 2109 832 cedens
2137 776 2399 841 traditor,
2430 773 2539 827 Ave
2558 812 2573 836 ,
2614 769 2813 840 inquit,
2854 766 3024 821 Rabbi
3054 765 3098 830 ⁸,
3136 761 3296 817 labiis
3321 760 3498 814 bono»

1904 883 2037 925 rans
2060 906 2076 931 ,
2105 883 2203 923 cor
2232 875 2414 923 autem
2449 864 2610 935 longe
2632 861 2792 917 aDeo
2823 864 3095 915 remotum
3126 867 3323 926 gerens
3346 852 3391 906 ⁸.

1977 959 2045 1016 V.
2087 960 2454 1028 Quamobrem
2482 956 2574 1012 hic
2611 955 2702 1009 ille
2715 951 2886 1009 Judas
2919 957 3026 1014 est,
3055 949 3150 1019 qui
3169 956 3221 1001 et
3250 945 3505 1015 ipsorum

1905 1068 2129 1125 parens,
2177 1060 2233 1109 et
2276 1054 2501 1123 propter
2523 1045 2782 1103 Numinis
2826 1042 3243 1113 ubnegationem
3311 1034 3500 1106 prodi-

1904 1148 2221 1219 tionemque
2245 1147 2478 1203 Satanas
2506 1143 2628 1209 fuit,
2645 1151 2700 1198 et
2723 1140 3002 1197 voluntate
3027 1152 3136 1193 non
3156 1141 3354 1190 natura
3375 1130 3497 1185 dia-

1901 1239 2092 1309 bolus,
2140 1239 2400 1310 idemque
2426 1235 2710 1293 mendacis
2756 1247 2822 1288 ac
2849 1230 3137 1303 parricidae
3164 1226 3324 1283 Caini
3357 1223 3498 1279 dun-

1906 1344 2058 1392 taxat
2093 1335 2402 1390 imitatione
2441 1332 2622 1396 ﬁlius;
2657 1323 3103 1400 quandoquidem
3133 1329 3188 1379 et
3213 1320 3336 1391 ejus
3372 1325 3500 1372 ante

1904 1429 2084 1500 ipsum
2112 1437 2270 1498 pater
2290 1423 2525 1481 mendax
2548 1421 2649 1477 fuit
2676 1434 2786 1476 non
2805 1418 3072 1480 Adamus,
3100 1411 3197 1470 sed
3219 1409 3496 1500 diabolus:

1903 1499 2066 1592 cujus
2097 1520 2153 1575 in
2186 1519 2430 1574 fraterna
2457 1514 2628 1579 caede,
2660 1511 2902 1581 odioque
2932 1522 2998 1564 ac
3029 1502 3321 1561 mendacio
3355 1499 3505 1557 simi-

1902 1614 2193 1672 litudinem
2231 1608 2532 1681 expressit:
2570 1615 2687 1662 tum
2719 1620 2786 1660 eo
2816 1604 3042 1672 insuper
3075 1599 3202 1669 ipso
3232 1592 3380 1665 quod
3411 1592 3499 1647 his

1902 1707 2086 1765 verbis
2114 1704 2227 1759 Deo
2267 1701 2632 1759 contradixit:
2671 1697 2725 1751 Ν
2730 1713 2817 1751 um
2847 1703 3025 1749 custos
3061 1689 3245 1763 fratris
3274 1687 3377 1741 mei
3408 1699 3503 1755 ego

1905 1803 2067 1857 sum?
2113 1798 2217 1853 Ubi
2254 1797 2325 1853 sit
2365 1788 2596 1851 nescit)".
2656 1785 3130 1858 Quemadmodum
3172 1788 3227 1836 et
3269 1776 3502 1833 Domino

1907 1892 2158 1949 diabolus
2198 1888 2442 1960 loquitur
2474 1906 2488 1943 :
2528 1885 2672 1941 Num
2708 1884 2914 1955 frustra
2948 1877 3053 1934 Job
3085 1877 3233 1930 timet
3264 1871 3432 1925 Deum
3455 1868 3504 1960 τι

1908 1982 2178 2051 Quoniam
2203 1957 2349 2037 enim
2384 1977 2639 2037 diabolus
2667 1975 2788 2046 ipse
2817 1971 2987 2025 Evam
3017 1975 3075 2024 et
3089 1962 3356 2020 Adamum
3385 1957 3502 2015 suis

1907 2076 1965 2132 in
2004 2073 2255 2129 fraudem
2301 2068 2610 2127 mendaciis
2660 2064 2979 2136 impulerat,
3021 2059 3158 2114 falsa
3205 2070 3305 2127 pro
3353 2051 3501 2107 veris

1908 2182 2209 2240 usurpans,
2226 2180 2292 2220 ac
2313 2161 2631 2220 simulatam
2657 2155 2956 2213 amicitiam
2981 2150 3276 2221 objiciens:
3306 2143 3509 2209 Erilis,

1908 2237 2108 2334 inquit,
2138 2259 2276 2315 sicut
2304 2255 2403 2322 dii,
2425 2262 2476 2310 et
2502 2269 2610 2307 non
2636 2246 2935 2306 moriemini
2948 2246 3001 2313 ’_;
3031 2243 3182 2298 hunc
3212 2237 3503 2334 aemulatus

1907 2326 2048 2411 Cain
2086 2352 2347 2408 fraternae
2374 2345 2665 2403 charitati's
2693 2340 2878 2412 specie
2906 2347 3229 2409 germanum
3263 2326 3509 2396 decepit,

1908 2447 1995 2502 his
2034 2442 2219 2501 verbis
2256 2442 2577 2510 alloquens:
2618 2431 2977 2505 Egrediamur
3012 2422 3244 2497 foras”.
3293 2418 3515 2476 idcirco.

1909 2538 2108 2594 beatus
2135 2533 2378 2590 Joannes
2406 2531 2482 2586 ita
2518 2526 2711 2586 scribit
2751 2544 2764 2580 :
2791 2524 2897 2591 Qui
2922 2520 3033 2577 odit
3072 2518 3294 2605 fratrem
3324 2527 3502 2605 suum,

1910 2629 2072 2700 281
2112 2626 2195 2680 hic
2222 2625 2277 2678 in
2310 2622 2572 2677 charitate
2598 2616 2862 2689 perfectus
2910 2628 3016 2669 non
3043 2618 3146 2672 est,
3192 2603 3282 2659 sed
3333 2608 3413 2657 est
3438 2603 3506 2655 es

1911 2696 2120 2784 auiae;
2171 2716 2421 2788 quom'am
2462 2713 2685 2783 fratrem
2731 2722 2887 2764 suum
2920 2702 3135 2758 occidit.
3186 2696 3253 2751 Et
3295 2702 3508 2788 propter

1909 2813 2034 2884 quid
2049 2783 2239 2867 occidit
2255 2809 2412 2864 eum?
2436 2802 2701 2871 Quoniam
2722 2815 2881 2870 opera
2903 2796 3019 2867 ejus
3031 2791 3268 2884 maligna
3274 2794 3425 2842 erant
3440 2783 3506 2848 “;

1911 2883 1967 2960 et
2005 2903 2155 2959 illius
2193 2899 2393 2956 invidit
2433 2896 2720 2968 operibus,
2767 2890 3029 2963 quoniam
3071 2890 3229 2942 erant
3255 2883 3505 2937 honesta.

1915 2992 2008 3049 Sic
2029 2993 2108 3049 illi
2140 2993 2313 3048 Abelo
2366 2990 2551 3061 p0tius
2589 2984 2929 3046 invidentes,
2965 2977 3128 3048 cujus
3161 2988 3339 3061 opera,
3366 2970 3515 3061 bona.

1910 3090 2068 3150 sunt,
2101 3091 2156 3140 et
2176 3058 2409 3138 Cainum
2441 3079 2801 3138 honorantes,
2831 3085 3017 3127 nonne
3040 3067 3127 3122 vel
3158 3063 3294 3134 ipsis
3319 3058 3511 3115 Salva-

218 3161 344 3226 πῶς
372 3163 496 3217 οὐκ
515 3163 853 3236 ἐλέγχονται,
883 3166 1182 3239 διαρρήδην
1214 3165 1308 3221 τοῦ
1344 3168 1811 3240 Σωτῆροςλέγονε

1919 3175 2051 3229 toris
2074 3173 2257 3230 verbis
2282 3168 2575 3226 maniteste
2594 3164 3034 3235 redarguuntur:
3068 3155 3161 3227 qui
3190 3156 3245 3209 in
3268 3152 3393 3207 illos
3406 3163 3513 3260 Lsc-

218 3271 338 3319 τος,
390 3256 485 3309 καὶ
524 3256 802 3328 ἀπότομον
846 3257 1124 3328 ἀπόφασιν
1173 3260 1448 3331 ὁρίζοντος
1500 3260 1702 3328 αὐτοῖς,
1731 3264 1815 3316 ὅτι

219 3348 640 3418 Ζητηθήσεται
686 3350 808 3417 ἀπὸ
844 3349 957 3420 τῆς
1002 3350 1215 3421 γενεᾶς
1254 3355 1482 3422 ταύτης
1514 3353 1639 3409 πᾶν
1670 3350 1818 3426 αἷμα

216 3440 465 3496 δίκαιον
494 3441 613 3497 ἀπὸ
667 3443 841 3499 Ἅϐελ
869 3442 977 3512 τοῦ
1009 3442 1248 3498 δικαίου
1281 3445 1347 3499 τό
1374 3446 1477 3502 ἀπ’
1503 3444 1699 3516 ἀρχῆς
1719 3446 1820 3500 ἐκ·

221 3532 562 3604 κεχυμένον
592 3533 704 3602 ἕως
728 3533 1028 3605 Ζαχαρίου
1059 3535 1167 3591 τοῦ
1198 3535 1531 3607 προφήτου,
1591 3533 1664 3594 οὗ
1705 3539 1819 3594 ἀπ-

218 3625 528 3679 εκτείνατε
549 3624 747 3696 μέσον
769 3626 877 3683 τοῦ
905 3627 1055 3683 ναοῦ
1085 3629 1184 3684 καί
1212 3629 1319 3685 τοῦ
1348 3631 1784 3701 θυσιαστηρίου
1800 3671 1816 3699 ,

226 3718 328 3772 καὶ
352 3715 422 3771 τὰ
446 3717 576 3788 ἑξῆς
596 3735 611 3785 ;
692 3775 700 3781 .

305 3809 399 3876 ς’.
437 3810 552 3864 Οὐκ
581 3809 691 3882 ἄρα
722 3809 925 3879 τοίνυν,
956 3810 1034 3876 ὡς
1062 3804 1210 3867 οὗτοι
1251 3830 1409 3882 φασι,
1441 3813 1530 3869 διὰ
1562 3814 1765 3885 γνῶσιν
1791 3814 1821 3868 6

238 3901 448 3966 Ἰούδας
473 3903 761 3976 παρέδωκε
791 3903 884 3958 τὸν
906 3905 1157 3979 Σωτῆρα·
1190 3905 1315 3961 οὐδὲ
1355 3907 1600 3962 Ἰουδαῖοι
1628 3906 1822 3979 μισθὸν

224 3992 417 4063 ἔχουσι
439 3992 857 4065 σταυρώσαντες
884 3993 975 4049 τὸν
997 3995 1227 4068 Κύριον,
1251 3996 1430 4052 καίτοι
1457 4015 1522 4067 γε
1542 3997 1631 4053 διά
1653 4015 1821 4053 σταυ-

230 4084 327 4159 ροῦ
358 4086 593 4158 ἐχόντων
622 4087 780 4159 ἡμῶν
808 4087 909 4160 τὴν
938 4089 1235 4161 σωτηρίαν.
1266 4088 1407 4143 Οὔτε
1428 4089 1539 4160 γὰρ
1572 4089 1823 4162 παρέδω-

224 4195 329 4233 κεν
358 4178 523 4233 αὐτὸν
554 4180 585 4234 6
627 4179 853 4244 Ἰούδας,
886 4178 973 4235 ἵνα
998 4180 1225 4253 γένηται
1251 4181 1387 4251 ἡμῖν
1413 4181 1495 4244 εἰς
1524 4181 1819 4253 σωτηρίαν

224 4270 370 4325 ἀλλά
391 4272 519 4325 κατ’
543 4270 790 4342 ἄγνοιαν,
839 4272 1024 4345 ζῆλον,
1071 4273 1164 4327 καὶ
1193 4272 1562 4346 φιλαργυρίαν
1593 4275 1824 4347 ἀρνησι-

222 4362 405 4427 θεῙας.
444 4361 564 4417 Κάν
590 4379 652 4417 τε
678 4364 788 4435 γάρ
815 4364 945 4436 εἴπῃ
981 4365 1015 4437 ἡ
1045 4363 1238 4437 Γραφὴ
1276 4364 1370 4419 τὸν
1414 4364 1651 4435 Χριστὸν
1693 4364 1824 4436 μέλ-

229 4453 394 4508 λοντα
424 4450 641 4523 σταυρῷ
662 4452 1076 4524 παραδίδοσθαι,
1104 4452 1138 4525 ἢ
1165 4451 1272 4505 κᾶν
1296 4449 1444 4504 εἴποι
1469 4452 1503 4523 ἡ
1534 4449 1655 4505 θεία
1678 4450 1825 4523 Γρα-

1919 3281 2046 3322 vere
2088 3279 2153 3320 ac
2200 3265 2322 3319 sine
2366 3261 2479 3316 ulla
2536 3253 2993 3330 tergiversatione
3037 3246 3379 3305 sententiam
3406 3241 3514 3296 hoc

1918 3357 2083 3414 modo
2119 3356 2278 3411 tulit:
2337 3353 2650 3424 Requiretur
2693 3348 2760 3404 ab
2791 3346 2891 3400 hac
2924 3340 3258 3416 generatione
3296 3333 3512 3405 sanguis

1920 3450 2091 3509 omnis
2114 3449 2321 3519 justus,
2347 3448 2437 3518 qui
2463 3445 2663 3515 effusus
2686 3450 2765 3497 est
2794 3439 2860 3494 ab
2879 3437 3011 3493 Abel
3028 3435 3177 3506 justo
3200 3449 3232 3486 a
3253 3427 3515 3501 principio

1920 3528 2085 3613 usque
2116 3539 2184 3595 ad
2213 3537 2537 3593 Zachariam
2563 3533 2897 3604 prophetam,
2923 3543 3077 3596 quem
3097 3521 3365 3581 occidistis
3380 3522 3518 3576 inter

1922 3634 2175 3705 templum
2194 3640 2243 3688 et
2261 3628 2526 3686 altare“?
2555 3634 2660 3684 etc.

1994 3806 2085 3862 Vl.
2115 3803 2338 3861 Falsum
2368 3805 2536 3876 igitur
2562 3808 2669 3868 est,
2699 3798 2847 3871 quod
2881 3797 2973 3854 isti
3002 3796 3283 3866 iactitant,
3310 3791 3518 3848 ludam

1894 3900 1997 3967 ⁴οι)
2025 3914 2150 3955 eam
2192 3912 2363 3970 quam
2395 3895 2635 3951 habebat
2678 3891 2970 3950 scientiam
3005 3888 3347 3945 Salvatorem
3391 3901 3520 3956 pro—

1924 3993 2132 4049 didisse
2154 4009 2173 4047 :
2210 3990 2461 4059 adeoque
2490 4001 2610 4042 nec-
2634 3985 2739 4055 ipsi
2785 3980 2962 4039 Judaei
3004 3980 3230 4037 Christo
3268 3978 3324 4034 in
3355 3991 3523 4034 cruce

1924 4084 2121 4140 sullixo
2169 4080 2482 4137 mercedem
2517 4073 2803 4133 consecuti
2852 4080 3003 4136 sunt,
3038 4070 3298 4142 quamvis
3335 4068 3522 4124 crucis

1926 4175 2096 4232 nobis
2123 4173 2394 4230 beneﬁcio
2430 4170 2585 4226 salus
2612 4166 2919 4224 obvenerit.
2957 4162 3078 4219 Non
3105 4163 3254 4218 enim
3288 4170 3348 4218 ut
3374 4160 3523 4216 salu-

1926 4278 2038 4327 tem
2069 4264 2233 4321 nobis
2255 4261 2498 4326 aberret,
2521 4258 2549 4317 J
2558 4258 2697 4316 udas
2725 4258 2880 4313 illum
2907 4254 3167 4321 tradidit;
3201 4250 3298 4309 sed
3320 4252 3521 4322 partim

1928 4354 2264 4429 ignorantia,
2288 4352 2491 4425 partim
2520 4348 2747 4415 invidia,
2770 4355 2826 4404 et
2854 4346 3086 4404 avaritia
3113 4344 3336 4408 ductus,
3355 4357 3520 4413 quam

1928 4463 2057 4504 cum
2090 4445 2189 4503 Dei
2220 4446 2588 4516 abnegatione
2624 4441 3010 4514 coniunxerat.
3045 4438 3263 4495 Etenim
3306 4435 3435 4490 licet
3467 4434 3524 4489 in

230 4545 310 4616 φὴ
342 4543 412 4599 τὰ
439 4544 527 4597 ἐπ’
562 4544 777 4616 ἐσχάτῳ
797 4544 815 4575 ί
875 4543 984 4597 τῶν
1017 4544 1242 4619 ἡμερῶν
1260 4545 1328 4599 δι’
1365 4545 1524 4617 ἡμῶν
1549 4545 1816 4601 ἐπιτελού·

1932 4555 2157 4598 crucem
2190 4548 2376 4594 actum
2430 4538 2496 4592 iri
2534 4536 2819 4593 Christum
2854 4532 3141 4604 Scriptura
3174 4527 3524 4602 praedixerit;

237 4653 377 4709 μενα
406 4630 760 4709 ἀτοπήματα,
791 4635 855 4691 οὐ
887 4634 1110 4702 πάντως
1139 4636 1289 4709 εὕροι
1317 4636 1384 4692 ἄν
1415 4655 1501 4702 τις
1532 4637 1692 4710 ἡμῶν
1713 4637 1823 4693 τῶν

230 4726 307 4782 τά
329 4727 626 4800 παράνομα
646 4725 996 4799 πραττόντων
1016 4726 1337 4796 ἀπολογίαν,
1361 4726 1462 4800 τὴν
1483 4727 1585 4799 τῆς
1605 4728 1829 4800 Γραφῆς

241 4817 549 4892 μαρτυρίαν
569 4817 879 4891 προφέρων,
903 4817 1378 4891 προθεσπιζούσης
1392 4818 1568 4874 ταῦτα
1587 4819 1828 4876 ἔσεσθαι.

237 4908 317 4966 Οὐ
340 4908 449 4984 γάρ
474 4911 557 4965 ὅτι
603 4903 756 4964 εἷπεν
793 4912 828 4983 ἡ
859 4910 1076 4983 Γραφὴ,
1111 4911 1396 4984 ποιοῦμεψ
1429 4912 1544 4967 ἀλλ’
1570 4913 1654 4968 ὅτι
1682 4913 1837 4985 ἐμέλ·

236 5004 407 5075 λομεν
441 5004 638 5067 ποιεῖν,
670 5004 930 5076 προεῖπεν
965 5005 998 5074 ἡ
1038 5003 1252 5079 Γραφὴ,
1284 5003 1373 5058 διὰ
1415 5004 1517 5076 τὴν
1554 5002 1650 5059 τοῦ
1699 5004 1835 5060 Θεοῦ

240 5095 578 5169 πρόγνωσιν,
603 5095 699 5150 καὶ
723 5095 810 5150 ἵνα
836 5094 992 5160 Θεὸς,
1019 5094 1227 5165 ἀγαθὸς
1246 5094 1532 5168 ὑπάρχων,
1560 5096 1838 5169 ἐπιφέρων

234 5189 298 5244 δὲ
328 5187 430 5259 τὴν
456 5187 629 5259 ὀργὴν
659 5173 808 5242 κατᾶ
830 5187 939 5242 τῶν
967 5187 1417 5260 ἁμαρτανόντων,
1452 5187 1529 5260 μὴ
1550 5188 1837 5260 ὑποληφΘῇ

231 5279 407 5354 πάθει
436 5280 820 5352 συνεχόμενος.
861 5280 927 5334 Ἥ
960 5278 1071 5353 γὰρ
1100 5279 1223 5334 καθ’
1255 5280 1488 5335 ἕκαστον
1519 5279 1628 5334 τῶν
1660 5281 1841 5352 ἁμαρ-

239 5373 513 5429 τανόντων
543 5372 697 5445 παρά
726 5371 864 5427 Θεοῦ
899 5371 1039 5446 ὀργὴ
1071 5373 1172 5428 οὐκ
1199 5362 1308 5428 ἀπὸ
1334 5372 1541 5438 πάθους
1575 5374 1835 5444 ὁρμᾶται.

255 5465 493 5530 ’Δπαθές
524 5465 637 5538 γάρ
668 5466 731 5520 τὸ
762 5466 917 5522 Θείον
955 5484 970 5499 ·
1011 5466 1266 5541 ἐπιφέρει
1301 5466 1359 5521 δὲ
1390 5466 1490 5540 τὴν
1518 5465 1690 5539 ὀργὴν
1718 5468 1845 5522 κατ’

243 5558 541 5630 ἄνθρωπον
566 5560 611 5624 ⁸,
653 5558 715 5613 οὐ
751 5559 915 5614 πάθει
964 5560 1170 5633 ληφθὲν
1228 5559 1684 5631 ἀγανακτήσεως,
1717 5556 1839 5612 οὐδὲ

242 5653 385 5725 ὀργῇ
404 5649 640 5725 ἡττηθὲν
661 5653 753 5707 καὶ
780 5652 1169 5727 κρατούμενον.
1193 5651 1448 5706 Δείκνυσι
1470 5649 1579 5724 γάρ
1610 5649 1671 5705 τὸ
1691 5650 1837 5705 άπα-

1928 4649 1998 4690 ac
2032 4647 2157 4705 quae
2182 4630 2480 4703 postremis
2506 4628 2853 4700 temporibus
2881 4642 2913 4681 a
2940 4624 3103 4681 nobis
3130 4618 3525 4679 committenda

1932 4734 2066 4783 sunt
2091 4725 2303 4782 scelera
2347 4722 2441 4779 diu
2487 4727 2615 4778 ante
2642 4719 2992 4793 signiﬁcarit,
3027 4716 3261 4781 nullam,
3305 4714 3356 4769 si
3386 4709 3529 4765 male

1886 4892 1889 4893 ν
1935 4820 2226 4894 quidpiam
2251 4816 2552 4889 egerimus,
2587 4831 2656 4871 ex
2683 4815 2820 4870 iisce
2845 4811 3146 4883 Scriptura:
3167 4802 3525 4864 testimoniis.

1937 4929 2061 4985 qua:
2091 4912 2147 4967 id
2183 4909 2432 4976 futurum
2473 4905 2864 4980 praenuntiant,
2905 4901 3319 4960 excusationem
3362 4896 3522 4951 habe-

1937 5005 2143 5061 bimus.
2198 5000 2390 5072 Neque
2445 5001 2591 5056 euim
2638 4997 2787 5070 quod
2843 4994 3131 5065 Scriptura
3184 4986 3524 5063 praedixerit,

1937 5097 2146 5153 idcirco
2166 5109 2228 5151 ea
2265 5092 2499 5149 facimus
2524 5110 2541 5160 ;
2573 5090 2672 5148 sed
2697 5088 2843 5163 quod
2873 5087 3072 5143 facturi
3103 5097 3345 5147 eramus,
3380 5077 3531 5135 Scri-

1936 5195 2103 5259 ptura
2138 5183 2415 5257 praedixit,
2450 5183 2524 5238 ob
2556 5181 2975 5238 antecedentem
3013 5176 3107 5231 Dei
3143 5171 3399 5229 videlicet
3434 5184 3530 5224 co-

1938 5278 2266 5352 gnitionem,
2295 5283 2461 5346 atque
2500 5281 2562 5329 ut
2585 5272 2732 5329 Deus
2761 5272 2900 5343 ipse,
2929 5270 3023 5341 qui
3061 5268 3243 5323 bonus
3267 5271 3374 5328 est,
3402 5278 3529 5318 cum

1941 5369 2207 5426 adversus
2238 5374 2564 5439 peccatores
2605 5364 2746 5420 iram
2797 5366 3040 5425 exercet,
3088 5373 3200 5413 non
3240 5355 3532 5427 perturba-

1943 5461 2096 5515 tione
2127 5458 2312 5530 aliqua
2342 5448 2654 5513 commotus
2673 5470 2799 5512 esse
2832 5451 3106 5509 videatur.
3134 5448 3232 5504 Dei
3257 5447 3532 5518 siquidem

1946 5553 2215 5609 adversus
2268 5559 2588 5623 peccatores
2631 5548 2910 5620 quoslibet
2947 5544 3251 5616 indignatio
3295 5557 3408 5597 non
3466 5539 3534 5594 ab

1952 5648 2065 5705 ulla
2099 5646 2270 5702 animi
2301 5643 2718 5716 perturbatibne
2751 5640 3161 5712 proﬁciscitur;
3192 5644 3343 5694 caret
3387 5634 3533 5693 enim

325 5802 439 5879 ξε.
477 5768 771 5879 ισχάτὶυνη
812 5805 923 5879 ξιτ.
982 5805 1307 5879 ἀνθρώπων.
1394 5808 1415 5839 ε
1445 5806 1632 5862 Matth.
1684 5823 1812 5879 xm

1931 5796 1984 5862 5.
2064 5807 2084 5839 ‘
2111 5806 2277 5879 Marc.
2336 5816 2445 5868 xlv,
2690 5800 2710 5832 '
2741 5797 2872 5879 ibid.
2905 5795 2995 5879 ἐξ.
3028 5796 3093 5879 ..⁸
3257 5805 3416 5879 sit},

241 5878 262 5910 '
296 5875 437 5934 Gen.
471 5892 543 5946 tv,
570 5878 625 5934 9.
700 5879 721 5909 ⁴
746 5876 850 5935 Job
890 5894 928 5944 ι,
955 5880 1010 5933 9.
1088 5875 1275 5935 ‘Gcn.
1311 5879 1453 5948 ιιι,4,
1484 5880 1533 5936 5.

1641 5858 1816 5957 gat—36:

1919 5858 1983 5947 ν,
2002 5878 2054 5935 8.
2111 5858 2213 5929 Ἶίῖ
2242 5858 2397 5931 Joan.
2432 5858 2501 5940 ἰι,
2530 5873 2587 5929 Π
2616 5891 2631 5943 ;
2673 5887 2754 5937 ιιι,
2785 5869 2870 5925 12.
2951 5870 2994 5901 ι’
3028 5864 3214 5920 Matth.
3257 5875 3409 5925 ulti,
3440 5858 3531 5915 35.
