3934 6458
527 379 633 435 685
1956 370 2016 426 S.
2060 368 2399 429 EPIPIIANII
3660 391 3735 448 εδδ

524 501 677 558 omni
713 499 1129 569 perturbatione
1155 498 1318 554 Deus.
1342 497 1446 554 Sed
1475 497 1610 551 iram
1643 509 1794 551 more
1821 491 2097 550 hominum

2215 495 2306 559 Θές
2335 499 2364 550 ό
2390 496 2542 562 Θεὸς,
2587 499 2864 571 προειπὼν
2904 500 3000 572 τὴν
3041 499 3304 574 ἐσομένην
3347 504 3540 578 κρίσιν,
3563 511 3742 585 nisi”

495 604 787 668 exercere
828 587 1054 654 dicitur,
1089 604 1197 643 non
1241 589 1356 643 ullo
1402 603 1568 642 sensu
1619 585 1832 642 doloris
1861 583 2097 649 atl‘ectus.

2217 587 2432 643 δικαίαν
2461 590 2589 661 παρ’
2619 591 2784 645 αὑτοῦ
2815 593 3083 664 τιμωρίαν
3111 596 3419 667 γινομένην·
3452 599 3535 654 ἴνα
3557 602 3611 655 τὸ
3635 583 3745 659 ἀπα.

525 697 627 737 nec
661 681 946 735 iracundia
996 689 1307 750 superatus.
1346 678 1460 734 lmo
1503 692 1634 733 vero
1674 685 2012 749 quantopere
2049 690 2097 732 et

2219 676 2309 741 θὲς
2340 680 2560 754 σημάνῃ
2589 681 2690 753 τῆς
2731 681 3006 754 Θεότητος.
3043 685 3282 755 Προεῖπε
3309 687 3486 744 τοίνυν
3513 691 3543 760 ἡ
3575 691 3610 742 Γ
3614 695 3744 766 ραφὴ,

522 780 680 827 vacet
721 773 824 826 hoc
869 772 990 841 ipso
1033 771 1302 836 declarat,
1347 769 1493 841 quod
1529 769 1777 824 futurum
1813 767 2097 838 judicium,

2221 769 2360 824 κατὰ
2390 771 2698 841 πρόγνωσιν
2729 775 3274 847 προασφαλιζομένη.
3315 780 3411 834 καὶ
3449 779 3745 850 διδάσκουσα,

522 879 585 916 ac
607 863 976 933 justissimam
1018 862 1557 918 animadversionem
1601 860 1912 926 denuntiat,
1955 867 2015 915 ut
2049 875 2097 917 st

2217 862 2302 915 ἵνα
2338 863 2412 933 μὴ
2440 863 2772 934 ἐμπέσωμεν
2801 865 2884 929 είς
2915 866 3088 937 ὀργὴν
3115 867 3413 938 ἀνήκεστον
3440 869 3586 936 Θεοῦ,
3607 873 3688 944 τὴν
3702 876 3746 928 οὐ

519 954 916 1009 commotionis
940 955 1121 1010 omnis
1149 964 1432 1025 expertem
1458 969 1581 1009 esse
1605 952 1964 1008 demonstret.
1991 951 2097 1009 Hoc

2215 952 2378 1007 πάθει
2396 955 2727 1027 ὁρισθεῖσαν,
2755 957 2879 1011 οὐδὲ
2899 959 3303 1030 συμϐαίνουσαν
3322 962 3430 1016 ἀπὺ
3459 965 3612 1036 ἥττης
3647 967 3748 1023 ἀλλὰ

517 1045 689 1116 igitur
719 1043 1033 1100 futurorum
1075 1046 1304 1115 praescia
1362 1043 1650 1114 Scriptura
1691 1043 1986 1115 signiﬁcat,
2029 1044 2097 1098 uti

2214 1043 2533 1098 δικαιότατα
2561 1048 2675 1110 τοῖς
2709 1046 2809 1118 τὴν
2841 1048 3121 1120 ἁμαρτίαν
3147 1050 3459 1106 ἐκτελοῦσιν
3492 1053 3748 1126 ἀνθρώποις

518 1137 799 1192 cautiores
830 1151 932 1192 nos
961 1135 1156 1191 reddat
1205 1151 1269 1190 ac
1297 1134 1737 1198 condocefaciat,
1769 1149 1838 1188 ne
1865 1135 2097 1204 inexpia-

2216 1135 2765 1206 προετοιμασθεῖσαν,
2792 1140 2888 1192 καὶ
2918 1141 2996 1212 μὴ
3023 1141 3378 1212 μετανοοῦσιν
3411 1142 3468 1208 ἐξ
3495 1143 3728 1214 ἀληθείας.

517 1227 681 1283 bilem
711 1227 808 1284 Dei
857 1229 912 1283 in
974 1228 1333 1284 offensionem
1362 1229 1710 1283 incurramus
1743 1241 1866 1297 quae
1916 1241 2026 1281 non
2063 1226 2475 1296 perturbatione
2515 1227 2775 1283 deﬁnitur
2814 1230 2945 1296 ulla,
2987 1246 3088 1286 nec
3154 1234 3299 1288 velut
3373 1234 3512 1289 victo
3571 1250 3629 1290 ac
3657 1251 3751 1291 suc.

518 1320 794 1375 cumbenti
827 1319 1067 1386 accidit;
1109 1319 1204 1374 sed
1255 1319 1574 1377 hominibus
1636 1319 1704 1378 iis
1745 1333 1887 1390 quos
1931 1319 2206 1380 scelerum
2233 1318 2398 1394 282
2429 1335 2552 1391 quae
2603 1322 3004 1379 commiserunt
3063 1335 3193 1382 vere
3240 1335 3407 1399 atque
3444 1327 3619 1384 animo
3667 1343 3746 1384 non

519 1415 770 1484 pwnitet,
799 1424 1106 1485 praeparata
1141 1415 1363 1470 dicitur.

587 1504 699 1560 νιι.
732 1505 877 1560 Idem
923 1516 977 1561 et
1011 1508 1078 1562 de
1119 1507 1304 1564 crucis
1346 1508 1618 1579 supplicio
1654 1509 1898 1581 cogitare
1940 1509 2097 1567 debe-

2285 1505 2358 1557 Z'.
2392 1503 2550 1558 Οὕτω
2580 1506 2673 1560 καὶ
2696 1509 2788 1562 ἐπὶ
2817 1509 2913 1568 τοῦ
2941 1511 3201 1584 σταυροῦ·
3225 1513 3323 1583 οὐχ
3344 1514 3425 1568 ὅτι
3449 1507 3593 1568 εἶπεν
3619 1516 3746 1587 ἠεείιι

520 1611 662 1652 mus.
691 1596 810 1652 Non
844 1597 990 1652 enim
1023 1608 1310 1670 propterea
1341 1600 1486 1670 quod
1531 1601 1604 1654 ita
1656 1599 1774 1656 fore
1819 1599 2097 1672 Scriptura

2211 1596 2428 1668 Γραφὴ,
2485 1599 2842 1674 ἐσταύρωσαν
2890 1604 2938 1656 oi
3013 1605 3277 1671 Ἰουδαῖοι,
3339 1607 3435 1659 καὶ
3489 1597 3747 1679 παρέδωκεν

517 1687 791 1757 praedixit,
811 1687 1070 1744 Christus
1091 1696 1186 1743 aut
1214 1690 1270 1744 in
1293 1703 1513 1744 crucem
1541 1703 1571 1742 a
1588 1687 1792 1745 Iudaeis
1818 1698 1902 1744 est
1925 1700 2097 1758 actus,

2223 1689 2428 1754 Ἰούδας
2472 1691 2564 1746 τὸν
2605 1693 2858 1764 Σωτῆρα⁶
2893 1695 3010 1749 ἀλλ’
3063 1697 3146 1750 ὅτι
3209 1697 3406 1768 ἔμελλε
3454 1699 3746 1770 παραδιδόναι

518 1787 616 1834 aut
654 1795 685 1834 a
713 1777 854 1834 .Iuda
880 1781 1170 1851 proditus:
1209 1780 1304 1836 sed
1346 1781 1491 1852 quod
1533 1790 1588 1836 et
1620 1782 1941 1851 proditurus
1977 1799 2097 1838 eum

2224 1782 2446 1848 Ἰούδας,
2490 1785 2587 1837 καὶ
2637 1785 2885 1840 Ἰουδαῖοι
2924 1787 3216 1860 σταυροῢν,
3258 1788 3453 1842 τούτου
3482 1790 3632 1844 ἐνεκα
3656 1808 3747 1860 προ-

517 1868 690 1924 Judas
728 1881 894 1936 esset,
929 1871 984 1926 et
1020 1872 1074 1926 in
1099 1886 1321 1927 crucem
1355 1872 1530 1927 acturi
1563 1870 1762 1933 Judaei.
1791 1873 1864 1926 ob
1899 1873 1953 1927 id
1991 1881 2097 1927 tam

2208 1878 2364 1930 εἶπεν
2413 1877 2445 1947 ἡ
2491 1875 2612 1930 Θεία
2660 1877 2851 1949 Γραφὴ
2898 1880 2958 1933 ἐν
3000 1883 3067 1951 τῇ
3100 1881 3318 1952 Παλαιᾷ
3359 1881 3612 1956 Διαθήκῃ,
3643 1885 3746 1938 κριιό

518 1963 574 2017 in
599 1961 796 2019 Vetere
821 1961 1174 2019 Testamento
1205 1963 1513 2035 Scriptura,
1537 1981 1702 2036 quam
1731 1966 1786 2020 in
1805 1965 2097 2036 Evangelia

2206 1965 2414 2038 Κύριος
2455 1967 2514 2020 ἐν
2554 1967 2632 2038 τῷ
2673 1967 3015 2040 Εὐαγγελίῳ.
3049 1970 3214 2023 Ὥστε
3249 1966 3347 2024 οὖν
3377 1972 3486 2026 οὐκ
3509 1973 3562 2025 ἐν
3595 1971 3745 2041 γνώαι

516 2055 786 2110 Dominus
847 2055 966 2125 ipse
1036 2055 1282 2111 futurum
1341 2057 1642 2126 aliquando
1701 2052 2100 2127 pronuntiavit.

516 2146 888 2214 Quamobrem
924 2163 1034 2203 non
1064 2161 1131 2203 ex
1163 2157 1314 2203 certa
1341 2149 1640 2219 singularis
1671 2149 1820 2203 illius
1849 2148 2101 2217 beneficii

515 2239 743 2294 scientia
778 2238 924 2309 quod
969 2238 1024 2295 in
1066 2239 1330 2295 mundum
1362 2257 1428 2295 ex
1487 2256 1554 2296 eo
1589 2241 1862 2296 derivaret
1920 2239 2104 2295 Domi-

514 2348 644 2386 num
688 2331 862 2387 Iudas
902 2331 1168 2403 prodidit,
1220 2341 1280 2387 ut
1326 2333 1402 2387 illi
1454 2335 1837 2400 mentiuntur;
1884 2332 1980 2387 sed
2027 2333 2101 2386 ita

514 2425 702 2495 potius
731 2434 790 2479 ut
818 2433 875 2480 et
899 2440 1059 2480 suum
1095 2440 1221 2481 esse
1246 2424 1537 2480 Dominum
1568 2425 1813 2490 sciverit,
1853 2433 1906 2479 et
1936 2439 2099 2495 quam

511 2519 751 2600 idipsnm
782 2517 990 2572 mundo
1015 2518 1260 2573 salutare
1279 2525 1428 2573 esset
1453 2517 1738 2588 ignorarit.
1757 2515 1974 2573 Fierine
2003 2530 2095 2586 po-

2205 2056 2307 2126 τῆς
2340 2057 2608 2129 ἐσομένης
2642 2057 2966 2132 εὐεργεσίας
2993 2059 3074 2131 τῷ
3107 2061 3300 2132 κόσμῳ
3334 2062 3664 2132 παραδέδωκε
3687 2061 3744 2114 τὸν

2207 2147 2412 2218 Κύριον
2443 2148 2472 2200 ό
2521 2148 2745 2216 Ἰούδας,
2793 2151 2871 2216 ὡς
2914 2151 3112 2204 ἐκεῖνοι
3163 2151 3440 2220 λέγουσιν·
3485 2152 3592 2206 ἀλλ’
3631 2152 3744 2215 εἰδὼς

2208 2239 2333 2311 μὲν,
2362 2240 2444 2293 ὅτι
2475 2242 2503 2295 ὁ
2531 2241 2698 2296 αὑτοῦ
2733 2244 3017 2315 Δεσπότης
3057 2244 3330 2315 ὑπῆρχεν,
3367 2243 3573 2312 ἀγνοῶν
3593 2244 3659 2308 δὲ,
3693 2245 3746 2297 ὅτι

2207 2331 2449 2402 σωτηρία
2475 2331 2628 2387 ἔσται
2662 2333 2740 2405 τῷ
2774 2336 2986 2406 κόσμῳ.
3018 2335 3144 2398 Πῶς
3177 2335 3286 2406 γὰρ
3315 2336 3383 2389 ἂν
3414 2335 3497 2407 είη
3529 2335 3746 2406 σωτηρίας

2203 2421 2509 2495 ἀνθρώπων
2543 2425 2940 2496 ἐπιμελόμενος
2973 2427 3002 2480 ὁ
3043 2428 3175 2497 παρ’
3209 2425 3382 2480 αὑτοῦ
3417 2427 3510 2480 τοῦ
3548 2426 3746 2496 Σωτῆρος

2204 2514 2418 2568 ἀκούων
2457 2516 2735 2580 ἀπωλείας
2767 2517 2912 2584 uide;
2948 2517 3044 2570 καὶ
3083 2518 3166 2585 τὸ,
3213 2518 3506 2587 Συμςοέρει
3535 2516 3691 2582 αὐτῷ,
3716 2517 3745 2568 ti

2203 2607 2316 2659 οὐκ
2344 2607 2658 2677 ἐγεννήθη·
2683 2608 2779 2662 καὶ
2804 2609 2886 2674 τὸ,
2916 2610 3164 2679 Ἑταῖρε,
3187 2610 3278 2678 ἐφ’
3308 2609 3342 2664 ὃ
3373 2609 3567 2678 «(ipsa
3593 2607 3744 2664 καὶτὸ.

2204 2693 2310 2764 Εἷς
2329 2698 2398 2761 ἐξ
2422 2698 2590 2768 ὑμῶν
2614 2699 2958 2769 παραδώσει
2976 2717 3074 2770 με·
3113 2702 3212 2754 καὶ
3233 2702 3321 2767 τὸ,
3365 2702 3419 2755 '0
3442 2702 3644 2756 ἐσθίων
3650 2700 3750 2768 μετ’

513 2616 621 2666 test
647 2613 692 2664 is
717 2617 776 2663 ut
793 2609 989 2664 salutis
1013 2608 1298 2681 hominum
1330 2622 1520 2663 curam
1545 2614 1720 2678 gerat,
1737 2606 1827 2676 qui
1859 2606 1927 2662 ab
1955 2607 2103 2676 ipso-

513 2709 626 2757 met
665 2699 950 2756 Salvatore
987 2701 1316 2771 perditionis
1353 2700 1497 2756 [ilius
1521 2700 1828 2770 appellatus
1861 2698 2097 2763 fuerit';

513 2802 570 2848 et
603 2793 735 2846 illud
766 2792 1044 2848 audierit?
1064 2791 1270 2846 Bonum
1286 2792 1334 2845 ei
1357 2800 1494 2857 erat,
1513 2792 1559 2846 si
1594 2802 1753 2844 natus
1779 2807 1882 2844 non
1912 2789 2097 2858 fuisset

2202 2791 2348 2859 ἐμοῦ
2393 2792 2498 2844 τὸν
2514 2791 2717 2859 ἄρτον,
2750 2791 2938 2861 ἐπῆρε
2969 2791 3097 2846 κατ’
3141 2793 3288 2862 ἐμοῦ
3341 2794 3593 2862 πτέρναν
3609 2792 3663 2857 ¹⁶,
3694 2790 3751 2852 ὡς

511 2885 666 2940 homo
689 2885 778 2939 ille
799 2888 818 2919 ²
843 2902 862 2950 ;
886 2887 1046 2940 item:
1070 2885 1274 2949 Amice,
1308 2884 1376 2938 ad
1401 2884 1529 2954 quid
1549 2883 1816 2939 venisti’?
1845 2891 1920 2949 et,
1949 2881 2096 2937 Unus

2203 2882 2316 2952 ἔχει
2353 2883 2414 2936 τὸ
2452 2882 2783 2952 Εὑαγγέλιον
2831 2884 2897 2941 ἐκ
2930 2883 3304 2955 προαγούσης
3360 2885 3648 2956 μαρτυρίας
3675 2881 3747 2936 τοῦ

511 2994 578 3030 ex
609 2979 751 3032 vobis
787 2994 864 3032 me
896 2978 1196 3032 traditurus
1229 2987 1307 3031 est
1327 2977 1386 3044 ‘;
1415 2984 1490 3042 et,
1523 2976 1629 3044 Qui
1667 2975 1952 3032 manducat
1989 2991 2097 3029 mer

2202 2974 2392 3044 Ψαλτη
2402 2974 2540 3045 ρίου·
2577 2975 2692 3038 και,
2715 2957 2869 3029 ὀοαι
2899 2975 2975 3029 δι’
3001 2971 3073 3031 οὗ
3107 2979 3139 3030 δ
3185 2976 3320 3042 Υἱὸς
3349 2976 3458 3031 τοῦ
3485 2975 3746 3044 ἀνθρώπου

512 3085 631 3122 cum
670 3085 895 3138 panem,
946 3069 1132 3122 levavit
1173 3078 1360 3122 contra
1407 3083 1490 3122 me
1535 3067 1844 3120 calcaneum
1865 3066 1909 3133 ⁵,
1959 3072 2020 3118 ιιι
2067 3078 2097 3119 e

2202 3065 2612 3135 παραδίδοται.
2635 3066 2810 3130 Αὐτὸς
2837 3067 2949 3138 γὰρ
2991 3066 3192 3131 Ἰούδας
3227 3069 3363 3138 περὶ
3393 3068 3578 3121 ἐαυτοῦ
3600 3067 3650 3119 τὸ
3665 3066 3744 3118 πᾶν

511 3160 856 3216 Psalmorum
894 3162 1072 3216 libro“
1097 3161 1452 3233 Evangelium
1481 3159 1774 3230 expressit.
1801 3161 1934 3216 Item
1962 3177 1973 3212 :
2011 3156 2097 3212 Va

2205 3157 2472 3227 ὑπέφηνε,
2506 3158 2600 3211 καὶ
2627 3159 2726 3227 τὴν
2758 3158 2870 3212 τῶν
2903 3159 3275 3214 ἐπαινούντων
3303 3161 3469 3213 αὐτὸν
3496 3161 3658 3214 ἄνοιαν
3675 3157 3744 3208 καὶ

509 3255 557 3306 ei
587 3270 679 3322 per
707 3269 858 3323 quem
886 3250 1061 3306 Filius
1091 3252 1319 3305 hominis
1356 3251 1657 3306 tradetur".
1690 3249 1905 3305 Etenim
1926 3248 2097 3306 Judas

2204 3247 2400 3302 ἐαυτοῦ
2449 3248 2700 3320 ἤλεγξεν,
2749 3251 2798 3304 εί
2845 3251 2940 3304 καὶ
2977 3250 3149 3305 ἀκωνε
3211 3250 3331 3304 ἀλλ’
3368 3254 3517 3322 ὅμως
3565 3250 3680 3322 μετὰ
3701 3247 3746 3300 τὸ

508 3346 625 3400 hare
664 3346 718 3399 in
759 3361 818 3400 se
841 3344 1220 3416 comprobavit
1244 3344 1454 3408 omnia,
1477 3355 1642 3413 atque
1669 3350 1724 3396 et
1750 3343 2097 3397 laudatorum

2202 3341 2387 3395 λαϐεῖν
2419 3341 2482 3394 τὸ
2528 3341 2747 3413 τίμημα
2793 3342 2862 3396 τὰ
2909 3342 3208 3412 τριάκοντα
3256 3344 3524 3414 ἀργύρια,
3565 3341 3745 3408 ὕστερον

508 3451 738 3490 suorum
787 3443 841 3490 et
891 3441 1167 3490 suammet
1211 3434 1329 3504 ipse
1375 3434 1708 3490 dementiam
1755 3434 1839 3488 vel
1892 3433 2097 3488 invitus

2205 3432 2629 3505 μεταμεληθεὶς,
2664 3433 2760 3486 καὶ
2789 3433 3145 3506 ἀποστρέψας
3169 3435 3240 3488 τά
3279 3435 3544 3507 ἀργύρια,
3579 3433 3644 3496 ὡς
3675 3447 3747 3483 κα-

508 3526 772 3581 ostendit.
820 3523 955 3578 Nam
1014 3531 1377 3594 posteaquam
1433 3531 1619 3578 tamen
1685 3523 1908 3594 triginta
1975 3522 2100 3578 illos

507 3626 805 3686 argenteos
863 3618 1113 3690 accepit,
1163 3616 1489 3688 poenitentia
1539 3615 1743 3670 ductus
1803 3615 2096 3686 pecuniam

508 3712 657 3764 illam
693 3711 954 3775 restituit,
997 3719 1256 3781 tanquam
1297 3709 1425 3764 mali
1471 3708 1677 3778 aliquid
1709 3714 2096 3779 perpetrasset,

506 3819 634 3860 cum
667 3805 794 3869 sibi,
837 3813 951 3858 tum
999 3803 1068 3859 iis
1115 3803 1209 3874 qui
1259 3802 1412 3856 cruci
1444 3800 1729 3856 Christum
1779 3799 2092 3858 amxerunt.

509 3896 778 3952 Dominus
826 3909 958 3952 vero
986 3910 1083 3965 per
1126 3909 1187 3950 se
1231 3893 1378 3965 quod
1426 3892 1588 3947 nobis
1619 3899 1785 3962 atque
1834 3891 2094 3948 universo

506 3988 714 4043 bonum
752 3995 872 4043 erat
911 3987 1182 4052 etIiciens,
1239 3987 1484 4056 seipsum
1533 3981 1790 4050 tradidit,
1836 3995 1896 4040 ut
1929 3984 2096 4040 saluti

505 4081 766 4136 omnibus
817 4089 982 4136 esset.
1039 4079 1158 4134 Non
1226 4080 1392 4150 igitur
1433 4075 1701 4147 proditori
1749 4074 1941 4142 Judaa,
1997 4076 2096 4132 sed

507 4173 904 4244 benignissimo
933 4171 1205 4227 Salvatori
1229 4170 1434 4241 gratias
1463 4170 1698 4240 agimus,
1727 4171 1820 4240 qui
1853 4169 2096 4224 animam

507 4278 610 4334 pro
643 4263 828 4328 nobis,
865 4263 1063 4318 ovibus
1115 4260 1374 4315 videlicet
1423 4259 1564 4324 suis,
1614 4258 1892 4328 exposuit,
1941 4265 1999 4312 ut
2039 4265 2096 4312 et

507 4355 626 4425 ipse
649 4355 788 4409 dixit
809 4356 852 4410 ⁸.
883 4354 1169 4421 Quomodo
1199 4353 1343 4410 enim
1387 4353 1434 4408 is
1465 4351 1557 4422 qui
1586 4351 1714 4406 boni
1743 4350 1949 4422 aliquid
1974 4365 2093 4405 mo-

507 4447 592 4500 liri
646 4462 706 4501 se
750 4427 1017 4510 crederet,
1050 4453 1241 4516 postea
1285 4444 1469 4498 dixit:
1508 4442 1743 4499 Pmnitet
1788 4458 1908 4506 me,
1948 4441 2095 4512 quod

2202 3521 2299 3575 κόν
2342 3539 2396 3575 τι
2443 3521 2764 3593 πεπραχὼς,
2803 3522 2974 3577 κακὸν
3018 3523 3119 3593 μὲν
3151 3523 3356 3594 ἐαυτῷ,
3395 3525 3558 3578 κακὸν
3595 3522 3643 3575 δὲ
3678 3517 3746 3572 καὶ

2201 3615 2316 3676 τοῖς
2344 3611 2748 3683 σταυρώσασιν.
2805 3615 2862 3667 '0
2894 3613 2950 3666 δὲ
2984 3613 3212 3685 Κύριος,
3256 3614 3468 3684 ἀγαθὸν
3507 3614 3568 3667 δι’
3595 3607 3746 3664 ἐαυτοῦ

2201 3705 2469 3760 ἐπιτελῶν
2497 3707 2634 3777 ἡμῖν
2667 3722 2728 3758 τε
2771 3707 2865 3760 καὶ
2894 3705 2973 3778 τῷ
3005 3706 3218 3778 κόσμῳ,
3261 3707 3457 3760 ἑαυτὸν
3486 3703 3746 3776 παραδέδω-

2200 3812 2319 3860 κεν,
2363 3796 2452 3850 ἵνα
2491 3797 2718 3868 γένηται
2748 3799 2881 3869 ἡμῖν
2922 3797 3188 3868 σωτηρία.
3235 3799 3383 3870 Ἄρα
3430 3794 3522 3858 οὖν
3559 3794 3664 3865 οὐχὶ
3690 3789 3747 3860 τῷ

2213 3889 2386 3961 Ἰούδᾳ.
2418 3889 2498 3960 τῷ
2526 3889 2761 3962 προδότῃ
2801 3890 3178 3962 ὁμολογοῦμεν
3213 3892 3313 3962 τὴν
3346 3893 3523 3963 χάριν,
3558 3885 3674 3941 ἀλλὰ
3693 3881 3747 3951 τῷ

2199 3982 2454 4054 ἐλεήμονι
2505 3982 2744 4054 Σωτῆρι,
2801 3983 2878 4054 τῷ
2915 3983 3015 4054 τὴν
3061 3985 3242 4055 ψυχὴν
3281 3983 3433 4039 θέντι
3466 3982 3597 4052 ὑπὲρ
3623 3974 3745 4049 ἡμῶν

2197 4075 2306 4130 τῶν
2345 4075 2493 4131 ἰδίων
2532 4074 2700 4131 αὐτοῦ
2739 4075 3053 4148 προϐάτων,
3085 4076 3269 4140 καθὼς
3295 4076 3466 4140 αὐτὸς
3502 4071 3630 4131 εἶτα.
3654 4067 3746 4128 Πῶς

2198 4167 2308 4237 γὰρ
2347 4169 2377 4221 ό
2406 4168 2636 4239 νομίσας
2670 4167 2876 4238 ἀγαθὸν
2910 4169 3225 4226 ἐπιτελέσαι
3255 4169 3482 4242 ὕστερον
3519 4166 3666 4235 λέγει,
3686 4161 3744 4214 ὅτι

2196 4258 2570 4330 Μεταμεμέλη
2579 4277 2701 4329 μαι,
2762 4259 3166 4332 παραδεδωκὼς
3229 4255 3374 4332 αἷμα
3428 4258 3620 4321 ἀθῶον;
3663 4249 3744 4306 Καὶ

2196 4347 2511 4419 ἀπέστρεψε
2544 4349 2614 4403 τὰ
2646 4349 2908 4422 ἀργύρια,
2963 4347 3148 4413 καθὼς
3194 4345 3262 4420 ἦν
3308 4348 3443 4419 περὶ
3487 4341 3637 4401 αὐτοῦ
3677 4352 3744 4406 γε·

2197 4439 2520 4512 γραμμένον
2558 4440 2672 4511 (48)
2702 4442 2762 4493 ἐν
2801 4445 2916 4505 τοῖς
2960 4443 3294 4513 προφήταις.
3331 4440 3443 4495 Καὶ
3483 4429 3743 4502 ἀπέστρεψε

504 4539 826 4594 tradiderim
883 4506 1207 4608 sanguinem
1253 4535 1511 4606 justum?
1553 4534 1616 4588 Et
1671 4534 1859 4589 retulit
1899 4548 2094 4603 argen-

2202 4506 2328 4595 τοὺς
2357 4506 2818 4604 sptaxovrayapyti
2827 4549 2974 4604 ρους,
3119 4506 3286 4602 τιμὴν
3306 4531 3404 4586 τοῦ
3428 4520 3742 4598 τετιμημένου

401 5351 408 5356 '
501 5319 857 5388 non'éxstat.
909 5319 1234 5398 Suspicatur
1277 5324 1478 5381 Euseb.
1521 5323 1558 5376 Ι.
1599 5319 1774 5398 {ei};
1800 5319 2086 5398 ᾉποδξιξ.

505 4639 624 4691 tcos
653 4631 704 4695 ες
735 4645 835 4700 pro
867 4645 933 4685 eo
954 4644 1019 4684 ac
1051 4628 1371 4699 prophetae’
1393 4627 1462 4682 de
1491 4641 1558 4682 eo
1603 4627 1941 4695 scripserant
1975 4642 1990 4696 ς
2030 4624 2097 4679 Et

2202 4621 2353 4693 παρὰ
2388 4622 2498 4677 τῶν
2534 4623 2666 4678 υἱῶν
2712 4623 2950 4696 Ἰσραήλ·
2985 4625 3082 4678 καὶ
3114 4623 3277 4678 πάλιν
3304 4625 3365 4676 ἐν
3397 4622 3539 4692 ἄλλῳ
3572 4611 3743 4688 “Mil”

505 4721 692 4777 retulit
721 4720 945 4790 triginta
978 4730 1268 4790 argenteos
1313 4717 1549 4788 pretium
1585 4715 1875 4786 appretiati
1902 4729 1932 4770 a
1969 4713 2094 4770 ﬁliis

2202 4729 2270 4785 τῃ
2293 4712 2425 4783 (49)’
2463 4715 2535 4768 El
2569 4713 2810 4769 δίκαιόν
2848 4715 3023 4770 ἐστιν
3057 4715 3220 4785 ὑμῖν,
3264 4714 3403 4768 δότε
3443 4713 3548 4767 τὸν
3563 4702 3745 4780 μισθόν

577 4855 777 4914 ‘Joan.
809 4870 943 4919 xvn,
997 4853 1085 4909 12.
1188 4853 1210 4883 ⁸
1240 4849 1431 4910 Matth.
1468 4864 1620 4911 xxvr,
1651 4849 1742 4903 24.
1839 4848 1860 4880 ³
1891 4849 2023 4905 ibid.
2065 4849 2097 4904 5

2261 4849 2282 4879 ⁵
2317 4849 2450 4904 ibid.
2492 4849 2582 4904 21.
2677 4850 2698 4882 ⁸
2735 4848 2895 4907 Joan.
2935 4865 3054 4918 χιιι,
3101 4849 3192 4908 18.
3320 4853 3340 4884 ⁸
3373 4849 3514 4908 Psal.
3563 4861 3640 4909 ιι,
3675 4841 3741 4896 10.

507 4926 526 4956 ⁷
555 4928 748 4984 Matth.
785 4942 930 4991 xxvr,
957 4925 1047 4978 2i.
1125 4923 1147 4954 ⁸
1178 4921 1337 4977 Joan.
1369 4938 1425 4987 x,
1453 4921 1538 4975 15.
1611 4921 1632 4953 ⁹
1662 4919 1830 4974 Zach.
1861 4937 1938 4986 ιι,
1969 4921 2057 4975 15.

2202 4919 2216 4950 ⁵
2243 4937 2331 4989 γρ.
2360 4920 2712 4991 πτερνισμόν.

572 5045 931 5124 (48)-Καθὼς
947 5041 1047 5124 ⁵ἦν
1086 5044 1222 5124 περὶ
1265 5039 1454 5098 αὑτοῦ
1496 5037 1926 5124 γεγραμμένοις.
1979 5037 2080 5124 Ta:

2202 5036 2799 5124 bueritnEpiphanius,
2844 5052 2960 5124 non
3012 5037 3622 5124 πει-ιειιιῑεξιἰτρρτψιιιιιιηζ

500 5107 809 5180 ιῐιιέιδίἸιεεο
837 5107 922 5172 ex'
947 5107 1334 5170 Matthfxxvn
1403 5107 1607 5180 capite
1629 5109 1948 5179 sumpserit,
1989 5108 2082 5163 ubi
2190 5109 2456 5180 nonnulla
2485 5107 2644 5162 aliter
2675 5109 2924 5178 protulit,
2953 5124 3116 5178 quam
3145 5111 3288 5179 apud
3323 5109 3625 5180 Matthaeutn
3671 5107 3743 5180 aut

500 5173 768 5249 Ῑᾶὲῖὲιῐάε
790 5173 1124 5243 nominatim
1155 5185 1448 5246 laudatur;
1475 5173 1638 5235 caute
1665 5173 1846 5249 tamen
1888 5181 1948 5232 ἐν
1974 5182 2087 5242 τοῖς

2202 5177 2514 5249 Zachariam
2533 5173 2921 5249 reperiuntur.
2948 5173 3105 5235 Velut
3134 5173 3196 5232 εἴ
3213 5180 3421 5235 δίκαιόν
3448 5181 3585 5230 ἐστιν
3606 5173 3737 5244 ὑμῖν·

501 5247 808 5334 προφήταις
853 5255 1218 5334 dixin-quod
1269 5255 1359 5334 h__ic
1403 5253 1558 5334 locus
1601 5249 1746 5331 apu~d
1792 5247 2085 5334 {cremiam

2202 5247 2624 5334 proﬂuo'L‘XXE
2646 5252 2704 5334 εί
2741 5248 2915 5334 καλόν.
2943 5253 3090 5305 ἐστιν
3125 5249 3354 5334 ἐνιδπιον
3370 5249 3555 5334 ἐμῶν.
3637 5310 3664 5334 ν

2265 5311 2377 5389 (49)
2405 5321 2515 5392 Καὶ
2542 5319 2731 5373 πάλιν
2751 5321 2820 5374 ἐν
2841 5319 3009 5392 ἄλλῳ
3031 5319 3331 5392 προφήτῃ.
3353 5311 3586 5392 rustra
3607 5311 3738 5385 alium

503 5385 634 5459 hare.
665 5385 787 5469 quae
819 5385 1163 5470 evangelista,
1190 5385 1775 5470 comnmmoratnapud
1797 5387 2090 5470 Jeretniam
2195 5385 2286 5443 hic
2321 5385 2645 5470 prOphctam
2682 5405 2806 5470 esse
2844 5385 3017 5470 dicit;
3067 5385 3308 5470 curulisin
3338 5391 3490 5470 _ide_tn
3537 5385 3736 5470 illeilli}:

503 5473 632 5523 olim
671 5459 809 5522 l'ecta
830 5509 843 5532 ,
877 5459 1035 5524 sed'a
1063 5467 1268 5522 Iudaeis
1314 5467 1560 5520 detracta
1613 5462 1818 5532 fuisse;
1853 5468 1947 5513 aut
1971 5473 2086 5532 pro
2194 5459 2445 5532 proxime
2475 5460 2696 5532 citatus,
2719 5469 2823 5522 est,
2850 5460 3169 5516 Zacharias.
3195 5459 3359 5532 Quod,
3383 5459 3448 5513 ad
3477 5459 3736 5532 postcrlol;il

505 5539 786 5596 Zur-iniria:
823 5523 1062 5600 nomine,
1085 5539 1374 5593 Jeretniam
1411 5533 1758 5592 librariorum
1789 5523 2078 5601 irrepsisse
2185 5523 2351 5590 verba
2397 5539 2626 5600 spectat.
2657 5531 2788 5585 Nam
2817 5532 3000 5601 priora
3043 5533 3154 5595 illa,
3187 5523 3281 5584 καὶ
3315 5523 3517 5601 ἔδωκέν
3533 5523 3735 5601 τᾲάργῠ-

504 5595 688 5678 culpa.
731 5606 785 5660 In
826 5609 970 5678 quod
1002 5595 1342 5678 postremum
1388 5603 1562 5678 magis
1594 5595 2074 5678 inclinatilieron.

2202 5617 2304 5669 ptov
2333 5595 2636 5678 τῆν’-τιμὴν
2666 5602 2762 5678 τοβ
2793 5595 2987 5674 τὲτιμη
2999 5601 3162 5672 μένου
3191 5642 3208 5666 ν
3242 5618 3305 5656 ex
3331 5599 3527 5678 Ihm“
3554 5595 3734 5678 de“???

504 5678 575 5734 ad
605 5669 799 5731 Matth.
842 5669 1022 5740 'xxvn',
1067 5678 1170 5732 etsi
1213 5679 1266 5730 in
1316 5669 1566 5730 .Iercniizn
1600 5672 1909 5740 apocrypha
1947 5685 2084 5739 quo-
2192 5669 2280 5739 pta
2327 5669 2468 5740 apud
2509 5669 2835 5726 ZaChariam
2877 5669 3010 5727 non'
3037 5681 3280 5728 exstant.
3329 5669 3596 5740 Postremo
3655 5672 3732 5728 ῐπο

501 5750 632 5830 (εαξη
664 5744 776 5830 lucc,
801 5764 828 5799 ιι
865 5739 1303 5830 lilattlneocitata
1336 5746 1616 5830 selegisse
1637 5739 1868 5824 referat.
1903 5740 2083 5830 Qu'arc

2202 5753 2295 5830 λῖν.
2339 5739 2446 5806 τῶν
2475 5755 2630 5821 υἱῶν,
2665 5754 2807 5810 Lxx
2855 5757 3028 5830 ὺπέρ,
3068 5755 3232 5815 nem.
3263 5739 3506 5822 σκήνει.
3538 5747 3674 5816 Vuls-
3703 5752 3729 5791 α

499 5798 900 5875 i‘idctiduznan
934 5815 989 5869 in
1024 5798 1210 5872 codice
1244 5798 1596 5884 suo,év7coi;
1631 5798 1958 5885 πρυφήταιξ,
1987 5811 2080 5864 ha-

2349 5798 2440 5806 ---,
2481 5798 2630 5821 -...,.,
2665 5798 2807 5810 ...η-
2857 5798 3028 5830 μηδι,

2202 5824 2367 5892 ﬁltt5.;
