3934 6424
183 384 297 442 665

803 393 1178 451 ADVERSUS
1218 394 1564 456 HJERESES
1600 399 1734 459 LIB.
1773 401 1819 458 1.
1863 399 2030 458 TOM.
2073 398 2162 456 111.
2204 429 2274 438 -
2314 392 2596 452 HERES.
2639 394 2889 451 XXXIX.

3376 395 3481 450 666

177 520 330 573 μου,
356 502 394 573 ἢ
415 505 775 563 ἀπείπασθε·
809 511 904 564 καὶ
927 511 1090 565 πάλιν
1120 513 1178 566 ὲν
1206 513 1353 584 ἄλλῳ
1377 515 1650 587 προφήτῃ·
1677 513 1787 566 Καὶ

1915 513 2125 570 ετιιοιδ.
2193 513 2326 569 Item
2379 513 2524 585 apud
2576 513 2744 569 alium
2777 512 3139 584 prophetam:
3177 513 3238 567 Si
3272 514 3480 582 justum

182 592 402 651 ἔδωκαν
431 599 490 652 τὸ
518 599 782 672 ἀργύριον
807 603 908 673 τὴν
936 603 1103 676 τιμὴν
1131 604 1224 658 τοῦ
1257 605 1642 678 τετιμημένου.
1674 604 1789 659 Καὶ

182 685 338 744 εἷπε·
373 691 555 757 Κάθες
583 694 716 748 αὐτὸ
741 697 822 760 είς
853 697 916 750 τὸ
941 699 1327 772 χωνευτήριον·
1373 700 1447 752 ῐδε
1486 700 1533 753 εἰ
1563 698 1788 771 δόκιμόν

181 781 367 848 ἐστιν,
395 782 472 848 ὡς
495 785 860 860 ἐδοκιμάσθην
895 789 1002 843 ὑπὸ
1031 790 1141 846 τῶν
1167 803 1185 825 δ
1220 791 1353 846 υἱῶν
1397 791 1635 863 Ἰσραήλ.

265 965 349 1018 Η¹.
391 964 503 1019 Καὶ
535 965 676 1020 πόσα
705 968 854 1022 ἐστὶν
889 969 1000 1023 ἀπὸ
1031 969 1130 1042 τῆς
1161 968 1315 1034 θείας
1339 971 1567 1043 Γραφῆς
1596 970 1789 1025 συλλέ-

186 1074 315 1126 γειν
351 1057 482 1130 περὶ
509 1058 621 1112 τῶν
649 1061 1048 1116 τελειωθέντων
1085 1065 1144 1116 ὲν
1169 1062 1250 1134 τῷ
1275 1063 1468 1135 Κυρίῳ
1503 1064 1682 1134 ἡμῶν,
1729 1065 1788 1118 οὐ

189 1151 340 1206 κατὰ
367 1153 466 1223 τὴν
499 1152 668 1208 Ἰούδα
691 1155 828 1226 πρὸς
852 1155 912 1209 τὸ
934 1156 1139 1226 ἀγαθὸν
1161 1157 1464 1229 ἐνέργειαν,
1491 1157 1626 1210 ἀλλὰ
1647 1157 1792 1212 κατὰ

185 1244 296 1318 τὴν
328 1245 426 1299 τοῦ
461 1247 716 1320 Σωτῆρος
747 1249 907 1320 ἡμῶν
945 1250 1042 1304 καὶ
1083 1251 1292 1324 Κυρίου
1343 1249 1520 1321 Ἰησοῦ
1550 1249 1790 1323 Χριστοῦ

188 1335 292 1389 τοῦ
327 1337 463 1390 Θεοῦ
495 1338 637 1410 ὑπὲρ
663 1340 841 1410 ἡμῶν,
875 1341 936 1394 ού
968 1341 1088 1395 κατ’
1115 1343 1385 1413 ἀνάγκην,
1408 1342 1546 1395 ἀλλὰ
1568 1344 1632 1396 ἐκ
1661 1360 1794 1414 προ-

190 1432 465 1502 αιρέσεως
491 1434 688 1488 ἑαυτοῦ
716 1435 1020 1506 παράδοσιν
1043 1436 1139 1489 καὶ
1166 1435 1482 1507 οἰκονομίαν
1506 1435 1601 1489 τοῦ
1625 1452 1793 1489 σταυ-

195 1523 297 1597 ροῦ
351 1527 492 1596 ὑπὲρ
520 1526 620 1598 τῆς
661 1526 821 1598 ἡμῶν
869 1528 1184 1600 σωτηρίας;
1231 1523 1364 1582 Οἶδα
1409 1527 1466 1582 δὲ
1500 1530 1581 1590 είς
1624 1527 1795 1583 πολὺν

190 1618 365 1687 ὄγκον
411 1618 561 1687 ἄγων
602 1619 701 1683 τὰς
747 1620 1077 1690 μαρτυρίας
1118 1619 1195 1684 ὡς
1245 1619 1394 1688 λέγει
1442 1619 1604 1673 πάλιν
1638 1619 1796 1685 ἄλλος

193 1711 509 1783 προφήτης·
570 1709 852 1765 Γενέσθω
903 1712 942 1780 ἠ
998 1711 1256 1777 ἔπαυλις
1311 1711 1500 1767 αὐτοῦ
1553 1710 1793 1782 ἕρημος,

192 1802 303 1856 καί
358 1802 472 1872 τὴν
527 1803 876 1874 ἐπισκοπὴν
932 1805 1120 1860 αὑτοῦ
1181 1803 1354 1859 λάϐοι
1411 1804 1632 1872 ἔτερος.
1699 1806 1798 1870 Ὃς

1894 613 1971 659 est
2019 603 2184 670 vobis,
2240 605 2364 659 date
2418 605 2708 659 mercedem
2757 621 2965 671 meam,
3014 613 3107 658 aut
3153 606 3396 659 abdicate
3438 606 3480 660 ⁸.

1890 695 2023 751 Item
2051 697 2194 752 alius
2237 697 2503 767 propheta
2534 715 2546 751 :
2593 696 2874 751 Dederunt
2904 705 3193 766 argentum
3245 697 3483 766 pretium

1891 787 2200 858 appretiati.
2237 789 2304 842 Et
2333 788 2514 844 dixit:
2550 788 2704 844 Mitte
2739 789 2793 842 in
2841 787 3218 852 fundibulum,
3262 797 3318 843 et
3361 788 3487 843 vide

1893 895 1966 935 an
1999 881 2232 950 probum
2259 881 2432 946 sit,ut
2455 882 2720 951 probatus
2743 897 2863 938 sum
2899 897 2928 935 a
2956 881 3082 936 [iliis
3113 879 3304 936 lsrael.

1965 973 2129 1044 283
2171 972 2311 1029 Vlll.
2358 973 2534 1041 Quam
2562 974 2730 1029 multa
2777 989 3076 1044 possumus
3107 989 3138 1028 e
3182 973 3486 1044 Scripturis

1892 1065 2069 1118 sacris
2128 1064 2362 1130 aﬂ'erre,
2429 1065 2497 1120 de
2562 1065 2630 1120 iis
2687 1080 2812 1136 quae
2861 1066 2916 1120 in
2975 1065 3200 1120 Christo
3251 1063 3486 1119 Domino

1894 1155 2138 1226 perfecta
2195 1165 2354 1223 sunt,
2400 1173 2512 1212 non
2557 1173 2622 1212 ea
2679 1157 2902 1227 quidem
2965 1158 3034 1212 ab
3083 1156 3222 1212 Juda
3263 1173 3331 1212 ex
3375 1158 3487 1213 ulla

1893 1249 2280 1306 commodandi
2325 1253 2609 1307 voluntate
2653 1251 2926 1322 profecta,
2970 1252 3066 1307 sed
3113 1268 3179 1307 cx
3225 1267 3289 1307 eo
3320 1253 3486 1306 nimi-

1892 1352 2018 1392 rum
2048 1337 2195 1408 quod
2238 1337 2494 1394 Salvator
2527 1348 2718 1395 noster
2740 1355 2804 1395 ac
2836 1338 3098 1396 Dominus
3130 1340 3290 1398 Jesus
3329 1341 3490 1396 Chri-

1895 1437 2016 1486 stus
2047 1429 2194 1487 Deus
2233 1447 2333 1501 pro
2377 1432 2539 1488 nobis
2575 1449 2699 1488 sese
2732 1449 2844 1487 non
2885 1434 3213 1489 necessitate
3243 1435 3491 1508 compul-

1861 1539 1870 1550 -’
1895 1539 2014 1586 sus,
2045 1522 2140 1579 sed
2171 1533 2366 1594 sponte
2393 1540 2494 1581 sua
2537 1524 2787 1590 tradidit,
2819 1533 2873 1580 et
2914 1525 3363 1580 administrandm
3403 1541 3492 1580 sa-

1898 1617 2030 1672 lutis
2072 1624 2276 1672 nostrae
2329 1633 2499 1673 causa
2551 1633 2776 1673 crucem
2824 1618 3013 1673 subiit.
3060 1617 3174 1688 Ego
3212 1634 3341 1673 vero
3382 1634 3492 1672 non

1898 1708 2098 1779 ignoro
2129 1725 2294 1780 quam
2331 1711 2606 1764 inlinitum
2632 1710 2705 1766 sit
2736 1710 3056 1766 testimonia
3085 1710 3274 1765 omnia
3307 1725 3495 1780 perse-

1899 1803 2015 1870 qui.
2042 1799 2204 1857 Velut
2234 1802 2380 1874 quod
2406 1804 2474 1858 al)
2494 1804 2601 1858 alio
2630 1804 3175 1874 prophetascriptum
3212 1811 3330 1858 est:
3366 1801 3493 1856 Fiat

193 1893 442 1964 πρηνὴς
481 1897 806 1965 γενόμενος
851 1895 1122 1966 ἐλάκησε
1160 1896 1372 1967 μέσος,
1405 1897 1503 1951 καί
1533 1896 1793 1965 ἐξεχύθη

1912 1892 2154 1948 iabilatio
2196 1895 2311 1963 ejus
2343 1894 2583 1957 deserta,
2615 1905 2662 1948 et
2694 1896 3056 1964 episcopatum
3108 1897 3223 1963 ejus
3266 1894 3494 1963 accipiat

194 1985 401 2040 πάντα
423 1986 498 2040 τὰ
529 1987 752 2057 ἔγκατα
781 1989 801 2019 ¹
831 1989 1040 2043 αὐτοῦ.
1090 1991 1202 2044 Καὶ
1242 1990 1304 2043 τὸ
1351 1989 1548 2061 πέρας,
1593 1989 1798 2061 ἀγχόνῃ

199 2077 568 2150 χρησάμενος,
604 2078 772 2146 ἔδειξε
805 2079 865 2133 τὸ
907 2081 1016 2134 πᾶν
1071 2081 1162 2151 τῆς
1201 2079 1364 2135 αὑτοῦ
1403 2081 1678 2152 σωτηρίας
1710 2081 1791 2136 δι-

204 2169 416 2234 ολέσας,
437 2169 516 2242 τῷ
534 2171 813 2226 διαπεσεῖν
834 2173 932 2244 τῆς
948 2174 1180 2238 ἐλπίδος,
1203 2175 1347 2229 κατὰ
1359 2174 1458 2246 τὴν
1480 2174 1648 2230 αὑτοῦ
1671 2175 1799 2229 ἆτα-

198 2278 333 2318 κτον
361 2265 458 2316 καὶ
480 2264 728 2337 προπετῆ
765 2265 909 2319 κατὰ
945 2265 1041 2319 τοῦ
1074 2267 1349 2320 Δεσπότου
1377 2267 1543 2321 αὐτοῦ
1577 2266 1797 2321 ὲπιϐουυ

195 2354 321 2425 λὴν,
345 2356 440 2408 καὶ
467 2355 654 2409 ἕνεκεν
683 2356 1050 2429 φιλαργυρίας
1085 2358 1172 2411 ἐπ’
1204 2358 1580 2431 ἀρνησιθεῒαν·
1607 2359 1682 2423 ὠς
1701 2358 1796 2412 καὶ⁵

193 2447 249 2501 οί
285 2448 576 2502 ἀπόστολοι
599 2450 716 2505 ἀντ’
752 2449 918 2504 αὐτοῦ
941 2452 1022 2513 είς
1049 2452 1140 2505 τὸν
1168 2452 1350 2506 αὐτῶν
1376 2452 1612 2524 ἀριθμὸν
1639 2454 1796 2506 Ματ-

199 2538 326 2593 θίαν
349 2542 713 2614 κατέστησαν,
738 2543 1008 2612 λέγοντες⁹
1049 2545 1165 2615 Ἀφ’
1189 2541 1262 2603 οὗ
1287 2546 1514 2615 παρέϐη
1553 2545 1796 2614 Ἰούδας,

197 2630 494 2687 ἀπελθεῖν
519 2636 608 2700 είς
633 2633 742 2689 τὸν
767 2636 954 2689 τόπον
982 2637 1089 2690 τὸν
1109 2637 1282 2693 ἴδιον.
1315 2639 1474 2694 Ποῖον
1497 2640 1560 2712 δὴ
1585 2640 1800 2702 τοῦτον,

198 2723 319 2776 ἀλλ’
350 2724 384 2794 ἧ
416 2724 476 2778 ὃν
499 2725 821 2798 ἀπεφήνατο
852 2727 1002 2800 αὐτῷ
1027 2728 1056 2779 ὁ
1081 2729 1292 2802 Σωτὴρ,
1321 2731 1516 2800 λέγων,
1539 2731 1622 2785 ὅτι
1650 2731 1800 2785 ἐστιν

199 2815 316 2881 υίὸς
341 2817 625 2883 ἀπωλείας
650 2837 665 2886 ;
691 2819 861 2874 Ἔνθα
907 2820 1065 2891 ἔσχεν
1089 2821 1211 2875 ἀντὶ
1230 2822 1449 2893 μερίδος
1468 2823 1684 2894 μερίδα,
1707 2822 1802 2877 καὶ

198 2909 326 2964 ἀντὶ
352 2911 659 2982 ἐπισκοπῆς
681 2911 1045 2984 ἀποστολικῆς
1066 2913 1158 2967 τὸν
1181 2913 1346 2968 τόπον
1368 2915 1469 2986 τῆς
1498 2915 1798 2978 ἀπωλείας.

1899 1985 2036 2040 alter
2053 1987 2094 2041 °.
2150 1987 2256 2053 Qui
2292 2003 2579 2056 suspensus
2619 1989 2819 2057 crepuit
2864 1988 3107 2052 medius;
3137 1986 3339 2056 diﬁ'usa
3371 1995 3498 2038 sunt

1902 2077 2082 2130 omnia
2132 2077 2333 2130 viscera
2378 2077 2558 2146 ejus".
2608 2079 2684 2132 Ac
2744 2084 3025 2147 postremo
3073 2076 3272 2145 laqueo
3312 2075 3496 2145 gulam

1903 2168 2182 2240 frangens,
2217 2170 2348 2242 quid
2373 2171 2578 2241 egisset
2606 2169 2871 2235 ostendit,
2898 2184 3024 2223 cum
3054 2168 3203 2222 omni
3230 2183 3289 2224 se
3321 2167 3499 2222 salute

1903 2261 2217 2331 spoliasset,
2237 2277 2302 2318 eo
2328 2263 2450 2333 ipso
2474 2261 2620 2334 quod
2653 2263 2723 2316 oh
2753 2262 2992 2316 subitam
3024 2261 3173 2315 illam
3204 2274 3270 2314 ac
3295 2265 3498 2314 temere

1905 2363 2221 2426 susceptam
2247 2364 2445 2411 contra
2478 2355 2770 2410 Dominum
2803 2355 3087 2425 perﬁdiam
3117 2354 3188 2409 ab
3220 2352 3500 2408 :eternita-

1904 2445 1977 2501 tis
2010 2463 2106 2518 spe
2147 2448 2202 2502 in
2234 2449 2408 2503 divini
2448 2447 2705 2503 Numinis
2735 2447 3152 2518 ahnegationem
3191 2445 3494 2501 incidisset.

1904 2538 2064 2596 Unde
2103 2551 2157 2598 et
2193 2542 2426 2612 apostoli
2459 2542 2581 2610 ejus
2613 2541 2738 2596 loco
2784 2539 3071 2594 Matthiam
3110 2540 3165 2594 in
3204 2553 3496 2592 numerum

1905 2649 2070 2695 suum
2117 2634 2444 2705 allegerunt,
2481 2631 2771 2686 dicentes:
2811 2628 3027 2699 Ex'quo
3069 2627 3244 2681 ludas
3289 2643 3500 2696 prama-

1904 2737 2107 2790 ricatus
2139 2741 2240 2799 est,
2287 2740 2344 2785 ut
2387 2729 2556 2786 abiret
2596 2733 2650 2785 in
2692 2731 2866 2785 locum
2902 2729 3129 2784 suum“.
3173 2727 3504 2795 Quemnam,

1913 2828 2188 2894 obsecro;
2241 2824 2352 2879 nisi
2400 2840 2562 2894 quem
2622 2822 2879 2878 Salvator
2924 2822 3102 2878 eidem
3158 2821 3502 2884 ostenderat,

1913 2933 2037 2972 cum
2065 2933 2190 2972 eum
2223 2916 2552 2987 perditionis
2584 2916 2754 2969 lilium
2806 2915 3191 2986 appellavit"?
3229 2913 3328 2967 llic
3358 2913 3504 2967 enim

201 3003 285 3060 illi
342 3004 669 3075 perditionis
712 3006 1014 3061 attributus
1051 3014 1137 3062 est
1181 3007 1375 3063 locus:
1441 3008 1498 3063 in
1532 3023 1643 3078 quo
1677 3008 1852 3081 partis
1885 3010 2009 3065 loco
2062 3019 2273 3081 partem
2304 3009 2555 3075 alteram,
2599 3008 2704 3064 hoc
2751 3017 2838 3063 est
2879 3007 3026 3062 illam
3062 3020 3161 3077 pro
3203 3005 3508 3077 apostolico

199 3097 526 3170 episcopatu
556 3098 706 3154 exitii
741 3100 928 3155 sedem
957 3100 1188 3170 adeptus
1217 3109 1321 3157 est.

279 3191 417 3263 Περὶ
445 3192 636 3246 τούτου
667 3193 724 3248 δὲ
754 3194 956 3260 ἱκανῶς
985 3195 1130 3266 ἔχειν
1157 3197 1228 3250 τὰ
1253 3197 1523 3269 εἰρημένα
1553 3198 1805 3270 νομίσαν-

1979 3197 2059 3255 De
2107 3215 2217 3271 quo
2259 3214 2384 3254 cum
2434 3201 2571 3254 satis
2612 3211 2912 3268 superque,
2960 3205 3228 3265 quantum
3283 3195 3504 3264 opinor,

201 3304 319 3352 τες,
353 3287 594 3358 καθεξῆς
637 3287 800 3343 πάλιν
841 3291 926 3360 ἐφ’
956 3291 1152 3362 ἑτέραν
1193 3292 1386 3362 ἴωμεν,
1428 3287 1472 3347 ὧ
1504 3294 1802 3365 ἀγαπητοὶ,

201 3376 277 3430 τὰ
307 3377 497 3432 σκολιὰ
519 3378 684 3433 πάλιν
733 3380 827 3432 καὶ
854 3380 1095 3454 θηριώδη
1117 3382 1429 3453 διδάγματα
1451 3383 1472 3414 ⁸
1503 3386 1597 3438 καὶ
1626 3385 1805 3439 ίοϐόλα

203 3468 692 3535 ἀποκαλύπτοντες
729 3470 840 3525 τῶν
883 3472 1037 3544 παρὰ
1069 3476 1189 3537 ταῖς
1228 3474 1444 3538 λοιπαῖς
1477 3475 1537 3541 ἐξ
1570 3476 1807 3531 ἐπιπλά-

205 3580 340 3616 στου
393 3561 710 3635 διαϐολικῆς
756 3565 1002 3629 ἐπινοίας
1049 3565 1128 3637 τῷ
1178 3567 1368 3639 κόσμῳ
1415 3567 1597 3640 λύμης
1643 3569 1809 3623 ’ἑνεκα

207 3653 763 3726 ὲμὸεϐροντημένων.
818 3655 941 3708 Τῶν
989 3655 1098 3729 γὰρ
1142 3657 1402 3713 τοιούτων
1447 3659 1545 3731 τὴν
1579 3658 1810 3731 γνώμην

205 3747 323 3803 τῶν
354 3746 446 3800 τοῦ
474 3748 717 3820 χείρονος
742 3750 1111 3821 ὀρεγομένων,
1145 3752 1381 3822 ὲῳκυῖαν
1417 3753 1496 3822 τῷ
1532 3753 1680 3822 γένει
1713 3753 1808 3806 τοῦ

208 3838 562 3916 βουπρήστου
595 3840 870 3912 κανθάρου
893 3841 1028 3913 (50),
1048 3842 1518 3914 ἀποκαλύψαντες,
1556 3841 1721 3900 οὖσάν
1751 3863 1810 3898 τε

208 3933 485 4004 ἐπιϐλαδῆ
511 3935 570 3987 ὲν
591 3937 658 4006 τῇ
683 3933 778 3988 τοῦ
807 3934 941 3988 Θεοῦ
967 3935 1198 4007 δυνάμει
1226 3937 1689 4003 καταθλάσαντες,
1711 3937 1812 4008 τὴν

207 4025 323 4080 τῶν
349 4025 526 4082 ἄλλων
553 4027 783 4100 ἔρευναν
810 4029 902 4083 τὸν
934 4028 1060 4083 νοῦν
1099 4030 1511 4102 ἐπιϐαλόμενοι,
1552 4030 1643 4084 τὸν
1679 4029 1813 4083 Θεὸν

207 4118 434 4190 ἀρωγὸν
462 4120 941 4196 ὲπικαλεσώμεοα,
975 4116 1020 4178 ὦ
1043 4121 1283 4191 Χριστοῦ
1318 4122 1525 4186 παῖδες.

709 4415 903 4470 ΚΑΤΑ
937 4414 1323 4484 ΣΗΘῙΑΝΩΝ,

340 4529 898 4598 Ἐννεακαιδεκὰτη,
918 4531 956 4600 ἠ
978 4529 1080 4586 καί
1106 4533 1432 4600 τριακοστὴ
1463 4528 1706 4597 currit-11.

290 4649 374 4702 A'.
409 4647 668 4720 Σηθιανοὶ
697 4648 862 4704 πάλιν
897 4648 1111 4720 αἵρεσις
1144 4648 1307 4720 ἑτέρα
1345 4646 1515 4713 ἐστὶν,
1544 4645 1688 4700 οὕτω
1713 4664 1816 4700 κα-

212 4739 481 4810 λουμένη.
517 4739 592 4794 Οὐ
625 4737 907 4810 πανταχοῦ
941 4737 1000 4791 δὲ
1041 4736 1185 4809 αὓτη
1219 4737 1558 4809 εὑρίσκεται,
1608 4734 1733 4789 οὔτε
1781 4737 1815 4808 ἡ

216 4833 333 4905 πρὸ
361 4832 566 4905 ταύτης
601 4834 634 4904 ἡ
672 4831 785 4887 τῶν
818 4831 1080 4887 Καῖανῶν
1108 4830 1402 4903 λεγομένη.
1439 4831 1594 4901 Τάχα
1625 4829 1682 4882 δὲ
1713 4829 1813 4902 ἤδη

215 4928 318 4981 καὶ
345 4926 403 4980 αί
430 4925 649 4991 πλείους
679 4926 887 4980 τούτων
916 4924 1356 4998 ὲξερῤιζώθησαν
1375 4925 1441 4977 ὲκ
1465 4923 1558 4977 τοῦ
1587 4923 1815 4993 κόσμου.

216 5019 302 5074 Τδ
339 5018 450 5092 γὰρ
486 5019 586 5074 οὐκ
623 5021 688 5073 ὲκ
713 5019 849 5073 Θεοῦ
884 5018 942 5073 δν
975 5019 1037 5071 οὐ
1073 5018 1427 5089 σταθήσεται,
1475 5016 1615 5071 ἀλλὰ
1643 5015 1820 5088 καιρῷ

221 5114 328 5184 μὲν
369 5111 632 5183 ἀκμάζει,
661 5112 743 5176 είς
775 5112 837 5165 τὸ
869 5110 1136 5174 παντελὲς
1168 5111 1226 5165 δὲ
1255 5108 1496 5181 διαρκῶς
1519 5109 1620 5162 οὐκ
1644 5110 1826 5180 ὲμπα-

221 5206 478 5280 ραμένει.
513 5207 668 5278 Τάχα
705 5206 764 5260 δὲ
801 5201 956 5277 οἶμαι
990 5206 1048 5259 ἐν
1079 5207 1147 5277 τῇ
1181 5204 1292 5258 τῶν
1325 5202 1644 5272 Αἰγυπτίων
1671 5199 1828 5274 χώρᾳ

219 5298 693 5371 συντετυχηκέναι
721 5297 817 5352 καὶ
849 5297 1024 5369 ταύτῃ
1058 5299 1124 5368 τῇ
1159 5295 1391 5368 αἱρέσει.
1421 5293 1497 5348 Οὐ
1525 5292 1637 5364 γὰρ
1661 5293 1824 5364 ἀκριο

219 5393 340 5459 σῶς
371 5392 471 5464 τὴν
517 5391 704 5463 χώραν
740 5391 1052 5463 μέμνημαι,
1107 5390 1166 5444 ὲν
1209 5381 1244 5462 ᾖ
1277 5388 1463 5450 αὐτοῖς
1507 5385 1824 5456 συνέτυχον.

300 5536 316 5567 ¹
351 5551 444 5604 γρ·
465 5532 574 5604 ἀπὺ
604 5531 755 5604 τῷνς,
781 5533 832 5604 ἶ
865 5549 956 5604 re:
988 5528 1292 5604 σπλᾲγκνα-
1369 5527 1389 5560 ³
1421 5513 1837 5604 Υίξιέδήγματα·

232 5597 406 5662 Ἀόῑῖ
436 5619 474 5668 1,
504 5602 572 5658 18
669 5601 691 5634 ⁸
721 5601 850 5657 ibid.
872 5597 972 5657 '25.
1048 5601 1070 5632 ’
1093 5597 1252 5655 toan.
1287 5613 1419 5656 xvn.
1441 5597 1526 5650 1‘2.

307 5723 422 5794 (50)
451 5720 584 5794 irai},
601 5717 1005 5794 ,Bov_:tptlo’tov
1038 5715 1363 5794 κανθιζρου.
1400 5713 1654 5794 ίᾟιὶειηυε
1681 5713 1718 5794 1Σ
1747 5725 1822 5794 vr,

225 5815 282 5852 c.
313 5785 416 5859 ‘55,
447 5791 660 5846 Plinius
719 5785 963 5850 lfuxx,
997 5805 1049 5844 c.
1087 5789 1120 5842 4
1152 5805 1164 5840 :
1205 5785 1481 5859 Buprestis
1515 5785 1825 5859 animalest

229 5855 422 5924 rarum
464 5866 514 5919 in
564 5861 729 5919 Italia
755 5901 770 5926 ,
804 5861 1139 5917 simillimum
1193 5855 1465 5915 ποιαί)αό
1505 5855 1768 5927 (ongipedi
1808 5873 1824 5911 :

1909 3291 2180 3348 hactenus
2214 3305 2244 3345 a
2278 3290 2442 3346 nobis
2466 3290 2808 3360 disputatum
2840 3289 2931 3350 sit,
2960 3286 3026 3340 ad
3063 3287 3225 3340 aliam
3249 3285 3506 3342 haeresim

1909 3392 2260 3440 transeamus
2304 3399 2318 3437 :
2379 3399 2442 3438 ac
2493 3390 2791 3446 tortuosa,
2851 3387 3234 3448 venenataque
3286 3378 3508 3432 illorum

1909 3477 2166 3550 dogmata
2211 3474 2556 3546 delegamus,
2606 3474 2700 3544 qui
2746 3473 2961 3527 czeteris
2997 3472 3050 3526 in
3099 3470 3267 3526 sectis
3310 3470 3512 3526 callido

1910 3568 2177 3624 daemonis
2221 3567 2489 3623 instinctu
2540 3565 2621 3621 sic
2661 3575 2927 3635 tanquam
2995 3563 3226 3618 fulmine
3272 3563 3510 3634 quodam

1911 3661 2132 3732 perciti,
2177 3669 2231 3714 et
2284 3674 2634 3713 communem
2671 3659 2734 3713 ad
2777 3658 2930 3712 orbis
2972 3664 3179 3727 pestem
3225 3672 3290 3711 ac
3325 3657 3511 3728 perni-

1913 3753 2054 3808 ciem
2113 3752 2280 3806 aﬂlati
2344 3760 2495 3807 sunt.
2560 3749 2930 3820 Posteaquam
2990 3749 3135 3805 enim
3200 3747 3508 3804 istiusmodi

1913 3847 2224 3911 hominum,
2249 3845 2345 3916 qui
2377 3843 2749 3900 deterioribus
2781 3843 3098 3914 quibusque
3145 3841 3512 3907 delectantur,

1914 3941 2270 4011 opinionem,
2310 3939 2698 4009 huprestarum
2756 3936 2945 4006 generi
2990 3933 3226 3988 similem
3281 3933 3514 4004 (scara-

1915 4034 2142 4089 beorum
2180 4048 2244 4088 ea
2299 4032 2514 4102 species
2561 4029 2684 4102 est)
2737 4027 3136 4100 patefecimus,
3185 4025 3516 4096 penitusque

1917 4124 2258 4180 mortiferam
2308 4123 2494 4179 divina
2544 4137 2647 4192 ope
2691 4120 3159 4182 comminuimus,
3219 4118 3285 4172 ad
3334 4119 3517 4188 inqui-

1917 4217 2118 4273 rendas
2164 4223 2391 4272 caeteras
2435 4214 2708 4277 eamdem,
2748 4230 2782 4268 ο
2827 4212 3033 4268 Christi
3085 4211 3214 4278 ﬁlii,
3259 4209 3514 4266 Numinis

1918 4324 2076 4380 opem
2109 4323 2172 4363 ac
2196 4305 2512 4379 prmsidium
2547 4306 2934 4376 implorcmus.

2242 4421 2409 4493 234
2455 4399 2740 4476 CONTRA
2781 4415 3196 4483 SETlllANOS,

2139 4537 2272 4604 Quae
2315 4547 2392 4592 est
2436 4535 2652 4592 Ita-resis
2693 4531 2836 4588 XIX
2878 4535 2988 4588 sive
3030 4528 3302 4585 XXXIX.

1996 4651 2039 4706 1.
2068 4649 2191 4705 Alia
2221 4659 2307 4708 est
2335 4649 2729 4708 Sethianorum
2752 4647 3004 4715 haeresis,
3027 4662 3151 4719 quae
3175 4659 3284 4700 non
3318 4635 3523 4716 ubique

1924 4743 2221 4814 reperitur,
2251 4742 2333 4798 uti
2357 4757 2461 4798 nec
2477 4742 2839 4804 Caianorum,
2865 4749 3060 4795 contra
3081 4752 3248 4810 quam
3273 4736 3525 4808 proxime

1926 4835 2355 4906 disputavimus.
2383 4835 2464 4890 Ac
2489 4835 2681 4891 nescio
2711 4849 2781 4889 an
2802 4848 2910 4888 non
2934 4833 3211 4903 pleraeque
3243 4836 3522 4884 sectarum

1927 4926 2242 4984 istiusmodi
2304 4927 2571 4982 radicitus
2640 4926 2956 4996 exstirpata:
3025 4925 3157 4980 sint.
3238 4919 3521 4990 Quidquid

1927 5019 2076 5075 enim
2114 5033 2145 5072 a
2180 5016 2294 5073 Deo
2331 5033 2444 5073 non
2471 5025 2558 5075 est
2584 5058 2601 5083 ,
2654 5017 2964 5072 consistere
3012 5027 3122 5069 non
3162 5019 3380 5082 potest,
3427 5007 3524 5064 sed

1931 5110 2036 5166 etsi
2060 5109 2348 5180 aliquanto
2370 5116 2622 5180 tempore
2649 5108 2852 5179 vigeat,
2887 5118 3133 5177 perenne
3162 5100 3527 5158 nihilominus

1931 5217 2058 5258 esse
2087 5199 2299 5272 nequit.
2324 5193 2485 5266 Quod
2508 5197 2621 5256 'nisi
2654 5214 2742 5254 me
2773 5197 2914 5252 fallit
2940 5194 3230 5258 memoria,
3263 5199 3400 5263 puto
3440 5205 3529 5246 me

1933 5311 2060 5351 cum
2101 5294 2158 5350 in
2201 5293 2441 5366 Egypto
2473 5307 2652 5348 essem
2702 5291 2757 5346 in
2801 5304 2922 5346 eam
2967 5287 3205 5343 haeresin
3236 5282 3526 5348 incidisse,

1934 5402 2117 5459 neque
2165 5387 2310 5442 enim
2350 5385 2575 5458 penitus
2609 5383 2717 5440 loci
2764 5381 3053 5448 recordor,
3094 5379 3191 5435 ubi
3229 5393 3356 5435 cum
3404 5377 3529 5434 istis

1917 5523 1938 5552 ⁵
1970 5521 2162 5579 Matth.
2195 5540 2365 5588 xxvu,
2400 5522 2520 5580 5-9.
2598 5517 3009 5584 'Zach.x1,l2.
3086 5516 3266 5572 ‘Psal.
3294 5530 3449 5583 cvm,
3471 5514 3526 5570 8.

1935 5709 2080 5778 fallit
2127 5709 2264 5762 inter
2304 5705 2495 5762 herbas
2545 5707 2724 5762 borem
2763 5706 3040 5778 maxime;
3072 5703 3210 5778 unde
3251 5711 3303 5756 et
3343 5715 3530 5778 nomen

1936 5773 2170 5842 invenit;
2203 5779 2612 5850 devoratumquc
2644 5789 2786 5836 tacto
2818 5777 2940 5848 felle
2978 5779 3055 5832 ita
3094 5773 3432 5846 inﬂammat,
3472 5776 3530 5823 ut

1937 5861 2168 5913 rumpat.
