3934 6424
477 360 576 430 tib")

1843 389 1852 400 '
1882 377 1939 432 S.
1975 376 2079 433 ΕΡ]

2185 378 2321 436 ANII
3626 373 3709 429 668

480 512 818 567 congressus
849 514 994 554 sum.
1022 499 1393 567 Quamober
1421 515 1543 573 quae
1570 498 1638 556 ad
1666 515 1765 558 eos
1792 508 2069 572 pertinent

2185 499 2283 552 Καὶ
2309 499 2378 553 τὰ
2398 497 2498 572 μὲν
2521 495 2663 552 κατά
2687 495 2933 561 ἱστορίαν
2960 493 3122 564 φύσει
3147 491 3386 564 αὐτοψιᾳ
3407 491 3528 558 περὶ
3545 490 3712 564 ταύτης

480 601 682 658 parum
707 592 883 646 oculis
915 593 1050 661 ipsis
1087 593 1718 666 usurpavimus,partim
1751 607 1820 648 ex
1846 593 2068 648 illorum

2185 589 2438 662 ἔγνωμεν,
2466 591 2535 646 τά
2567 591 2624 645 δὲ
2657 592 2724 644 ὲκ
2753 586 3226 661 συγγραμμάτων.

483 683 834 738 monimentis
859 687 1225 756 percepimus.

555 776 729 847 Igitur
753 777 997 832 Sethiani
1042 795 1071 833 a
1110 775 1278 834 Setho
1302 779 1496 851 Adami
1531 764 1642 834 ﬁlio
1670 792 1844 849 genus
1867 793 1928 832 se
1955 784 2072 831 tra-

489 870 635 924 xisse
668 872 994 940 gloriantur.
1028 871 1200 938 Quem
1241 874 1466 944 quidem
1500 887 1835 944 magnopere
1869 871 2071 942 praedi-

485 971 646 1027 cant;
682 964 844 1030 eique
871 978 994 1031 quae
1025 966 1092 1017 ad
1118 965 1378 1019 virtutem
1405 979 1470 1018 ac
1491 965 1762 1033 justitiam
1796 964 2072 1033 pertinent

485 1052 690 1116 omnia,
730 1068 1031 1122 earumque
1077 1055 1254 1125 signa,
1299 1070 1363 1108 ac
1411 1062 1609 1109 caetera
1645 1055 1864 1125 generis
1908 1053 2073 1124 hujus

485 1137 812 1194 ttttribnunt.
867 1138 1250 1211 Eumdemque
1299 1142 1582 1197 Christum
1642 1143 1961 1209 nominant,
2018 1151 2073 1199 et

486 1221 784 1294 ipsummet
819 1225 1008 1282 Jesum
1046 1228 1220 1284 fuisse
1255 1231 1601 1286 conﬁrmant.
1625 1231 1804 1301 Atque
1836 1231 1984 1286 hunc
2019 1232 2073 1285 in

489 1317 710 1372 modum
757 1335 918 1375 suum
979 1321 1114 1375 illud
1163 1322 1362 1393 dogma
1402 1323 1708 1378 declarant.
1741 1324 1824 1378 Ab
1865 1321 2075 1394 angelis

484 1411 655 1476 enim,
707 1427 819 1466 non
855 1427 886 1466 a
936 1415 1225 1484 superiore
1263 1416 1338 1481 vi,
1395 1416 1667 1486 producta
1715 1430 1840 1472 esse
1881 1416 2075 1470 dicunt

485 1517 692 1557 omnia.

558 1595 626 1653 ll.
669 1594 805 1650 Nam
837 1611 963 1650 cum
991 1597 1278 1667 superiore
1303 1595 1636 1653 Caianorum
1659 1595 1854 1654 haeresi
1874 1597 1980 1652 hac
2007 1613 2076 1652 ex

490 1695 644 1754 parte
679 1690 1059 1754 consentiunt,
1101 1690 1249 1760 quod
1293 1699 1586 1754 asserunt,
1623 1690 1765 1746 duos
1800 1692 1870 1745 ab
1918 1691 2076 1746 initio

490 1777 746 1835 homines
796 1781 1114 1843 exstitisse,
1163 1795 1194 1834 a
1247 1779 1451 1850 quibus
1499 1780 1708 1836 Cainus
1761 1789 1818 1836 et
1867 1783 2074 1837 Abelus

2244 764 2406 826 Οὗτοι
2439 771 2551 844 γὰρ
2597 773 2646 827 οἱ
2677 770 2937 843 Σηθιανοὶ
2971 771 3080 826 ἀπὸ
3126 769 3234 841 Σὴθ
3289 768 3387 823 τοῦ
3429 767 3540 822 υἱοῦ
3579 769 3721 840 ’Δδᾶμ

2175 864 2528 936 σεμνύνονται
2566 863 2628 917 τὸ
2663 864 2821 934 γένος
2858 865 3138 932 κατάγειν.
3170 862 3346 916 Αὐτὸν
3370 862 3426 914 δὲ
3454 860 3719 927 δοξάζουσι,

2174 957 2270 1010 καὶ⁵
2311 957 2392 1021 εἰς
2435 956 2601 1012 αὐτὸν
2643 956 2824 1010 πάντα
2864 957 3078 1028 ὅσαπερ
3099 955 3304 1026 ἀρετῆς
3349 949 3520 1008 εἶναι¹
3551 954 3720 1022 ἀναφέ-

2182 1067 2359 1122 ρουσι,
2389 1049 2460 1103 τά
2493 1065 2553 1101 τε
2588 1047 2692 1118 τῆς
2727 1047 2932 1120 ἀρετῆς
2965 1047 3246 1118 τεκμήρια
3272 1045 3370 1098 καὶ
3393 1044 3721 1115 δικαιοσύνης,

2174 1141 2270 1196 καὶ
2294 1142 2397 1195 ὅσα
2423 1139 2649 1195 τοιαῦτα
2689 1141 2946 1211 ὑπάρχει.
2987 1139 3064 1193 οὐ
3105 1138 3212 1210 μὴν
3243 1138 3302 1192 δὲ
3340 1137 3475 1192 ἀλλά
3503 1138 3590 1191 καὶ
3613 1138 3724 1209 Χρι-

2178 1235 2300 1288 στὸν
2335 1233 2497 1288 αὑτὸν
2534 1232 2887 1304 ὀνομάζουσι,
2923 1232 3017 1286 καὶ
3045 1232 3208 1285 αὑτὸν
3248 1227 3391 1285 εἶναι
3421 1230 3511 1284 τὸν
3550 1230 3725 1302 Ἰησοῦν

2173 1326 2633 1381 διαϐεϐαιοῦνται.
2665 1326 2986 1380 Διδάσκουσι
3008 1325 3066 1378 δὲ
3093 1320 3275 1378 αὐτῶν
3299 1323 3398 1395 τὴν
3419 1323 3724 1377 διδασκαλίαν

2175 1419 2337 1474 οὕτω·
2381 1420 2526 1483 Ὅτι,
2574 1421 2728 1490 φησὶ,
2771 1418 2832 1484 ἐξ
2870 1417 3119 1488 ἀγγέλων
3147 1417 3444 1489 γεγένηται
3472 1415 3539 1470 τά
3560 1415 3720 1480 πάντα,

2177 1513 2270 1566 καὶ
2296 1511 2395 1564 οὐκ
2427 1511 2492 1563 ἐκ
2522 1509 2623 1581 τῆς
2652 1510 2767 1564 ἀνω
2797 1508 3102 1578 δυνάμεως.

2248 1603 2324 1657 B'.
2359 1595 2520 1656 Οὗτοι
2548 1602 2658 1673 γὰρ
2691 1600 2905 1672 συνῳδὰ
2951 1599 3170 1669 λέγουσι
3215 1599 3283 1670 τῇ
3327 1595 3518 1669 πρώτῃ
3553 1596 3727 1666 αἱρέσει

2177 1695 2284 1749 τῶν
2326 1694 2582 1749 Καῖανῶν
2635 1692 2777 1747 κατά
2804 1691 2966 1746 τοῦτο
3009 1691 3070 1746 τὸ
3117 1691 3307 1762 μέρος·
3340 1689 3649 1760 γεγενῆσθαι
3682 1689 3726 1755 ἐξ

2181 1788 2436 1859 ὑπαρχῆς
2459 1786 2622 1850 εὐθὺς
2659 1785 2754 1839 δύο
2783 1783 3128 1856 ἀνθρώπους,
3161 1784 3259 1837 καὶ
3288 1786 3356 1837 ὲκ
3377 1783 3482 1836 τῶν
3508 1781 3594 1835 δύο
3618 1776 3726 1834 εἶναι

488 1871 667 1925 exorti
713 1881 861 1926 sunt.
908 1871 983 1927 De
1012 1873 1216 1941 quibus
1263 1873 1408 1928 inter
1433 1889 1494 1929 se
1532 1873 1867 1930 dissidentes
1896 1860 2076 1945 angeli

2185 1881 2271 1934 τὸν
2297 1882 2438 1935 Κάῖν
2469 1881 2566 1935 καὶ
2593 1879 2686 1934 τὸν
2723 1877 2910 1932 Ἅϐελ.
2948 1877 3085 1948 Περὶ
3116 1875 3326 1931 τούτων
3358 1892 3418 1929 τε
3449 1875 3727 1929 στασιάσαν-

492 1972 681 2017 contra
715 1979 775 2017 se
820 1973 1012 2017 mutuo
1045 1971 1312 2018 venerunt
1346 1983 1358 2018 :
1400 1964 1565 2034 idque
1607 1963 1980 2035 perfecerunt,
2018 1972 2078 2018 ut

492 2054 720 2109 Abelum
766 2055 992 2110 fratrem
1036 2056 1242 2112 Cainus
1292 2057 1590 2112 occideret.
1651 2057 1939 2128 Siquidem
2009 2057 2079 2114 de

489 2146 777 2200 amborum
809 2147 1030 2200 illorum
1064 2147 1350 2202 hominum
1387 2147 1858 2218 generationibus,
1892 2163 1922 2202 a
1956 2149 2080 2219 qui-

488 2237 591 2294 bus
620 2240 826 2294 Caiuus
857 2250 911 2295 et
960 2239 1165 2296 Abelus
1208 2241 1462 2312 producti
1513 2249 1665 2306 sunt,
1707 2243 2079 2312 pugnantibus

486 2330 721 2401 angelis,
763 2331 910 2388 acris
955 2342 1039 2387 est
1082 2341 1272 2387 coorta
1321 2335 1626 2388 contentio.
1683 2332 1790 2390 Sed
1820 2335 1965 2388 enim
1999 2336 2080 2388 vi-

486 2421 662 2473 ctoria
692 2436 862 2490 penes
895 2421 1003 2475 vim
1035 2422 1186 2475 illam
1238 2423 1584 2492 superiorem
1618 2423 1720 2478 fuit
1761 2439 1926 2493 quam
1964 2438 2080 2477 ma-

487 2521 624 2566 trem
674 2528 818 2578 esse,
875 2513 1250 2584 feminamque
1298 2514 1590 2571 deﬁniunt.
1631 2515 1846 2586 Quippe
1878 2525 2079 2572 matres

487 2603 559 2656 ab
586 2602 676 2658 bis
715 2605 769 2659 in
799 2606 963 2672 coelo,
994 2613 1051 2660 et
1089 2605 1331 2672 feminae,
1367 2622 1662 2677 maresque
1696 2609 2078 2675 collocantur;

486 2709 552 2748 ac
588 2697 987 2765 propemodum
1015 2699 1182 2753 etiam
1206 2699 1422 2767 generis
1455 2700 1917 2764 necessitudines,
1947 2701 2077 2755 stir-

489 2786 758 2856 piumque
785 2789 989 2857 capita.
1028 2787 1398 2861 Posteaquam
1424 2791 1613 2862 igitur,
1639 2800 1700 2845 ut
1735 2793 1912 2856 aiunt,
1949 2792 2082 2846 vicit

487 2879 581 2932 illa
631 2886 806 2934 mater
840 2896 903 2934 ac
937 2881 1166 2948 femina,
1195 2893 1252 2939 et
1295 2883 1532 2939 Abelum
1565 2884 1912 2940 interfectum
1957 2901 2082 2942 esse

487 2974 768 3042 cognovit,
801 2989 992 3028 secum
1039 2974 1227 3046 animo
1274 2977 1551 3046 cogitans,
1583 2975 1735 3030 Sethi
1769 2978 2078 3048 generatio-

488 3079 610 3117 nem
645 3067 987 3134 procuravit,
1020 3067 1181 3138 eique
1215 3068 1324 3122 vim
1368 3085 1526 3124 suam
1572 3069 1798 3126 indidit.
1840 3070 2082 3126 Proinde

485 3156 651 3227 285
684 3158 766 3213 vis
812 3159 958 3214 illius
1000 3161 1308 3230 superioris
1347 3162 1558 3216 semina
1590 3163 1843 3232 quaedam
1889 3177 2083 3233 asper-

2177 1989 2278 2035 τας
2303 1971 2432 2034 τοὺς
2460 1969 2747 2039 ἀγγέλους,
2769 1969 2848 2032 εἰς
2880 1967 3144 2038 ἀλλήλους
3184 1967 3367 2036 ἥκειν·
3393 1964 3534 2020 οὕτω
3568 1981 3622 2017 τε
3653 1980 3726 2016 πε-

2179 2062 2468 2133 ποιηκέναι
2514 2061 2926 2131 ἀποκτανθῆναι
2963 2061 3057 2114 τὸν
3101 2059 3270 2116 Ἀϐελ
3320 2058 3428 2114 ὑπὸ
3472 2054 3561 2111 τοῦ
3598 2056 3724 2110 Κάῑν.

2178 2151 2286 2210 Ἤν
2317 2155 2424 2226 γὰρ
2451 2156 2486 2226 ή
2521 2155 2710 2217 στάσις
2741 2156 2854 2218 τοῖς
2879 2151 3152 2222 ἀγγέλοις,
3189 2149 3603 2220 ἀγωνιζομένοις
3631 2147 3729 2218 περὶ

2178 2247 2289 2302 τῶν
2322 2246 2526 2318 γενεῶν
2557 2246 2666 2300 τῶν
2703 2245 3008 2318 ἀνθρώπων
3035 2244 3244 2300 τούτων
3272 2244 3386 2298 τῶν
3412 2243 3521 2307 δύο,
3553 2239 3635 2295 τοῦ
3654 2255 3726 2306 γε·

2181 2341 2508 2412 γεννηκότος
2531 2340 2624 2393 τδν
2645 2341 2787 2395 Κάἲν
2811 2339 2905 2394 καὶ
2929 2339 3025 2393 τοῦ
3053 2337 3450 2408 γεγεννηκότος
3469 2337 3556 2388 τὸν
3578 2332 3727 2386 Ἅϐελ.

2181 2430 2606 2503 Κεκρατηκέναι
2637 2431 2696 2486 δὲ
2725 2431 2823 2502 τὴν
2862 2431 2976 2485 ἀνω
3007 2431 3262 2501 δύναμιν,
3307 2431 3376 2500 ἢν
3415 2426 3626 2499 Μητέρα
3647 2424 3727 2492 φάο

2184 2539 2397 2586 σκουσι,
2425 2523 2520 2576 καί
2549 2521 2789 2594 θήλειαν.
2832 2524 2990 2575 Δοκεῖ
3026 2521 3136 2590 γὰρ
3169 2521 3360 2584 αὐτοῖς
3386 2515 3628 2574 εἶναικαὶ
3651 2533 3730 2585 μη-

2180 2616 2347 2687 τέρας
2376 2615 2510 2678 ἀνω,
2541 2615 2634 2669 καὶ
2665 2614 2906 2686 θηλείας,
2947 2615 3042 2669 καὶ
3074 2615 3335 2685 ἄρσενας·
3368 2612 3541 2680 ὀλίγου
3563 2609 3612 2662 δὲ
3645 2608 3730 2659 δεῖν

2183 2708 2278 2762 καὶ⁸
2324 2707 2647 2777 συγγενείας
2686 2709 2782 2761 καὶ
2826 2699 3195 2780 πατριαρχίας
3241 2708 3440 2776 λέγειν.
3493 2702 3629 2756 Ἐπεὶ
3657 2695 3730 2751 οὖν

2183 2802 2520 2872 κεκράτηκε,
2561 2801 2745 2870 φασὶν,
2780 2804 2813 2872 ἡ
2850 2801 3047 2872 Μήτηρ
3081 2803 3178 2855 καὶ
3217 2801 3412 2873 θήλεια
3443 2793 3726 2864 καλουμένης

2184 2893 2412 2962 γνοῦσα,
2437 2894 2519 2946 ὅτι
2547 2893 2884 2947 ἀπέκτανται
2911 2892 3098 2959 Ἅϐελ,
3131 2891 3519 2964 ὲνθυμηθεῖσα,
3545 2885 3729 2952 ἐποίησε

2183 2984 2512 3056 γεννηθῆναι
2540 2983 2632 3037 τὸν
2671 2983 2806 3055 Σὴθ,
2845 2984 2940 3037 καὶ
2968 2985 3027 3038 ἐν
3058 2983 3236 3054 τούτῳ
3275 2983 3440 3054 ἔθηκε
3476 2979 3569 3049 τὴν
3592 2973 3729 3041 αὐτῆς

2191 3073 2441 3144 δύναμιν.
2498 3074 2610 3128 Καὶ
2655 3073 3040 3129 καταλαϐοῦσα
3068 3077 3088 3107 ⁸
3130 3075 3188 3128 ὲν
3217 3075 3362 3145 αὐτῇ
3410 3070 3614 3141 σπέρμα
3651 3061 3727 3131 τῆς

2186 3163 2394 3218 ἄνωθεν
2440 3163 2748 3235 δυνάμεως,
2808 3165 2905 3218 καὶ
2952 3164 3044 3218 τὸν
3099 3164 3377 3237 σπινθῆρα
3425 3162 3511 3216 τὸν
3563 3153 3727 3213 ἀνωθεν

486 3237 580 3315 sit,
619 3244 687 3303 ac
730 3251 1028 3306 scintillam
1073 3252 1324 3320 immisit,
1356 3269 1479 3322 quae
1527 3253 1595 3307 ad
1660 3254 1896 3325 primam
1935 3254 2079 3308 illam

2189 3255 2510 3328 πεμφθέντα
2531 3259 2611 3321 εἰς
2639 3256 2865 3329 πρώτην
2891 3257 3200 3329 καταϐολὴν
3232 3236 3328 3312 τοῦ
3351 3255 3637 3328 σπέρματος
3656 3244 3727 3298 καὶ

485 3342 716 3398 seminis
770 3344 1225 3414 propagationem
1292 3345 1857 3416 constitutionemque
1931 3348 2084 3417 lapsa

485 3432 556 3488 de
590 3433 733 3487 cmlo
765 3434 965 3488 fuerat.
1000 3433 1174 3501 Quam
1207 3436 1430 3506 quidem
1464 3439 1696 3507 justitiae
1727 3440 2084 3494 constitutio-

485 3540 610 3580 nem
693 3540 755 3579 ac
803 3528 1032 3582 seminis
1088 3528 1414 3584 electionem
1465 3531 1640 3586 fuisse
1684 3531 1930 3602 jactant,
1973 3547 2085 3603 quo

488 3615 785 3684 utriusque
830 3615 1100 3672 beneﬁcio
1129 3621 1457 3689 angelorum
1503 3623 1649 3678 vires
1684 3631 2084 3690 everterentur,

485 3704 582 3774 qui
633 3710 701 3759 et-
738 3705 1002 3760 mundum
1053 3705 1481 3773 fabricaveram,
1533 3716 1589 3766 et
1645 3709 1786 3766 duos
1831 3710 2084 3768 homines

489 3795 648 3850 initio
695 3797 1092 3866 produxerant.
1144 3797 1296 3864 Quas
1339 3800 1412 3855 ob
1457 3815 1659 3857 causas
1701 3801 1858 3858 Sethi
1909 3818 2083 3874 genus

489 3889 789 3958 separatim
844 3890 913 3944 ab
974 3889 1068 3944 illa
1121 3891 1336 3961 origine
1384 3891 1687 3948 deductum
1739 3901 1845 3958 est,
1892 3902 2085 3965 utpote

487 3979 724 4034 electum
761 3988 815 4034 et
869 3979 939 4035 ab
985 3975 1200 4051 reliqua
1241 3979 1417 4052 stirpe
1462 3983 1796 4053 sejunctum.
1846 3983 2081 4057 Progre-

488 4068 769 4125 dientibus
809 4069 1070 4141 deinceps
1117 4071 1484 4142 temporibus,
1517 4081 1571 4129 et
1611 4083 1846 4146 utraque
1894 4077 2084 4134 sobole

488 4164 545 4217 in
584 4179 756 4217 unum
796 4162 1052 4231 conﬂata,
1102 4163 1207 4219 hoc
1247 4172 1333 4219 cst
1373 4165 1550 4220 Caino
1587 4175 1641 4221 et
1660 4167 1840 4226 ,Abelo
1881 4183 2083 4226 conve-

488 4256 776 4311 nientibus
825 4257 1174 4326 invicemque
1228 4259 1549 4329 permistis,
1599 4260 1847 4315 omnium
1906 4269 2084 4316 mater

487 4363 556 4402 ea
587 4362 647 4401 re
681 4347 1066 4403 animadversa
1112 4349 1328 4419 generis
1361 4349 1589 4404 humani
1621 4351 1836 4405 semina
1869 4351 2080 4422 integra

482 4455 554 4494 .ac
585 4440 806 4496 sincera
852 4448 1258 4510 repraesentare
1295 4443 1607 4508 constituit,
1641 4458 1792 4511 cum,
1823 4445 1901 4497 uti
1935 4445 2078 4499 dixi-

487 4544 635 4594 mus,
667 4529 806 4584 Abel
832 4539 981 4586 esset
1016 4532 1261 4588 occisus.
1304 4531 1363 4586 In
1405 4531 1637 4587 Sethum
1685 4533 1819 4588 illud
1853 4534 2078 4605 delegit,

480 4626 542 4674 et
565 4619 634 4672 ab
658 4618 810 4672 omni
842 4619 962 4675 labe
999 4636 1201 4691 purum
1231 4623 1494 4679 ostendit.
1523 4622 1584 4678 lu
1616 4639 1858 4696 eumque
1898 4628 2078 4682 solum

480 4708 735 4766 caelestis
781 4709 934 4766 illius
977 4713 1063 4784 vis
1098 4729 1214 4770 suae
1266 4729 1333 4770 ac
1380 4713 1718 4773 sinceritatis
1749 4733 1923 4789 genus
1976 4719 2081 4774 im-

485 4801 660 4860 misit.
747 4871 751 4880 ι

556 4893 647 4949 lll.
684 4894 930 4952 Rursum
968 4911 1101 4952 vero
1135 4912 1262 4952 cum
1301 4900 1674 4971 promiscuam
1711 4902 2083 4973 perturbatio-

484 5002 632 5055 nem,
667 4997 720 5044 et
746 4990 1070 5061 angelorum
1115 4991 1514 5062 hominumque
1545 4997 1876 5053 temerarios
1910 4998 2084 5069 impe-

486 5091 574 5136 tus
608 5072 883 5147 cerneret,
919 5083 1069 5154 quod
1092 5084 1385 5140 commista
1413 5087 1580 5142 simul
1614 5102 1816 5158 genera
1852 5089 1942 5144 illa
1969 5091 2080 5146 duo

487 5174 743 5242 fuissent,
780 5191 888 5247 qua
935 5193 1004 5233 ex
1036 5177 1366 5235 confusione
1409 5195 1553 5236 nova
1594 5181 1846 5252 quaedam
1894 5195 2076 5239 essent

486 5283 686 5338 genera
704 5269 1027 5337 constituta,
1063 5269 1255 5326 eadem
1287 5271 1382 5326 illa
1413 5287 1614 5342 parens
1637 5273 1835 5330 femina
1854 5290 2080 5347 progre—

491 5361 646 5417 Jiens
677 5378 943 5432 aquarum
974 5363 1231 5419 eluvione
1263 5366 1600 5420 contrariam
1631 5382 1852 5422 omnem
1885 5367 2081 5424 factio-

490 5467 620 5506 nem
643 5451 890 5510 t‘unditus
907 5457 1192 5524 exstinxit,
1219 5465 1280 5512 ut
1309 5458 1629 5529 incorrupta
1658 5475 1722 5515 ac
1743 5460 1891 5530 justa
1923 5462 2077 5518 Sethi

490 5540 668 5608 Stirps
687 5542 754 5596 ad
788 5545 1010 5599 roeleste
1040 5561 1213 5615 genus
1270 5549 1681 5620 scintillamque
1703 5551 1934 5621 iustitia:
1954 5567 2080 5608 con-

501 5627 730 5682 ﬁandam
753 5631 806 5685 in
832 5635 994 5690 terris
1024 5637 1141 5691 sola
1169 5640 1519 5696 retineretur.
1547 5640 1748 5697 Verum
1779 5642 1920 5698 clam
1961 5644 2076 5716 ipsa

566 5784 584 5814 ¹
613 5780 771 5837 2"ecst
808 5786 967 5859 ῗοκεί,
998 5789 1081 5843 vel
1103 5792 1219 5847 ἐστί
1249 5795 1350 5868 leg.
1422 5796 1448 5832 ¹
1477 5795 1539 5851 F.
1570 5797 1972 5856 καταϐαλοῦσα.

2191 3349 2524 3413 συστάσεως.
2565 3350 2675 3402 Καὶ
2719 3344 2862 3405 εἶναι
2901 3349 3108 3420 ταύτην
3144 3350 3408 3404 σύστασιν
3438 3346 3532 3416 τῆς
3564 3343 3726 3396 δικαιο-

2190 3443 2377 3515 σύνης,
2419 3442 2516 3496 καὶ
2541 3441 2773 3515 ἐκλογὴν
2799 3443 3119 3515 σπέρματος
3147 3443 3246 3498 καὶ
3270 3442 3476 3514 γένους·
3514 3439 3642 3496 ὅπως
3661 3428 3728 3484 διὰ

2187 3536 2286 3607 τῆς
2312 3534 2520 3606 ταύτης
2556 3535 2890 3600 συστάσεως,
2940 3535 3038 3588 καὶ
3078 3535 3275 3589 τούτου
3323 3533 3416 3588 τοῦ
3459 3529 3726 3600 σπέρματος

2187 3626 2589 3700 καθαιρεθῶσιν
2618 3629 2673 3682 αἱ
2699 3628 2958 3701 δυνάμεις
2990 3628 3100 3683 τῶν
3139 3629 3390 3698 ἀγγέλων
3417 3625 3520 3679 τῶν
3558 3620 3634 3676 τὸν
3655 3615 3724 3670 κό-

2190 3736 2326 3790 σμον
2362 3719 2738 3792 πεποιηκότων
2783 3720 2878 3774 καὶ
2910 3721 3036 3784 τοὺς
3071 3719 3167 3774 δύο
3231 3722 3330 3774 ἀπ’
3361 3717 3529 3788 ἀρχῆς
3559 3705 3725 3779 ἀνθρώ·

2188 3831 2346 3877 πους.
2365 3813 2465 3868 Διά
2483 3812 2689 3884 ταύτην
2712 3809 2806 3868 οὖν
2833 3813 2931 3886 τὴν
2958 3814 3138 3868 αἰτίαν
3162 3814 3259 3868 καὶ
3286 3813 3348 3868 τὸ
3372 3811 3519 3882 γένος
3539 3804 3620 3859 τοῦ
3644 3797 3724 3868 Σὴθ

2187 3903 2481 3976 ἀφορισθὲν
2511 3903 2758 3958 ἐντεῦθεν
2783 3905 3104 3973 κατάγεται,
3134 3904 3368 3977 ἐκλογῆς
3390 3901 3448 3956 ὃν
3479 3898 3565 3953 καὶ
3584 3895 3728 3948 διακε-

2187 3997 2454 4068 κριμένον
2495 3994 2589 4050 τοῦ
2638 3994 2801 4050 ἀλλου
2851 3996 3066 4065 γένους.
3119 3995 3528 4066 Προϐαινόντων
3562 3987 3611 4040 δὲ
3641 3980 3724 4035 τῶν

2187 4087 2421 4158 καιρῶν,
2451 4087 2604 4158 φασὶ,
2634 4089 2728 4142 καὶ
2754 4089 2891 4161 ὁμοῦ
2916 4089 3089 4143 ὄντων
3117 4088 3226 4143 τῶν
3250 4088 3347 4142 δύο
3375 4083 3559 4156 γενῶν,
3581 4075 3661 4131 τοῦ
3682 4087 3727 4127 τε

2186 4175 2327 4227 Κάῖν
2355 4174 2449 4228 καὶ
2477 4174 2569 4229 τοῦ
2602 4176 2769 4230 Ἀϐελ
2804 4179 2885 4240 εἰς
2917 4177 2979 4230 τὸ
3003 4176 3137 4230 αὐτὸ
3165 4176 3540 4235 συνελθόντων,
3561 4167 3635 4220 διὰ
3653 4178 3725 4216 xa-

2187 4266 2313 4320 κίαν
2362 4267 2586 4339 πολλὴν,
2642 4270 2738 4324 καὶ
2779 4268 2917 4341 ὁμοῦ
2968 4269 3293 4341 μιχθέντων,
3339 4252 3723 4332 ἀποϐλέψασαή

2189 4359 2409 4413 πάντων
2425 4361 2646 4432 Μήτηρ,
2685 4361 2926 4436 καθαρὸν
2963 4363 3026 4416 τὸ
3071 4363 3297 4436 σπέρμα
3333 4361 3438 4418 τῶν
3473 4350 3724 4426 ἀνθρώπων

2187 4449 2466 4524 ὴϐουλήθη
2512 4453 2958 4524 ἀπεργάσασθαι,
3007 4453 3084 4519 ὡς
3130 4459 3413 4528 προεῖπον,
3458 4448 3540 4503 διὰ
3572 4443 3623 4498 τὸ
3657 4437 3723 4528 τὸν

2189 4544 2356 4598 Ἅϐελ
2390 4546 2750 4602 ἀπεκτάνθαι.
2775 4547 2884 4602 Καὶ
2907 4547 3098 4603 τοῦτον
3117 4526 3208 4603 τὸν
3229 4550 3338 4622 Σὴθ
3364 4541 3634 4611 ἐξελέξατον
3653 4526 3723 4584 καὶ

2155 4623 2160 4721 ί
2189 4637 2432 4711 καθαρὸν
2461 4637 2649 4706 έδειξε.
2681 4640 2793 4694 Καὶ
2818 4644 2875 4697 ὲν
2899 4641 3074 4711 τούτῳ
3103 4643 3164 4697 τδ
3191 4643 3347 4712 γένος
3379 4641 3516 4714 μόνῳ
3539 4634 3624 4703 τῆς
3646 4623 3722 4679 αδ.

2186 4730 2286 4801 τῆς
2320 4731 2604 4802 δυνάμεως
2641 4733 2737 4787 καὶ
2773 4733 3149 4809 καθαρότητος
3181 4737 3453 4792 κατέθετο.

2259 4904 2332 4959 Γ’.
2375 4904 2582 4961 ’ἰδοῦσα
2603 4906 2661 4961 δὲ
2688 4899 2852 4964 πάλιν
2873 4909 3076 4975 πολλὴν
3103 4912 3402 4982 ἐπιμιξίαν,
3423 4904 3510 4960 καὶ
3529 4900 3720 4982 ἄτακτον

2185 4997 2364 5069 ὁρμὴν
2395 4997 2506 5052 τῶν
2539 5000 2786 5070 ἀγγέλων
2832 5003 2927 5056 καὶ
2971 5002 3080 5056 τῶν
3122 4979 3442 5076 ἀνθρώπων,
3486 4995 3558 5054 εἰς
3602 4979 3718 5056 μίξιν

2188 5087 2297 5142 τῶν
2325 5088 2420 5142 δύο
2443 5091 2618 5159 γενῶν
2650 5093 2935 5159 ἐλθόντων,
2979 5095 3073 5148 καὶ
3105 5096 3389 5157 συστάσεις
3411 5082 3567 5158 γενῶν
3597 5082 3718 5159 τινας

2185 5180 2286 5254 τὴν
2318 5182 2500 5237 αὐτῶν
2523 5183 2752 5248 ἀταξίαν
2778 5186 3177 5258 ὲμποιήσασαν,
3205 5182 3516 5258 πορευθεῖσα
3542 5157 3715 5264 πάλινῇ

2186 5275 2325 5347 αὐτὴ
2353 5277 2556 5349 Μήτηρ
2579 5295 2638 5330 τε
2676 5279 2770 5333 καὶ
2807 5277 2996 5350 θήλεια
3029 5278 3406 5351 κατακλυσμὸν
3427 5273 3619 5344 ἤνεγκεν
3644 5267 3716 5306 καί

2185 5368 2436 5422 ἀπώλεσε
2456 5371 2639 5423 πᾶσαν
2669 5371 2858 5425 στάσιν
2883 5371 3173 5444 ἀνθρώπου
3195 5371 3390 5431 παντὸς
3403 5363 3572 5434 γένους
3585 5352 3713 5444 Villa”:

2185 5461 2302 5514 τὲου
2325 5480 2338 5492 ·
2365 5463 2452 5517 ἵνα
2480 5463 2644 5534 δῆθεν
2668 5465 2729 5516 τὸ
2752 5431 3001 5537 meapva
3014 5466 3171 5535 γένος
3192 5467 3252 5520 τὸ
3273 5431 3477 5520 ἀπὸτοῦ
3505 5443 3629 5549 591.0:-
3641 5431 3712 5549 ξέὶ

2183 5552 2412 5620 δίκαιον,
2440 5532 2599 5626 μόνον
2627 5556 2787 5631 μείνῃ
2814 5559 2871 5612 ὲν
2898 5532 3108 5630 κόσμῳ,
3134 5561 3214 5624 εἰς
3239 5557 3482 5613 σύστασιν
3505 5532 3712 5631 τοῦξγαν

2186 5645 2278 5701 θεν
2310 5624 2504 5718 γένους
2536 5666 2594 5703 τε
2627 5624 2723 5704 καὶ
2753 5624 3186 5724 σπινθῆρος-τῆς
3215 5645 3550 5710 δικαιοσύνης,
3582 5624 3709 5681 Ἐλαι
