3934 6422
151 398 273 456 669

783 392 1164 453 ADV’EBSUS
1203 390 1551 452 HERESES
1588 391 1718 449 LIB.
1760 390 1762 398 ’

1867 389 2010 448 ΓΟΜ.
2038 382 2130 444 ιιι.
2165 420 2234 431 -
2264 378 2542 445 ΠΕΙΪΕΒ.
2575 368 2819 438 XXXIX.

3348 375 3456 433 670

152 520 258 576 θον
304 520 368 577 δὲ
411 519 584 593 αὐτὴν
634 516 796 573 πάλιν
838 518 888 570 oi
933 514 1179 586 ἄγγελοι,
1214 514 1311 569 καὶ
1341 512 1630 567 είσὲδυσαν
1678 510 1762 564 τὸν

1873 521 2073 564 rursus
2104 504 2283 578 angeli
2305 503 2573 559 Chsmum
2603 516 2636 557 e
2664 508 2868 570 genere
2894 493 3009 558 {suo
3038 500 3365 567 prognatum
3400 496 3456 549 in

154 613 300 685 Χάμ
353 613 434 676 είς
482 612 579 683 τὴν
621 607 874 673 κιϐωτὸν,
902 607 1037 662 ὄντα
1064 605 1161 660 τοῦ
1194 603 1376 660 αὐτῶν
1425 603 1760 675 σπέρματος.

166 706 360 762 Ὀκτὼ
382 704 491 776 γάρ
520 702 709 774 ψυχῶν
742 700 1019 756 σωθεισῶν
1061 701 1122 754 ὲν
1167 701 1234 770 τῇ
1264 697 1385 751 τότε
1412 696 1644 768 λάρνακι
1669 693 1765 749 τοῦ

152 799 317 862 Νῶε,
348 796 491 851 ἑπτά
531 796 633 867 μὲν
670 791 811 850 εἶναι
842 792 939 849 τοῦ
972 791 1217 864 καθαροῦ
1249 789 1443 860 γένους
1475 788 1609 859 φασί
1629 806 1644 821 ·
1671 787 1765 843 τὸν

152 892 219 947 δὲ
248 891 351 945 ἕνα
372 887 512 945 εἶναι
531 889 621 944 τὸν
640 888 773 959 Χάμ
790 888 889 959 τῆς
917 887 1083 958 ἄλλης
1108 884 1395 956 δυνάμεως
1425 883 1760 955 ὑπάρχοντα,

153 980 221 1034 ὃν
253 979 498 1033 είσδῦναι
529 978 761 1033 λαθόντα
803 978 905 1049 τὴν
951 977 1064 1032 άνω
1094 975 1344 1047 Μητέρα.
1362 974 1500 1027 Ὑπὸ
1525 972 1635 1027 τῶν
1661 973 1763 1041 ἀγ·-

155 1073 347 1143 γέλων
379 1072 438 1126 δὲ
465 1072 526 1126 τὺ
543 1071 755 1126 τοιοῦτο
775 1069 1164 1133 συσκευασθὲν,
1194 1069 1368 1134 οὕτως
1396 1065 1763 1147 ἀποτελεσθῆ-

156 1183 275 1221 ναι.
297 1165 517 1237 Ἐπειδὴ
533 1163 1083 1236 γὰρ,φασ“ι,ἔ.γνωσαν
1110 1163 1158 1217 oi
1184 1160 1429 1232 ἄγγελοι,
1456 1161 1539 1216 ὅτι
1571 1158 1761 1231 μέλλει

160 1258 281 1313 πᾶν
312 1258 379 1312 τὸ
410 1257 634 1328 σπέρμα
664 1254 844 1309 αὐτῶν
873 1253 1274 1324 άπαλείφεσθαι
1302 1254 1360 1308 ὲν
1381 1249 1460 1323 τῷ
1491 1250 1764 1305 κατακλυ-

162 1348 319 1421 σμῷ,
350 1349 661 1421 πανουργίᾳ
688 1348 797 1401 τινὶ
840 1348 931 1402 τὸν
957 1346 1358 1419 προειρημένον
1384 1344 1514 1417 Χὰμ
1541 1345 1622 1409 είς
1645 1345 1764 1398 δια-

158 1442 404 1513 τήρησιν
436 1439 531 1494 τοῦ
561 1439 651 1493 ὑπ’
681 1437 861 1493 αὐτῶν
881 1438 1194 1503 κτισθέντος
1217 1436 1409 1506 γένους
1437 1437 1536 1507 τῆς
1565 1434 1763 1500 κακίας

162 1530 589 1605 παρεισέϐαλον.
621 1531 730 1585 Καὶ
778 1532 843 1584 ἐκ
883 1530 1075 1584 τούτου
1121 1528 1260 1601 λήθη
1301 1527 1398 1582 καὶ
1425 1526 1604 1597 πλάνη
1635 1527 1764 1596 περὶ

160 1626 297 1689 τοὺς
341 1622 686 1695 ἀνθρώπους,
717 1624 812 1678 καί¹
843 1624 1067 1677 ἄτακτοι
1114 1622 1280 1694 φοραὶ
1319 1619 1759 1692 ἁμαρτημάτων,

163 1716 264 1770 καὶ
296 1713 595 1787 πολυμιξία
629 1714 830 1779 κακίας
864 1715 923 1768 ὲν
962 1712 1041 1785 τῷ
1065 1713 1261 1785 κόσμῳ
1300 1713 1615 1784 γεγένηται.
1651 1710 1765 1765 Καὶ

160 1807 346 1873 οὕτως
374 1810 404 1862 ὁ
429 1808 638 1880 κόσμος
669 1810 751 1873 είς
775 1807 838 1862 τὸ
868 1808 1094 1880 ἀρχαῖον
1120 1805 1220 1877 τῆς
1238 1804 1465 1871 ἀταξίας
1491 1800 1648 1869 αὖθις
1667 1803 1762 1857 άν-

1867 613 2054 653 arcam
2097 595 2477 653 introducunt.
2528 591 2663 647 Nam
2714 605 2782 647 ex
2824 594 2952 643 octo
2995 585 3276 657 capitibus
3324 586 3454 649 illis,

1866 707 1991 764 quae
2036 693 2093 747 in
2129 690 2321 747 Noemi
2367 704 2495 745 arca
2551 697 2768 744 servata
2816 686 3096 756 leguntur,
3133 683 3458 739 sincerioris

1866 783 2090 856 generis
2121 790 2349 854 septena
2380 780 2550 838 fuisse
2582 779 2903 851 praedicant,
2927 786 3182 833 octavum
3207 788 3339 831 vero
3365 791 3458 830 no-

1866 876 2021 931 mine
2045 873 2318 929 Chamum
2354 873 2425 929 ab
2454 872 2631 928 aliena
2657 872 2710 928 vi
2739 872 3068 941 productum
3094 868 3321 924 latuisse
3348 883 3460 922 cu:-

1864 964 2060 1021 lestem
2096 974 2352 1032 matrem,
2376 972 2431 1020 et
2460 966 2517 1020 in
2540 976 2724 1019 arcam
2754 964 3077 1034 irrepsisse;
3114 970 3166 1018 et
3191 961 3245 1017 id
3274 961 3452 1031 ipsum

1865 1054 2185 1126 angelorum
2224 1052 2418 1109 fraude
2446 1067 2512 1108 ac
2540 1052 2776 1107 consilio
2806 1067 2928 1107 esse
2956 1051 3281 1123 perlectum.
3312 1050 3452 1104 Cum

1862 1144 2031 1209 enim,
2066 1151 2127 1199 ut
2158 1143 2333 1209 aiunt,
2377 1143 2700 1199 didicissent
2744 1143 2843 1208 illi,
2878 1157 3053 1213 genus
3093 1156 3256 1196 omne
3288 1155 3451 1196 suum

1864 1235 2058 1291 diluvii
2091 1237 2251 1308 aquis
2283 1236 2784 1302 exterminandum,
2818 1235 2957 1289 mira
2989 1234 3308 1295 calliditate,
3341 1247 3454 1302 quo

1863 1328 1995 1384 mali
2026 1328 2268 1398 generis,
2302 1329 2463 1399 cujus
2500 1335 2754 1383 auctores
2785 1335 2961 1392 erant,
2997 1325 3260 1395 reliquias
3307 1322 3456 1377 l‘ovc-

1863 1428 2011 1486 rent,
2032 1420 2301 1476 Cbamum
2327 1420 2384 1475 in
2413 1434 2597 1475 arcam
2630 1419 2931 1477 inculcant.
2966 1416 3012 1472 Α
3035 1432 3146 1488 quo
3173 1417 3227 1471 in
3260 1415 3456 1469 huma-

1864 1527 1998 1566 num
2043 1526 2217 1582 genus
2249 1526 2427 1573 error,
2464 1517 2523 1567 et
2572 1510 2797 1576 oblivio,
2846 1515 3013 1578 atque
3058 1504 3452 1561 inconsiderati

1864 1600 2202 1672 ﬂagitiorum
2233 1602 2490 1672 impetus,
2518 1609 2573 1657 et
2602 1600 2872 1657 scelerum
2903 1598 3141 1654 varietas
3167 1593 3452 1664 multiplex

1865 1694 1921 1750 in
1961 1695 2153 1750 orbem
2201 1702 2476 1751 terrarum
2517 1693 2719 1765 erupit.
2769 1691 2948 1762 Atque
2991 1690 3067 1745 ita
3100 1686 3340 1743 mundus
3384 1687 3456 1740 ad

1865 1787 2157 1857 pristinam
2210 1787 2679 1857 perturbationem
2719 1784 2886 1855 286
2915 1783 3098 1839 denuo
3148 1779 3455 1840 revolutus,

161 1871 409 1971 ἔκαμψε,
445 1871 549 1954 καὶ*
568 1871 877 1970 ἐνεπλήσθη
908 1871 1118 1966 κακῶν,
1256 1898 1315 1963 ἐξ
1337 1898 1514 1970 ἀρχῆς
1537 1897 1644 1971 πρὸ
1663 1895 1761 1951 τοῦ

1867 1877 2089 1949 perinde
2129 1885 2297 1948 atque
2348 1885 2478 1932 ante
2515 1874 2810 1938 diluvium,
2858 1873 3129 1927 malorum
3167 1871 3327 1941 copia
3375 1884 3459 1924 re—

142 1990 585 2063 κατακλυσμοῦ.
604 1990 738 2045 Ἀπὸ
755 1991 814 2045 δὲ
835 1990 930 2044 τοῦ
953 1990 1062 2062 Σὴθ
1085 1988 1230 2044 κατὰ
1251 1988 1474 2060 σπέρμα
1501 1988 1598 2043 καὶ
1619 1986 1762 2042 κατά

160 2083 426 2156 διαδοχὴν
464 2083 655 2153 γένους
687 2086 716 2137 ὁ
737 2083 973 2156 Χριστὸς
1013 2079 1180 2155 ἦλθεν
1203 2083 1366 2147 αὐτὸς
1388 2079 1618 2154 Ἰησοῦς,
1643 2081 1764 2152 οὐχὶ

161 2176 313 2230 κατὰ
340 2176 496 2247 γένη,
527 2176 663 2230 άλλά
694 2174 1022 2248 θαυμαστῶς
1048 2178 1106 2229 ὲν
1138 2173 1216 2246 τῷ
1242 2174 1435 2245 κόσμῳ
1464 2173 1720 2246 πεφηνὼς
1744 2189 1759 2203 ’

160 2270 223 2332 ὃς
253 2270 406 2321 ἐστιν
434 2268 596 2333 αὐτὸς
624 2270 652 2322 ὁ
682 2268 813 2341 Σὴθ,
843 2271 871 2323 ὁ
892 2269 1013 2322 τότε
1037 2267 1132 2321 καὶ
1160 2266 1399 2339 Χριστὸς
1426 2265 1522 2321 νῦν
1545 2268 1763 2335 ἐπιφοι-

160 2361 342 2431 τήσας
363 2360 442 2431 τῷ
466 2359 612 2428 γένει
639 2359 750 2415 τῶν
778 2359 1102 2432 ἀνθρώπων,
1128 2357 1238 2413 ἀπὸ
1260 2358 1361 2430 τῆς
1394 2356 1600 2430 μητρὸς
1624 2354 1765 2411 ἄνω-

162 2452 259 2505 θεν
286 2450 720 2523 ἀπεσταλμένος.

240 2631 312 2684 Δο.
356 2627 543 2683 Ταῦτα
566 2627 745 2683 πάντα
784 2625 927 2699 οὕτω
954 2623 1285 2697 γεγενῆσθαί
1333 2639 1498 2694 φασιν
1541 2623 1759 2677 ἐκεῖνοι.

164 2722 348 2794 Μωρὰ
403 2722 480 2788 δὲ,
507 2722 603 2777 καὶ
646 2721 875 2794 ἀδρανῆ,
907 2721 1003 2775 κοιλ⁵
1049 2720 1386 2790 κενοφωνίας
1437 2719 1651 2791 ἔμπλεα
1694 2717 1765 2772 τά

164 2814 394 2870 τοιαῦτα
430 2813 784 2885 κηρύγματα,
815 2815 892 2879 ῶς
943 2813 1106 2867 παντί
1155 2830 1234 2883 τῳ
1276 2813 1436 2884 δῆλόν
1480 2814 1648 2866 ἐστιν.
1686 2811 1761 2863 Οὺ

163 2908 279 2980 γάρ
322 2906 419 2962 δύο
468 2904 746 2977 ἄνθρωποι
796 2905 1169 2977 ὲπλάσθησαν,
1199 2904 1338 2959 ἀλλὰ
1381 2900 1463 2968 εἷς
1510 2907 1538 2958 ὁ
1564 2902 1759 2973 Ἀδὰμ,

168 3000 263 3054 καὶ
294 3000 362 3053 ὲκ
389 2996 484 3052 τοῦ
514 2997 690 3068 ’Δδάμ
718 2999 748 3051 ὃ
770 3015 829 3051 τε
855 2997 994 3052 Κάῖν
1028 2998 1123 3050 καὶ
1162 2996 1348 3062 Ἅϐελ,
1379 2996 1474 3051 καὶ
1495 2995 1627 3067 Σήθ.
1653 2996 1763 3049 Καὶ

171 3091 355 3146 εὐκέτι
388 3091 454 3143 ὲκ
480 3089 574 3143 δύο
601 3088 925 3161 ἀνθρώπων,
960 3088 1075 3143 ἀλλ’
1100 3088 1159 3156 eg
1182 3089 1300 3154 ἑνὸς
1331 3090 1437 3155 ἕως
1467 3089 1563 3143 τοῦ
1587 3106 1759 3144 κατα-

170 3181 415 3254 κλυσμοῦ
450 3182 558 3237 τῶν
584 3181 758 3251 γενῶν
791 3182 929 3236 ὅλων
952 3182 1045 3236 τοῦ
1069 3182 1243 3253 ’Δδὰμ
1267 3183 1501 3253 ἐχόντων
1522 3182 1621 3247 τὰς
1643 3184 1762 3236 ἑαυ-

167 3270 278 3325 τῶν
314 3269 603 3334 συστάσεις
635 3272 693 3325 ὲν
733 3269 812 3341 τῷ
840 3271 1050 3342 κόσμῳ.
1070 3272 1203 3326 Ἀπὸ
1250 3271 1307 3324 δὲ
1345 3271 1437 3325 τοῦ
1486 3272 1760 3326 κατακλυ-

168 3362 312 3433 σμοῦ
357 3362 421 3415 ὲκ
461 3362 554 3416 τοῦ
580 3362 704 3416 Νῶε
735 3363 900 3417 πάλιν
922 3363 1017 3418 τοῦ
1046 3363 1166 3428 ἐνὸς
1190 3364 1505 3437 ἀνθρώπου,
1534 3365 1630 3419 καὶ
1658 3365 1763 3418 οὐκ

168 3456 237 3509 ὲκ
264 3453 561 3526 διαφόρων,
593 3455 732 3509 ἀλλὰ
758 3455 867 3510 ἀπὸ
894 3457 1013 3520 ἐνὸς
1041 3456 1134 3511 τοῦ
1161 3456 1305 3522 Νῶε,
1339 3458 1434 3525 τοῦ
1468 3457 1607 3511 κατὰ
1647 3456 1764 3510 δια-

166 3548 332 3619 δοχὴν
354 3549 420 3601 ὲκ
452 3547 768 3618 σπέρματος
791 3547 885 3601 τοῦ
917 3548 1046 3619 Σὴθ,
1075 3549 1185 3603 πᾶν
1228 3548 1386 3617 γένος
1418 3549 1528 3602 τῶν
1552 3546 1762 3620 ἀνθρώ·

168 3656 311 3704 ττων,
330 3640 521 3703 οὐκείς
544 3638 638 3692 δύο
663 3639 987 3709 αἱρούμενον
1015 3638 1054 3703 ί,
1090 3638 1229 3692 ἀλλὰ
1254 3641 1334 3702 είς
1366 3638 1425 3694 ἓν
1449 3638 1623 3709 γένος.
1644 3639 1760 3707 ’Δφ’

168 3724 347 3803 οὗπερ
374 3732 470 3786 καὶ
487 3732 631 3798 Νῶε,
652 3732 748 3786 καὶ
775 3733 808 3803 ἡ
832 3731 998 3785 αὑτοῦ
1018 3731 1182 3802 γυνὴ,
1208 3732 1303 3785 καὶ
1324 3732 1465 3803 Σὴμ,
1492 3730 1587 3786 καὶ
1610 3732 1760 3801 Χάμ,

171 3823 268 3875 καὶ
299 3821 502 3891 Ἰάφεθ,
528 3823 579 3878 οί
620 3822 811 3877 τούτου
840 3823 1028 3885 παῖδες
1063 3822 1160 3876 καὶ
1182 3825 1332 3895 τρεῖς
1367 3824 1624 3891 γυναῖκες
1654 3821 1762 3875 τῶν

169 3902 341 3966 αὖτοῦ
377 3914 582 3968 παίδων
611 3913 720 3968 ἀπὸ
749 3914 843 3968 τοῦ
878 3914 985 3986 Σὴθ
1018 3914 1080 3968 τὸ
1115 3914 1269 3984 γένος
1302 3915 1600 3984 κατάγουσι
1628 3915 1765 3968 πάν-

167 4023 286 4071 τες,
316 4007 412 4061 καὶ
447 4007 567 4077 οὐχ).
596 4006 704 4061 ἀπὸ
729 4006 823 4060 δύο
844 4006 1150 4078 ἀνθρώπων
1178 4007 1289 4062 τῶν
1337 4008 1414 4079 μὴ
1455 4007 1764 4080 γενομένων

169 4100 315 4155 κατὰ
340 4099 439 4172 τὴν
463 4100 667 4155 τούτων
702 4100 1044 4172 μυθοποιίαν.
1705 4102 1714 4112 ’

244 4272 322 4329 E’.
364 4272 588 4338 Βίϐλους
634 4274 692 4328 δέ
729 4290 885 4340 τινας
939 4274 1350 4346 συγγράφοντες
1394 4271 1454 4340 ἐξ
1499 4271 1764 4343 ὀνόματος

175 4366 430 4439 μεγάλων
455 4366 687 4439 ἀνδρῶν,
710 4366 770 4434 ἐξ
792 4367 1056 4438 ὀνόματος
1085 4368 1184 4439 μὲν
1203 4367 1311 4439 Σὴθ
1340 4367 1482 4422 ἑπτὰ
1514 4366 1765 4435 λέγοντες

173 4454 315 4511 εἶναι
353 4456 602 4535 βίϐλους·
631 4456 800 4521 ἄλλοις
843 4457 902 4513 δὲ
958 4457 1173 4528 βίϐλους
1215 4458 1408 4531 ἐτέρας
1452 4456 1762 4525 άλλογενεῖς

1865 1968 2154 2024 dundavit.
2213 1968 2488 2025 Caaterum
2543 1982 2575 2021 a
2629 1965 2798 2022 Setho
2859 1965 3181 2020 continuata
3239 1960 3456 2032 generis

1865 2062 2226 2118 successione
2277 2058 2440 2117 Jesus
2468 2059 2726 2115 Christus
2757 2057 2981 2128 prodiit,
3022 2071 3132 2112 non
3176 2056 3296 2126 ipse
3324 2053 3454 2124 qui-

1864 2151 1987 2207 dem
2020 2153 2238 2223 generis
2274 2153 2450 2224 stirpe
2499 2158 2842 2222 procreatus,
2872 2149 2968 2203 sed
3015 2148 3072 2208 in
3100 2146 3249 2201 hunc
3293 2161 3456 2200 mun-

1864 2243 1994 2299 dum
2035 2244 2436 2301 admirabiliter
2464 2242 2835 2299 introductus.
2865 2239 3009 2296 ldem
3039 2239 3188 2295 enim
3221 2238 3310 2309 qui
3344 2237 3456 2293 illis

1868 2336 2211 2405 temporibus
2238 2335 2443 2391 Setinus
2480 2334 2607 2397 fuit,
2652 2332 2818 2390 modo
2845 2331 3101 2388 Christus
3148 2330 3457 2402 appellatus

1865 2444 1895 2483 a
1927 2429 2140 2485 caelesti
2188 2438 2364 2484 matre
2401 2429 2471 2484 de
2520 2428 2662 2483 coelo
2706 2428 2915 2484 missus
2950 2424 3019 2481 ad
3058 2425 3308 2481 homines
3356 2421 3458 2477 de-

1863 2522 2106 2579 scendit.

1934 2612 2023 2668 IY.
2050 2611 2168 2668 Hoc
2198 2612 2360 2668 modo
2383 2612 2460 2668 illi
2487 2612 2743 2668 universa
2770 2617 3040 2668 statuunt.
3061 2608 3261 2664 Verum
3287 2621 3453 2677 quam

1866 2705 2088 2771 stolida,
2122 2720 2287 2775 quam
2319 2718 2486 2775 porro
2513 2703 2808 2769 imbecilla,
2842 2717 2907 2758 ac
2933 2719 3070 2757 vana
3107 2702 3217 2757 sint
3241 2717 3363 2773 qua:
3388 2701 3459 2756 ab

1864 2797 1977 2852 illis
2002 2797 2310 2867 jactantur,
2357 2810 2518 2851 nemo
2570 2810 2680 2850 non
2718 2794 2884 2850 videt.
2938 2792 3127 2864 Neque
3168 2793 3313 2847 enim
3347 2792 3459 2847 duo

1864 2888 2073 2943 conditi
2102 2896 2231 2943 sunt
2252 2887 2526 2953 homines,
2564 2887 2658 2943 sed
2692 2902 2836 2941 unus
2864 2886 3133 2943 duntaxat
3168 2885 3411 2939 Adamus
3439 2902 3455 2938 :

1866 2997 1896 3036 a
1929 2995 2040 3051 quo
2074 2980 2235 3043 Cain,
2274 2986 2330 3034 et
2379 2978 2538 3044 Abel,
2579 2977 2891 3048 Setbusque
2930 2979 3118 3048 geniti.
3161 2977 3299 3032 Tum
3334 2976 3456 3031 reli-

1864 3090 1989 3143 quae
2014 3073 2276 3143 deinceps
2304 3071 2372 3126 ad
2413 3070 2680 3126 diluvium
2723 3086 2898 3141 usque
2927 3069 3308 3141 generationes
3344 3083 3453 3123 non

1867 3182 1897 3219 a
1932 3165 2150 3220 duobus
2184 3163 2521 3228 hominibus,
2552 3161 2649 3220 sed
2676 3178 2745 3218 ex
2789 3178 2901 3218 uno
2927 3162 3105 3219 solum
3139 3162 3336 3231 capite,
3366 3161 3455 3215 ni-

1866 3258 2063 3313 mirum
2091 3257 2322 3321 Adamo,
2355 3256 2597 3327 profecta
2627 3262 2774 3311 sunt.
2804 3253 2912 3311 Sed
2943 3262 2997 3310 et
3027 3255 3095 3311 ab
3124 3270 3235 3308 uno
3260 3270 3454 3310 rursus

1863 3349 2071 3407 Noemo
2100 3360 2224 3421 post
2256 3350 2544 3415 diluvium,
2578 3366 2687 3406 non
2719 3364 2750 3403 a
2775 3349 3011 3405 diversis
3041 3349 3451 3419 insequentium

1860 3444 2015 3516 origo
2043 3443 2377 3509 deducitur;
2429 3458 2460 3497 a
2498 3440 2728 3509 Noemo,
2776 3442 3020 3512 inquam,
3068 3439 3164 3511 qui
3216 3453 3247 3495 e
3300 3437 3454 3493 Sethi

1863 3537 2124 3607 prosapia
2161 3535 2282 3602 fuit,
2312 3551 2485 3606 genus
2514 3533 2801 3590 hominum
2826 3548 2989 3590 omne
3016 3532 3323 3589 derivatum
3347 3541 3454 3596 est,

1863 3645 1974 3684 non
2005 3629 2263 3685 bifariam
2299 3628 2563 3695 divisum,
2605 3628 2700 3685 sed
2730 3643 2843 3683 una
2885 3629 3057 3698 stirpe
3091 3627 3457 3697 comprehcn-

1864 3734 2008 3773 sum.
2045 3717 2124 3772 Ex
2152 3734 2260 3789 qua
2287 3726 2397 3774 tam
2430 3717 2694 3782 Noemus,
2718 3732 2882 3788 quam
2916 3716 3038 3786 ejus
3066 3731 3205 3771 uxor
3230 3715 3454 3786 prodiit,

1864 3824 2170 3881 eorumque
2213 3810 2373 3865 liberi
2423 3809 2574 3877 Sem,
2608 3809 2802 3877 Cham,
2843 3808 3042 3880 Japhet
3091 3827 3104 3863 :
3156 3824 3369 3863 necnon
3403 3817 3459 3863 ct

1865 3903 2213 3973 singulorum
2257 3902 2564 3975 coniuges;
2597 3904 2691 3974 qui
2735 3901 2967 3974 quidem‘
2993 3916 3186 3957 omnes
3231 3901 3461 3957 unius-e

1867 3992 2023 4049 Sethi
2072 4009 2273 4066 genere
2312 3994 2584 4065 procreati
2620 4000 2771 4057 sunt,
2806 4008 2918 4049 non
2950 4006 2993 4046 .a
3025 3993 3242 4048 duobus
3282 3992 3461 4047 homi-

1863 4090 2026 4145 nibus
2076 4089 2377 4159 producti:
2412 4089 2508 4158 qui
2561 4103 2845 4158 nunquam
2891 4086 2950 4141 in
2982 4087 3152 4142 terris
3206 4083 3457 4149 fuerunt,

1863 4178 2326 4252 quemadmodum
2357 4180 2450 4236 isti
2484 4179 2825 4235 fabulantur.
2856 4238 2873 4261 ί

1934 4267 2001 4323 ν.
2041 4271 2113 4324 At
2132 4270 2282 4325 enim
2323 4278 2508 4326 certos
2549 4268 2721 4323 libros
2747 4268 3181 4324 clarissimorum
3212 4280 3456 4320 Virorum

1863 4362 2183 4417 nominibus
2210 4362 2513 4432 inscriptos
2553 4361 2980 4417 circumferunt.
3009 4360 3087 4416 Ex
3121 4360 3324 4431 quibus
3362 4375 3455 4415 se—

1865 4451 2011 4527 ptem
2044 4456 2270 4511 omnino
2298 4453 2467 4510 Setho
2495 4454 2780 4520 tribuunt;
2813 4454 2952 4509 alios
2980 4469 3107 4508 vero
3128 4451 3456 4519 ἀλλογενεῖς,

172 4548 318 4603 οὕτω
362 4546 652 4602 καλοῦσιν’
687 4546 857 4618 ἄλλην
904 4546 962 4602 δὲ
1007 4547 1066 4615 ἐξ
1099 4547 1362 4618 ὀνόματος
1383 4547 1660 4619 Ἀϐραάμ,
1693 4548 1762 4619 ἢν

1867 4550 1970 4605 hoc
1994 4556 2101 4617 est,
2132 4549 2349 4620 generis
2379 4546 2606 4603 alterius
2638 4555 2979 4616 nuncupant.
3006 4545 3102 4601 Est
3129 4552 3182 4600 et
3211 4545 3354 4599 alius
3388 4543 3456 4598 li-

175 4636 659 4708 καὶἈποκάλυψιν
691 4637 995 4706 φάσκουσιν
1016 4634 1178 4702 εἷναι,
1206 4638 1388 4709 πάσης
1430 4638 1626 4702 κακίας
1666 4637 1763 4709 ἐμ-

174 4732 383 4785 πλεωνσ
415 4730 607 4802 ἑτέρας
632 4729 689 4784 δὲ
718 4727 779 4797 ἐξ
804 4728 1068 4801 ὀνόματος
1090 4728 1186 4783 τοῦ
1219 4728 1522 4796 Μωῦσέως,
1546 4730 1639 4784 καὶ
1668 4730 1767 4785 άλ-

175 4824 272 4889 λας
305 4822 501 4878 ἄλλων.
535 4823 630 4886 Είς
665 4821 878 4894 μωρίαν
920 4821 980 4877 δὲ
1021 4822 1225 4894 πολλὴν
1256 4822 1348 4877 τὸν
1388 4823 1513 4878 νοῦν
1558 4823 1768 4879 ἑαυτῶν

176 4917 530 4984 κατάγοντες,
557 4916 796 4985 γυναῖκά
814 4931 940 4970 τινα
977 4915 1200 4986 Ὠραίαν
1228 4915 1477 4985 λέγουσιν
1501 4912 1642 4971 εἶναι
1670 4914 1768 4970 τοῦ

178 5007 459 5081 Σήθ.’¹ορα
501 5006 559 5061 δέ
593 5024 705 5078 μοι,
748 5006 1022 5078 ἅγαπητὲ,
1062 5006 1161 5079 τὴν
1192 5008 1399 5062 τούτων
1440 5007 1648 5075 ἄνοιαν,
1680 5009 1769 5063 ἵνα

179 5100 319 5159 κατὰ
353 5100 531 5155 πάντα
558 5100 758 5170 τρόπον
780 5099 1069 5172 καταγνῷς
1097 5102 1195 5173 τῆς
1222 5101 1404 5156 αὐτῶν
1424 5102 1770 5174 δραματουρο

179 5194 325 5264 γίας,
350 5194 446 5248 καὶ
474 5191 752 5261 μυθώδους
781 5193 1275 5265 ματαιοφροσύνης,
1306 5194 1401 5250 καὶ
1431 5196 1766 5251 ἐπιπλάστου

179 5285 520 5356 ληρολογίας.
560 5285 684 5339 Εἰσὶ
713 5289 812 5356 μὲν
839 5284 947 5358 γάρ
981 5284 1140 5339 ἄλλαι
1169 5285 1313 5348 τινὲς
1343 5284 1602 5356 αἱρέσεις,
1630 5286 1769 5339 αἴτι-

180 5394 267 5442 νες
311 5376 541 5455 δύναμίν
567 5393 688 5429 τινα
722 5371 861 5429 εἶναι
889 5375 1158 5443 λέγουσιν,
1191 5375 1258 5447 ἥν
1286 5373 1543 5431 καλοῦσιν
1573 5376 1772 5442 ὀνομα-

180 5467 381 5534 στικῶς
427 5466 665 5539 Ὠραίαν.
688 5468 801 5539 Τὴν
834 5467 965 5533 παρ’
984 5467 1167 5532 ἄλλοις
1192 5467 1372 5522 τοίνυν
1406 5468 1769 5539 νομιζομένην

177 5559 669 5631 δύναμιν,⁹Ωραίαν
700 5576 760 5613 τε
793 5558 1155 5631 καλουμένην,
1193 5558 1338 5613 οὕτω
1388 5562 1623 5628 γυναῖκα
1671 5560 1768 5615 τοῦ

182 5651 288 5723 Σὴθ
318 5649 760 5719 λέγουσιν.⁶ὐθεν
785 5642 1060 5725 δυνάμεθά
1093 5669 1149 5707 τε
1185 5650 1483 5720 ἀποδεῖξαι,
1520 5651 1595 5716 ὡς
1629 5650 1765 5721 τοτε,

260 5831 275 5862 ³
311 5828 439 5885 Cor.
466 5826 856 5904 διαιρούμενοι.

1870 4643 1969 4699 her
2004 4641 2147 4697 falso
2183 4640 2485 4696 Abrahami
2514 4639 2760 4703 nomine,
2794 4654 2956 4709 quem
2998 4655 3098 4710 pro
3127 4637 3459 4709 Apocalypsi

1865 4737 2170 4803 venditant,
2203 4734 2356 4790 omni
2385 4734 2629 4805 nequitia
2657 4731 2913 4789 refertus.
2948 4730 3154 4788 Prmter
3182 4747 3346 4803 quem
3378 4732 3458 4786 al-

1863 4839 2045 4886 terum
2076 4844 2109 4883 a
2142 4828 2348 4899 Moyse,
2381 4828 2626 4898 reliquos
2649 4825 2719 4881 ah
2768 4826 2892 4882 aliis
2920 4824 3101 4881 editos
3134 4840 3258 4881 esse
3301 4839 3458 4879 men-

1864 4922 2101 4978 tiuntur.
2132 4920 2214 4975 Ad
2256 4922 2389 4983 haec,
2424 4934 2547 4990 qum
2586 4926 2673 4975 est
2710 4919 2929 4974 illorum
2962 4916 3234 4972 stoliditas
3268 4930 3333 4969 ac
3362 4930 3458 4969 ve-

1865 5017 2057 5073 cordia
2079 5057 2095 5083 ,
2121 5031 2353 5071 uxorem
2398 5014 2553 5071 Sethi
2574 5014 2825 5069 Horaeam
2864 5013 3056 5068 nescio
3087 5025 3252 5083 quam
3280 5007 3461 5063 nomi-

1866 5111 2037 5164 natim
2054 5116 2271 5165 vocant.
2290 5107 2351 5163 1n
2381 5122 2492 5179 quo
2524 5106 2897 5177 vide,qu2eso,
2929 5119 3095 5174 quam
3128 5103 3294 5172 inepti
3324 5102 3458 5163 sint,

1867 5210 1928 5255 ut
1968 5200 2188 5255 illorum
2226 5198 2379 5255 velut
2421 5200 2643 5256 scenica
2683 5204 3030 5259 commenta,
3071 5194 3461 5251 stultissimas-

1867 5307 1974 5361 que
2008 5289 2225 5353 l‘abulas
2269 5306 2333 5347 ac
2367 5298 2573 5348 temere
2602 5291 2842 5348 conﬁcta
2891 5287 3177 5343 mendacia
3210 5284 3361 5341 omni
3389 5300 3460 5341 ex

1867 5392 2023 5455 parte
2062 5384 2420 5441 condemnes.
2455 5383 2593 5439 Nam
2634 5399 2761 5439 cum
2794 5380 3076 5438 nonnullae
3118 5380 3232 5435 sint
3286 5377 3461 5433 hatre-

1867 5489 1959 5532 ses
1990 5490 2114 5546 quae
2149 5476 2259 5531 vim
2320 5474 2617 5546 quamdam
2662 5488 2786 5529 esse
2805 5477 3076 5537 statuunt,
3112 5483 3235 5541 qua:
3265 5465 3461 5523 norma

1869 5567 2233 5623 nominetur:
2269 5567 2347 5622 illi
2382 5567 2492 5622 vim
2539 5565 2835 5638 ejusmodi,
2892 5562 3254 5633 Horacamque
3304 5557 3460 5614 Sethi

1868 5658 2160 5733 conjugem
2186 5660 2469 5719 exstitisse
2487 5659 2807 5733 praedicant.
2832 5656 2911 5714 Ex
2936 5672 3046 5730 quo
3065 5650 3459 5719 demonstrari,
