3934 6418
163 367 292 419 673
831 362 1207 420 ADVERSUS
1246 362 1590 419 HERESES
1625 363 1758 420 LIB.
1801 363 1844 420 1.
1884 362 2048 420 ΤΟΜ.
2088 364 2176 420 Ill.
2218 394 2287 404 —
2328 361 2603 422 l-UERES.
2647 362 2893 423 XXXIX.
3390 357 3496 419 οτι

165 479 341 548 έστη,
380 475 475 530 καὶ
521 475 629 546 πρδ
677 475 773 529 τοῦ
815 476 904 530 διὰ
934 478 1220 542 ’Μωῦσέως
1259 479 1540 550 ἐγγράφου
1572 480 1738 550 νόμου
1767 481 1794 532 6

1901 494 2023 532 rum
2054 478 2373 550 nuptiarum
2423 487 2604 534 status
2634 480 2858 550 optimis
2888 476 3124 532 decretis
3163 479 3499 534 constitutus

165 567 330 621 κατὰ
370 567 464 620 τὸν
499 567 697 638 σεμνὸν
720 568 898 638 γάμον
933 567 1135 639 θεσμός
1155 584 1169 598 ο
1202 569 1298 622 καὶ
1330 570 1395 622 ὲκ
1423 569 1532 621 τῶν
1575 586 1791 640 πατρα-

1900 577 2002 622 est.
2038 568 2180 640 Ergo
2207 568 2573 626 consobrinas
2601 570 2804 626 ducere
2831 585 2950 624 mos
2982 568 3102 623 fuit.
3139 567 3254 633 Qua
3282 569 3496 625 ratione

163 658 402 728 δέλφων
429 657 612 711 αὐτῶν
653 658 752 722 τὰς
780 659 1026 731 γαμετὰς
1051 660 1262 714 ἑαυτῶν
1291 661 1506 731 ἤγοντο.
1545 661 1656 714 Καὶ
1701 662 1793 716 οῦ-

1900 658 2105 715 factum
2136 668 2230 718 est
2247 670 2329 728 ut,
2353 662 2730 734 multiplicatis
2751 661 3086 726 hominibus,
3115 661 3222 715 duo
3247 661 3302 715 in
3323 677 3495 716 unum

168 767 263 801 τω
293 747 721 819 πλατυνομένων
753 750 878 821 ἄρτι
912 751 1020 804 τῶν
1052 751 1356 823 ἀνθρώπων
1400 754 1566 824 ἐμίγη
1606 753 1676 807 τὰ
1701 753 1794 808 δύο

1900 765 2096 821 genera
2131 751 2520 818 miscerentur,
2555 752 2715 809 Caini
2745 753 2999 809 videlicet
3037 769 3101 808 ac
3138 752 3325 820 Sethi;
3375 762 3492 806 tum

165 841 345 912 γένη,
380 841 476 895 τοῦ
518 859 581 895 τε
613 843 755 897 Κάῖν
792 843 932 916 πρὸς
960 843 1022 897 τὸ
1051 843 1208 912 γένος
1236 844 1331 898 τοῦ
1365 845 1499 917 Σὴθ,
1551 846 1649 899 καὶ
1695 846 1790 900 τοῦ

1900 841 2161 913 deinceps
2195 843 2420 914 reliquae
2453 844 2690 901 ﬁliorum
2725 844 2918 900 Adami
2945 846 3145 916 stirpes
3174 847 3490 915 promiscue

169 932 296 1003 Σὴθ
333 933 473 1005 πρὸς
500 933 748 1005 θάτερον,
778 934 874 989 καὶ
910 934 980 989 τὰ
1025 935 1160 990 ἄλλα
1185 937 1296 990 τῶν
1330 939 1462 992 υἱῶν
1498 936 1594 991 τοῦ
1621 938 1794 1010 Ἀδὰμ

168 1023 346 1094 γένη.
365 1023 645 1079 Ἐντεῦθεν
667 1025 851 1079 λοιπὸν
873 1026 968 1080 τοῦ
991 1027 1382 1099 κατακλυσμοῦ
1408 1028 1580 1102 ἄρδην
1600 1030 1663 1083 τὸ
1684 1031 1793 1084 πᾶν

171 1114 290 1185 τῆς
320 1113 566 1179 στάσεως
608 1115 718 1170 τῶν
768 1116 1074 1189 ἀνθρώπων
1099 1119 1488 1185 ἀπολέσαντος,
1514 1120 1786 1191 διαπεφύ-

173 1205 390 1261 λακται
420 1206 580 1277 μόνος
605 1207 729 1261 Νῶε
759 1209 937 1281 εὑρὼν
958 1211 1118 1281 χάριν
1145 1209 1298 1283 παρὰ
1320 1210 1399 1281 τῷ
1425 1211 1564 1282 Θεῷ,
1584 1213 1794 1276 δίκαιος

174 1298 440 1371 εὑρεθεὶς
471 1299 531 1353 ἐν
561 1299 627 1370 τῇ
657 1298 778 1353 κατ’
804 1301 982 1353 ἐκεῖνο
1008 1301 1203 1372 καιροῦ
1233 1304 1417 1374 γενεᾷ.
1447 1303 1713 1373 Λάρνακα
1735 1303 1792 1356 δὲ

176 1393 335 1447 κατὰ
356 1393 426 1447 τὰ
460 1393 563 1464 ήδη
597 1384 863 1466 πρότερον
897 1395 1031 1464 ἡμῖν
1075 1394 1342 1465 εἰρημένα
1387 1395 1793 1450 κατεσκεύασεν

179 1484 374 1557 ἑαυτῷ
405 1487 470 1539 ὲκ
502 1486 928 1557 προστάγματος
969 1484 1126 1552 Θεοῦ,
1162 1487 1238 1552 ὡς
1265 1487 1484 1558 ἔχουσιν
1514 1488 1570 1540 αί
1600 1486 1789 1557 ἀληθι-

178 1576 280 1628 ναὶ
307 1575 546 1648 Γραφαί.
578 1576 667 1628 Ἐν
795 1575 1159 1630 διασεσῶσθαι
1207 1579 1239 1647 ἡ
1289 1577 1427 1648 αὐτὴ
1471 1577 1669 1646 φάσκει
1693 1577 1794 1646 τῆς

193 1667 491 1738 ’Λληθείας
521 1666 704 1737 βίϐλος
733 1668 896 1721 αὐτόν
919 1685 979 1720 τε
1009 1667 1103 1720 καὶ
1131 1668 1234 1732 τὰς
1262 1670 1670 1740 προειρημένας
1696 1671 1794 1723 αῦ-

178 1762 266 1834 τῷ
299 1764 418 1834 ἅμα
443 1762 583 1815 ἑπτὰ
613 1761 790 1832 ψυχάς
812 1778 825 1792 ·
861 1764 1004 1833 φημὶ
1041 1763 1098 1816 δὲ
1135 1764 1233 1834 τήν
1269 1779 1328 1815 τε
1367 1763 1505 1817 ἰδίαν
1536 1763 1791 1833 σύζυγον,

1891 934 2278 1006 iungerentur.
2321 937 2520 994 POSIea
2564 954 2690 994 cum
2735 953 3004 1009 aquarum
3047 939 3346 994 exundatio
3388 937 3492 992 hu-

1895 1029 2044 1082 mani
2085 1028 2303 1098 generis
2333 1037 2536 1084 statum
2590 1029 2836 1085 funditus
2881 1030 3194 1094 delevisset,
3230 1046 3376 1086 unus
3423 1046 3493 1085 ex

1898 1119 2156 1174 omnibus
2192 1118 2434 1175 Noemus
2463 1128 2716 1177 servatus
2748 1129 2853 1186 est,
2899 1122 2991 1191 qui
3033 1121 3310 1192 gratiosus
3345 1121 3491 1188 apud

1899 1205 2068 1263 Deum
2119 1210 2426 1275 exstiterat,
2485 1211 2630 1280 quod
2665 1219 2826 1265 aetate
2871 1226 2970 1266 sua
3000 1210 3187 1280 ju'Stus
3225 1219 3371 1268 esset
3415 1210 3497 1263 in-

1895 1309 2109 1355 ventus.
2148 1299 2269 1366 Hic,
2300 1309 2360 1354 ut
2392 1309 2518 1356 ante
2551 1301 3002 1364 memoravimus,
3036 1315 3218 1355 arcam
3252 1300 3355 1355 sibi
3383 1299 3500 1356 Deo

1889 1391 2123 1461 jubente
2178 1391 2482 1447 fabricatus
2531 1401 2650 1458 est,
2709 1392 3172 1461 quemadmodum
3231 1405 3494 1460 germana

1893 1482 2094 1537 divina:
2127 1483 2261 1554 legis
2311 1481 2654 1538 rnonimenta
2705 1490 3000 1539 testantur.
3031 1482 3146 1550 Qua
3179 1482 3398 1552 quidem
3439 1481 3496 1534 in

1895 1587 2023 1627 arca
2051 1581 2327 1628 servatum
2358 1572 2621 1628 Noemum
2649 1573 2702 1627 in
2726 1573 2916 1629 eodem
2942 1573 3169 1629 sincerae
3194 1572 3498 1641 Scriptum:

1895 1666 2178 1719 volumine
2225 1666 2502 1735 proditum
2554 1673 2659 1732 est,
2696 1680 2822 1719 cum
2869 1679 3044 1735 eoque
3100 1673 3328 1733 septem,
3375 1679 3499 1733 qua:

1896 1765 2024 1813 ante
2057 1758 2486 1822 nominavimus,
2513 1759 2715 1828 capita,
2747 1758 2849 1813 hoc
2888 1764 2973 1812 est
3004 1757 3295 1828 conjugem
3321 1756 3497 1825 ipsius

182 1861 286 1912 καὶ
331 1858 458 1921 τοὺς
501 1859 650 1928 τρεῖς
693 1857 880 1921 υἱοὺς,
921 1856 1186 1924 γυναῖκάς
1228 1872 1289 1908 τε
1343 1854 1551 1909 τούτων
1592 1856 1794 1926 ὁμοίως

1900 1865 2024 1906 cum
2081 1851 2260 1906 tribus
2301 1850 2513 1913 liberis,
2563 1865 2628 1904 ac
2682 1849 2908 1904 t0tidem
2964 1863 3156 1905 eorum
3206 1848 3496 1907 uxoribus.

181 1951 478 2022 τρεῖς.Ἐκ
509 1948 700 2002 τούτου
745 1948 802 2002 δὲ
849 1948 1077 2018 λείψανα
1123 1947 1458 2018 γεγενῆσθαι
1496 1949 1599 2018 τῆς
1651 1949 1792 2003 κατὰ

182 2043 282 2098 τὸν
313 2043 604 2114 ἄνθρωπον
645 2041 960 2105 συστάσεως
994 2043 1053 2094 ὲν
1082 2027 1286 2112 κόσμῳ¹
1306 2040 1470 2093 πάλιν
1500 2042 1533 2111 ἡ
1565 2039 1793 2111 ἀλήθεια

185 2134 532 2204 συνίστησιν.
561 2133 724 2187 Ὅθεν
771 2131 914 2186 κατὰ
961 2131 1154 2200 γενεὰν
1202 2130 1644 2203 προϐαινόντων,
1698 2133 1794 2185 καὶ

183 2225 337 2280 κατὰ
367 2225 620 2296 διαδοχὴν
647 2222 764 2278 υἱοῦ
793 2224 1007 2296 πατέρα
1044 2223 1449 2294 διαδεχομένου,
1477 2224 1558 2287 εἱς
1600 2223 1794 2290 γενεὰς

183 2319 356 2372 πέντε
391 2319 419 2371 6
446 2316 582 2371 αἱὼν
611 2316 864 2388 ὲλήλακε.

261 2407 371 2461 Kal
419 2408 611 2477 γέγονε
665 2409 783 2461 κατ’
812 2408 986 2461 έκεῖνο
1031 2405 1226 2479 καιροῦ
1273 2408 1306 2478 ἡ
1346 2406 1449 2477 τῆς
1476 2407 1792 2472 Βαϐυλῶνος

186 2499 373 2562 κτίσις
401 2498 460 2553 ὲν
489 2501 558 2570 τῇ
587 2499 695 2552 τῶν
725 2498 1032 2570 Ἀσσυρίων
1059 2500 1153 2570 γῇ,
1190 2498 1284 2552 καὶ
1315 2500 1344 2552 6
1372 2499 1462 2550 ὑπ’
1493 2499 1674 2552 αὐτῶν
1713 2500 1792 2552 οἱ-

186 2589 521 2661 κοδομηθεὶς
571 2590 693 2644 τότε
740 2586 1161 2662 πύργοςίἮσαν
1209 2589 1266 2642 δὲ
1314 2589 1457 2643 κατά
1488 2589 1676 2642 τοῦτον
1704 2589 1794 2643 τὸν

186 2681 406 2752 καιρὸν,
445 2681 520 2744 ὡς
551 2680 651 2752 ἤδη
682 2681 740 2734 ὲν
768 2682 888 2743 ταῖς
923 2680 1192 2753 πρότερον
1232 2679 1480 2749 αἱρέσεσι
1523 2678 1791 2749 διηγησά-

190 2793 326 2847 μην,
357 2774 500 2828 κατὰ
527 2773 622 2827 τὸν
652 2774 843 2846 εἱρμὸν
867 2773 977 2827 τῶν
1007 2774 1119 2829 ἄνω
1153 2789 1244 2842 μοι
1287 2771 1492 2841 γενεῶν
1522 2788 1792 2843 πραγμα-

185 2866 489 2920 τευθεισῶν
519 2867 568 2919 οἱ
602 2867 806 2930 πάντες
839 2864 1306 2936 ἑϐδομηκονταδύο
1335 2863 1528 2935 ἄνδρες
1560 2863 1654 2916 τὸν
1683 2863 1798 2934 ἀρι-

99 2954 104 2957 ’
187 2957 355 3028 θμὸν,
384 2957 619 3028 ἀρχηγοί
650 2973 709 3009 τε
743 2954 838 3008 καὶ
878 2953 1274 3023 κεφαλαιῶται,
1302 2952 1396 3004 τοῦ
1428 2952 1525 3023 μὲν
1554 2953 1686 3023 Χὰμ
1709 2952 1798 3021 γέ-

189 3062 317 3108 νους
367 3044 781 3116 τριακονταδύο,
813 3043 909 3097 καὶ
949 3042 1043 3096 τοῦ
1080 3043 1201 3115 Σήμ
1235 3042 1556 3107 δεκαπέντε,
1596 3041 1691 3096 τοῦ
1737 3043 1796 3096 δὲ

202 3135 385 3205 Meae
417 3136 757 3191 εἱκοσιπέντε
777 3136 815 3192 ³.
849 3135 959 3189 Kal
986 3134 1158 3198 οὕτως
1189 3137 1226 3192 ὁ,
1246 3134 1457 3206 πύργος
1495 3134 1590 3188 καὶ
1621 3135 1654 3205 ἡ
1685 3134 1795 3187 Βα-

189 3227 372 3281 ϐυλὼν
417 3227 767 3297 ἐγένετο.Ἑκ
802 3226 1008 3280 τούτων
1047 3225 1426 3298 διεσπάρησαν
1468 3225 1564 3278 ἐπὶ
1612 3226 1795 3280 πᾶσαν

190 3321 292 3392 τὴν
322 3320 424 3391 γῆν
450 3319 613 3388 φυλαί
647 3337 707 3373 τε
736 3319 832 3372 καὶ
862 3318 1130 3388 γλῶσσαι.
1164 3319 1276 3373 Καὶ
1306 3317 1538 3390 ἐπείπερ
1571 3319 1622 3370 οἱ
1648 3318 1799 3371 €680-

195 3410 538 3482 μηκονταδύο
591 3409 712 3464 τότε
776 3411 870 3464 τὸν
931 3409 1142 3481 πύργον
1209 3408 1622 3480 οἰκοδομοῦντες
1676 3412 1798 3474 ταῖς

194 3501 472 3569 γλώσσαις
497 3501 959 3572 διεσκεδάσθησαν
995 3501 1374 3572 συγχυθέντες,
1412 3502 1505 3555 καὶ
1531 3501 1640 3555 ἀπὸ
1666 3503 1799 3572 μιᾶς

190 3587 263 3664 ἧς
291 3593 487 3664 ᾔδεσαν
531 3593 969 3665 ἐμπνευσθέντες
1013 3596 1078 3646 ὲκ
1109 3592 1244 3646 Θεοῦ
1276 3593 1604 3664 βουλήσεως,
1641 3593 1800 3658 ἄλλος

193 3684 366 3755 ἄλλην
390 3685 711 3755 ἐσχήκασιν.
731 3683 821 3751 Ἐξ
841 3677 1026 3755 ὧνπερ
1052 3684 1146 3736 καὶ
1171 3684 1332 3754 μέχρι
1361 3683 1522 3756 δεῦρο
1543 3687 1577 3756 ή
1608 3683 1800 3738 σύστα-

194 3792 283 3839 σις
317 3775 425 3829 τῶν
468 3777 668 3830 λαλιῶν
710 3776 1031 3847 ἐνέστηκεν·
1063 3775 1205 3830 ὥστε
1238 3776 1550 3849 βουλομένῳ
1585 3777 1797 3834 ἔνεστιν

198 3869 380 3940 εὑρεῖν
400 3869 628 3925 ἕκαστον
658 3870 900 3942 ἀρχηγὸν
924 3870 1162 3941 ἑκάστης
1190 3868 1443 3940 γλώσσης
1463 3887 1475 3901 ’
1507 3870 1582 3934 ὡς
1605 3869 1797 3925 Ἰωυάν

201 3962 303 4034 μὲν
355 3961 454 4033 τὴν
494 3961 776 4033 Ἑλληνίδα
827 3961 1008 4033 ἔσχεν,
1042 3963 1102 4028 ἐξ
1133 3954 1307 4034 οὗπερ
1347 3964 1442 4016 καὶ
1474 3965 1662 4026 Ἴωνες
1701 3963 1796 4019 κέ-

196 4057 445 4126 κληνται,
465 4057 513 4108 οί
537 4055 638 4127 τὴν
665 4055 905 4110 παλαιὰν
933 4055 1185 4125 γλῶσσαν
1218 4055 1329 4109 τῶν
1357 4056 1624 4128 Ἑλλήνων
1650 4055 1799 4126 ἔχον-

195 4161 324 4210 τες’
358 4149 541 4219 Θήρας
588 4147 646 4200 δὲ
698 4147 809 4201 τῶν
841 4147 1104 4220 Θρᾳκῶνο
1138 4148 1325 4217 Μοσὸχ
1350 4147 1450 4218 τὴν
1479 4147 1799 4201 Μωσσυνοί-

197 4259 310 4296 κων
343 4240 595 4309 γλῶσσαν
616 4259 630 4272 ο
663 4240 854 4294 Θωϐὲλ
879 4240 977 4312 τὴν
1003 4240 1112 4294 τῶν
1143 4239 1427 4293 Θετταλῶν
1446 4256 1460 4268 ·
1491 4238 1677 4293 Ἐλοὺδ
1697 4239 1797 4312 τὴν

196 4333 385 4386 Λυδῶν
404 4347 417 4360 ·
450 4333 634 4406 Γεφὰρ
664 4332 762 4404 τὴν
787 4331 1088 4402 Γασφηνῶν
1108 4348 1120 4361 ·
1158 4330 1418 4402 Μιστρὲμ
1446 4329 1546 4402 τὴν
1564 4329 1674 4384 τῶν
1702 4332 1797 4386 Δί-

197 4417 478 4487 γυπτίων·
517 4419 670 4484 Ψοῦς
720 4419 821 4491 τὴν
876 4419 986 4473 τῶν
1017 4418 1389 4490 Ἀξουμιτῶν·
1427 4419 1648 4490 Ἀρμὼτ
1697 4419 1796 4493 τὴν

1903 1944 2270 2011 Quamobrem
2297 1945 2515 2014 generis
2544 1943 2776 1997 humani
2801 1942 3063 2011 reliquias
3091 1942 3146 1996 in
3174 1942 3322 1996 hunc
3343 1957 3500 1995 mun-

1895 2034 2023 2089 dum
2059 2048 2090 2087 a
2119 2032 2328 2090 Noemo
2354 2033 2650 2106 productas
2681 2049 2806 2089 esse
2841 2034 3090 2088 veritatis
3130 2033 3306 2104 ipsius
3339 2031 3498 2087 testi-

1895 2126 2082 2181 monio
2122 2135 2361 2183 constat.
2409 2125 2489 2180 Ex
2533 2141 2642 2197 quo
2683 2125 3047 2196 multiplicata
3083 2125 3259 2194 prole,
3304 2138 3499 2194 perpe-

1898 2226 2104 2287 tuaque
2139 2218 2348 2274 sobolis
2386 2217 2740 2274 successione
2790 2216 3036 2288 quinque
3075 2215 3131 2269 in
3160 2214 3323 2270 terris
3362 2215 3496 2269 stir-

1895 2309 2043 2379 pium
2070 2316 2202 2365 sunt
2234 2309 2374 2364 facta
2407 2311 2668 2364 divortia.

1965 2400 2086 2466 Quo
2110 2408 2357 2471 tempore
2386 2401 2629 2472 Babylon
2671 2403 2727 2456 in
2771 2399 3001 2472 Assyria
3053 2399 3124 2455 ab
3153 2397 3348 2455 iisdem
3383 2397 3496 2452 illis

1896 2497 2202 2557 exstructa,
2259 2491 2350 2562 qui
2400 2501 2454 2546 et
2509 2492 2710 2546 turrim
2769 2491 3160 2546 condiderunt.
3212 2489 3498 2560 Erantque

1896 2590 2037 2646 tum,
2069 2583 2148 2636 uti
2173 2583 2227 2636 in
2257 2582 2641 2652 superioribus
2665 2575 2966 2638 haeresibus
2987 2598 3052 2636 ex
3077 2583 3496 2652 generationum

1898 2687 1929 2726 a
1961 2672 2122 2728 nobis
2157 2673 2406 2728 instituta
2457 2674 2599 2728 serie
2627 2673 3063 2728 demonstratum
3092 2680 3198 2736 est,
3243 2672 3499 2727 homines

1897 2765 2068 2820 ferme
2094 2781 2242 2820 uxn
2265 2765 2518 2836 stirpium
2543 2772 2819 2830 auctores,
2840 2772 2894 2818 et
2914 2765 3116 2835 capita.
3139 2763 3409 2817 Nimirum
3429 2779 3498 2818 ex

1895 2855 2087 2909 Chami
2116 2857 2372 2928 progenie
2403 2872 2552 2910 χχιιι
2573 2872 2590 2924 ;
2613 2871 2643 2912 ε
2666 2866 2865 2926 genere
2893 2857 3041 2924 Sem,
3075 2872 3176 2922 xv;
3215 2870 3247 2911 e
3281 2854 3499 2926 Japheti

1895 2964 2026 3002 vero
2058 2949 2229 3018 stirpe
2254 2964 2381 3012 xxv,
2417 2963 2539 3003 cum
2568 2948 2740 3003 turris
2773 2949 2864 3001 illa
2900 2963 3026 3003 cum
3058 2947 3337 3017 Babylone
3361 2962 3498 3002 con-

1897 3039 2144 3094 deretur.
2175 3040 2258 3094 Ab
2301 3039 2388 3095 his
2420 3041 2475 3094 in
2506 3039 2827 3095 universum
2859 3039 3049 3094 orbem
3094 3039 3347 3094 nationes
3374 3054 3498 3093 om—

1899 3148 2000 3188 nes
2031 3147 2095 3187 ae
2139 3132 2342 3202 lingua:
2379 3131 2658 3202 dissipatae
2689 3140 2839 3189 sunt.
2871 3130 3238 3202 Posteaquam
3271 3141 3499 3202 septua-

1899 3224 2050 3293 ginta
2100 3224 2176 3278 illi
2232 3225 2364 3289 duo,
2413 3223 2506 3294 qui
2559 3225 2755 3278 turrim
2807 3209 3195 3289 moliebantur,
3248 3224 3499 3282 confusis

1900 3316 2248 3386 linguis,huc
2272 3317 2510 3386 illucque
2538 3316 2776 3388 dispersi
2807 3325 2937 3372 sunt
2985 3325 3040 3372 et
3073 3333 3171 3387 pro
3200 3331 3306 3371 una
3328 3332 3498 3390 quam

1899 3408 2173 3463 callebant
2211 3408 2355 3462 alius
2402 3408 2564 3462 aliam
2595 3424 2658 3463 ex
2705 3408 2886 3463 amatu
2948 3406 3042 3462 Dei
3109 3422 3174 3461 ac
3213 3408 3501 3461 voluntate

1900 3500 2129 3555 sortitus
2173 3508 2278 3556 est.
2310 3499 2388 3553 Ex
2419 3516 2531 3572 quo
2575 3501 2640 3555 ad
2693 3500 2836 3554 hanc
2876 3514 3054 3570 usque
3088 3501 3230 3554 diem
3280 3500 3498 3570 lingua-

1897 3608 2022 3648 rum
2077 3595 2258 3648 omnis
2302 3601 2387 3648 est
2441 3591 2674 3648 conﬂata
2723 3592 2993 3658 varietas,
3047 3607 3280 3662 quarum
3329 3593 3503 3665 289

1900 3685 2346 3757 uniuscujusque
2377 3687 2504 3740 licet
2544 3693 2826 3741 auctorem
2853 3687 3006 3740 nullo
3038 3686 3256 3756 negotio
3297 3686 3496 3756 depres-

1901 3777 2159 3834 hendere.
2227 3776 2320 3832 Sic
2362 3779 2507 3834 enim
2550 3777 2725 3832 Javan
2795 3776 2972 3832 Graeci
3025 3778 3297 3834 sermonis
3345 3778 3498 3848 prin-

1899 3881 2030 3938 ceps
2065 3869 2300 3938 exstitit,
2337 3886 2368 3925 a
2405 3886 2516 3940 quo
2544 3879 2674 3926 sunt
2708 3869 2878 3925 Jones
2907 3871 3298 3942 cognominati,
3326 3887 3498 3943 penes

1899 3976 2038 4031 quos
2066 3965 2272 4018 veteris
2304 3945 2620 4019 est‘Graecze
2663 3963 2865 4033 linguae
2896 3964 3194 4033 possessio.
3231 3963 3279 4016 A
3314 3963 3496 4018 Thera

1900 4050 2177 4105 Thracum
2200 4053 2385 4123 lingua
2407 4052 2653 4122 profecta
2685 4060 2788 4119 est,
2822 4051 3294 4122 Mossynoecorum
3327 4067 3356 4105 a
3387 4052 3498 4108 Mo-

1899 4141 2070 4198 soeho
2101 4161 2114 4197 :
2151 4157 2181 4195 a
2218 4141 2472 4199 Tbobese
2502 4143 2916 4199 Thessalorum.
2946 4143 3086 4197 Elud
3126 4158 3292 4212 porro
3317 4143 3496 4214 Lydo-

1899 4246 2021 4287 rum
2051 4234 2320 4288 sermonis
2337 4241 2529 4288 auetor
2555 4233 2658 4288 fuit
2680 4251 2695 4300 ;
2718 4234 2793 4287 uti
2822 4231 3236 4302 Gasphenorum
3253 4230 3494 4302 Gephar,

1899 4323 2286 4396 Egyptiorum
2325 4325 2592 4391 Mistrem,
2648 4324 2792 4380 Psus
2842 4324 3259 4389 Axumitarum,
3301 4325 3498 4381 Armot

1897 4415 2175 4483 Arabum;
2217 4430 2282 4470 ac
2322 4415 2604 4486 deinceps,
2635 4431 2703 4470 ne
2751 4414 3073 4486 singillatim
3116 4430 3494 4486 percenseam,

202 4511 313 4564 τῶν
339 4511 586 4583 Ἀράϐων
606 4530 620 4544 ·
653 4514 749 4567 καὶ
795 4512 904 4566 τῶν
944 4512 1148 4566 λοιπῶν
1185 4512 1440 4577 ἕκαστος,
1467 4511 1556 4564 ἵνα
1589 4511 1665 4584 μὴ
1695 4531 1794 4568 κα-

1900 4523 2014 4565 suae
2036 4508 2306 4579 cujusque
2326 4509 2527 4580 linguae
2551 4507 2782 4579 reliquis
2809 4518 2895 4565 est
2925 4509 3202 4579 impertita
3237 4509 3492 4565 scientia.

201 4603 332 4658 θένα
389 4605 553 4674 λέγω,
601 4605 738 4661 ἰδίαν
783 4605 1116 4677 ὲνεπνεύσθη
1150 4605 1423 4675 γλῶσσαν.
1472 4604 1584 4660 Kal
1630 4603 1803 4670 οὕτως

199 4694 437 4765 ἑκάστης
463 4694 714 4767 γλώσσης
749 4696 782 4766 ή
814 4694 1035 4766 διαδοχὴ
1071 4696 1130 4750 ὲν
1157 4693 1238 4766 τῷ
1273 4694 1464 4768 κόσμῳ
1493 4692 1800 4749 πεπλάτυν-

199 4802 308 4839 ται.
883 4829 886 4831 .

274 4873 354 4929 Η’.
396 4875 573 4928 Πόθεν
595 4875 774 4930 τοίνυν
809 4867 956 4930 οῦτοι
1000 4873 1454 4948 ὲψευδηγόρησαν
1499 4875 1682 4930 αὐτῶν
1724 4876 1796 4930 τὰ

202 4967 444 5038 ῥήματα,
470 4967 836 5039 παρενθέντες
861 4968 960 5039 τὴν
985 4967 1196 5021 ἑαυτῶν
1227 4967 1556 5039 μυθοποιίαν
1587 4986 1794 5038 φαντα-

201 5059 440 5130 ζόμενοι,
486 5060 580 5112 καὶ
617 5057 1095 5131 ὀνειροπολοῦντες
1132 5059 1203 5113 τὰ
1252 5061 1328 5132 μὴ
1363 5059 1493 5114 ὄντα
1523 5060 1600 5125 ὡς
1639 5061 1793 5128 ὄντα,

199 5151 296 5206 καὶ
341 5151 411 5202 τὰ
452 5149 583 5204 ὄντα
621 5149 721 5222 τῆς
759 5148 968 5204 ἑαυτῶν
1008 5147 1246 5214 διανοίας
1279 5148 1794 5217 διασκεδαννύντεςς

213 5243 374 5298 Ἀλλά
405 5242 467 5297 τὺ
500 5247 608 5298 πᾶν
646 5243 742 5296 τοῦ
784 5241 1036 5296 διαϐόλου
1085 5240 1335 5312 βούλημα
1376 5239 1539 5294 τοῦτο
1589 5240 1803 5295 ὲνεκίσ-

201 5354 337 5408 σησε
367 5339 487 5399 ταῖς
513 5335 622 5390 τῶν
653 5333 963 5406 ἀνθρώπων
998 5332 1223 5404 ψυχαῖς.
1253 5333 1411 5386 Ἔστι
1445 5331 1503 5385 δὲ
1541 5331 1673 5386 ἱδεῖν
1699 5332 1797 5387 καὶ

199 5429 478 5503 θαυμάσαι
505 5428 642 5501 (52),
676 5427 753 5491 ὡς
799 5428 856 5480 ὲν
907 5424 1126 5490 πολλοῖς
1173 5424 1272 5497 μὲν
1319 5423 1648 5496 άτοπήμασι
1697 5423 1794 5479 τὸν

1907 4602 2085 4673 Atque
2133 4601 2211 4657 ita
2260 4601 2604 4674 singularum
2662 4601 2946 4658 successio
3000 4609 3085 4659 est
3116 4603 3378 4672 paulatim
3439 4602 3496 4657 in

1905 4694 2039 4751 orbe
2062 4693 2312 4761 dilatata,
2344 4708 2746 4767 progressaque
2773 4694 3011 4765 longius.

1974 4867 2112 4925 Vlll.
2165 4868 2298 4936 Quae
2325 4883 2451 4924 cum
2482 4869 2556 4925 ita
2591 4870 2723 4936 sint,
2764 4872 2930 4935 unde,
2979 4886 3190 4942 quaeso,
3237 4865 3515 4927 Sethiani'

1902 4961 2072 5018 falsas
2109 4962 2234 5017 illas
2263 4963 2616 5018 narrationes
2666 4971 3020 5035 acceperunt,
3049 4963 3196 5032 dum,
3225 4971 3282 5018 et
3339 4962 3494 5020 ﬁctas

1899 5053 2116 5110 fabulas
2146 5054 2473 5120 obtrudunt,
2504 5063 2560 5111 et
2592 5071 2714 5126 qua
2740 5071 3022 5127 nunquam
3059 5056 3359 5110 facta-sunt
3391 5070 3493 5125 pro

1901 5146 2052 5202 veris
2075 5147 2224 5203 velut
2266 5148 2608 5204 somniantes
2643 5148 2937 5204 etl'utiunt?
2967 5147 3099 5214 Quae
3143 5155 3325 5202 autem
3359 5163 3492 5203 vera

1903 5239 2194 5311 solidaque
2235 5249 2387 5304 sunt,
2436 5242 2628 5311 procul
2663 5256 2693 5295 a
2735 5241 2853 5297 suis
2883 5240 2988 5311 ipsi
3036 5239 3315 5294 mentibus
3363 5241 3494 5309 reji-

1900 5331 2078 5387 ciunt.
2109 5329 2218 5388 Sed
2247 5331 2511 5386 nimirum
2551 5339 2728 5388 totum
2757 5330 2908 5387 istud
2933 5345 3000 5386 ex
3029 5329 3158 5385 mali
3205 5329 3493 5385 voluntate

1897 5425 2164 5482 daemonis
2208 5424 2505 5495 aﬂlatuque
2554 5431 2886 5496 conceptum
2937 5423 3196 5480 humanis
3255 5421 3490 5494 ingeniis

271 5573 288 5604 ¹
324 5569 452 5627 Cor.
487 5568 581 5623 τοῦ
619 5568 676 5622 δὲ
721 5566 899 5637 Ἰἁφεθ
927 5565 1248 5631 δεκαπέντε,
1277 5565 1371 5619 τοῦ
1404 5563 1462 5618 δὲ
1496 5563 1619 5636 Σὴμ
1639 5563 2000 5620 εἱκοσιπέντε.

291 5687 383 5755 52)
429 5664 696 5740 Ἔστιπδὲ
739 5682 887 5737 ίδεῖν
922 5680 1022 5755 καὶ
1049 5679 1392 5755 θαυμάσαι.
1431 5677 1558 5734 Haec
1586 5678 1791 5755 de

199 5750 457 5818 monibus
505 5754 777 5811 sententia
833 5768 866 5807 a
919 5751 1140 5808 Justino
1183 5750 1428 5821 primum
1484 5750 1784 5821 manavit:

195 5843 429 5901 eamque
457 5835 649 5898 postea
680 5824 918 5880 lrenmus
944 5819 1229 5894 amplexus
1266 5830 1350 5880 est
1395 5821 1491 5878 lib.
1527 5837 1579 5888 v,
1612 5834 1663 5877 c.
1692 5819 1783 5875 26.

1898 5677 2034 5736 Vide
2066 5679 2269 5736 Euseb.
2297 5679 2506 5738 Hister.
2531 5680 2627 5739 lib.
2661 5696 2736 5748 tv,
2759 5693 2812 5738 ε.
2843 5677 2930 5734 l7.
2956 5678 3088 5746 Qua:
3113 5688 3294 5734 tamen
3321 5675 3485 5745 vulgo

1898 5766 2006 5808 non
2040 5753 2326 5825 probatur.
