  <div class='ocr_page' id='page_1' title='image "/cluster/home/n/w/nwhite01/storage/ocr_20150623/41:no.1/coo.31924054869387/343.png"; bbox 0 0 3934 6418; ppageno 0'>
   <div class='ocr_carea' id='block_1_1' title="bbox 528 366 636 424">
    <p class='ocr_par' dir='ltr' id='par_1_1' title="bbox 528 366 636 424">
     <span class='ocr_line' id='line_1_1' title="bbox 528 366 636 424; baseline 0.009 -1"><span class='ocrx_word' id='word_1_1' title='bbox 528 366 636 424; x_wconf 80' lang='lat'><strong>675</strong></span> 
     </span>
    </p>
   </div>
   <div class='ocr_carea' id='block_1_2' title="bbox 1944 354 2395 416">
    <p class='ocr_par' dir='ltr' id='par_1_2' title="bbox 1944 354 2395 416">
     <span class='ocr_line' id='line_1_2' title="bbox 1944 354 2395 416; baseline -0.011 0"><span class='ocrx_word' id='word_1_2' title='bbox 1944 357 2004 416; x_wconf 87' lang='lat'><strong>8.</strong></span> <span class='ocrx_word' id='word_1_3' title='bbox 2046 354 2395 415; x_wconf 78' lang='lat' dir='ltr'><strong>EPIPHAN&#39;II</strong></span> 
     </span>
    </p>
   </div>
   <div class='ocr_carea' id='block_1_3' title="bbox 3676 361 3760 420">
    <p class='ocr_par' dir='ltr' id='par_1_3' title="bbox 3676 361 3760 420">
     <span class='ocr_line' id='line_1_3' title="bbox 3676 361 3760 420; baseline 0.036 -3"><span class='ocrx_word' id='word_1_4' title='bbox 3676 361 3760 420; x_wconf 81' lang='lat'><strong>6&#39;.’6</strong></span> 
     </span>
    </p>
   </div>
   <div class='ocr_carea' id='block_1_4' title="bbox 524 473 2121 549">
    <p class='ocr_par' dir='ltr' id='par_1_4' title="bbox 524 479 2121 548">
     <span class='ocr_line' id='line_1_4' title="bbox 524 479 2121 548; baseline -0.004 -6"><span class='ocrx_word' id='word_1_5' title='bbox 524 483 780 542; x_wconf 69' lang='lat' dir='ltr'><strong>adhaesit.</strong></span> <span class='ocrx_word' id='word_1_6' title='bbox 823 479 944 548; x_wconf 83' lang='lat' dir='ltr'><strong>Qua</strong></span> <span class='ocrx_word' id='word_1_7' title='bbox 964 481 1016 538; x_wconf 88' lang='lat' dir='ltr'><strong>in</strong></span> <span class='ocrx_word' id='word_1_8' title='bbox 1049 495 1110 537; x_wconf 88' lang='lat' dir='ltr'><strong>re</strong></span> <span class='ocrx_word' id='word_1_9' title='bbox 1145 497 1256 537; x_wconf 86' lang='lat' dir='ltr'><strong>non</strong></span> <span class='ocrx_word' id='word_1_10' title='bbox 1274 481 1462 538; x_wconf 88' lang='lat' dir='ltr'><strong>minus</strong></span> <span class='ocrx_word' id='word_1_11' title='bbox 1491 480 1956 538; x_wconf 72' lang='lat' dir='ltr'><strong>considerandum</strong></span> <span class='ocrx_word' id='word_1_12' title='bbox 1986 480 2121 536; x_wconf 75' lang='lat' dir='ltr'><strong>illud</strong></span> 
     </span>
    </p>
   </div>
   <div class='ocr_carea' id='block_1_5' title="bbox 2221 473 3760 549">
    <p class='ocr_par' dir='ltr' id='par_1_5' title="bbox 2227 473 3760 549">
     <span class='ocr_line' id='line_1_5' title="bbox 2227 473 3760 549; baseline 0.001 -18"><span class='ocrx_word' id='word_1_13' title='bbox 2227 477 2518 549; x_wconf 80' lang='grc' dir='ltr'>ἄνθρωπον</span> <span class='ocrx_word' id='word_1_14' title='bbox 2546 473 2821 548; x_wconf 71' lang='grc' dir='ltr'>ἠπάτησε,</span> <span class='ocrx_word' id='word_1_15' title='bbox 2843 474 2939 529; x_wconf 75' lang='grc' dir='ltr'>καὶ</span> <span class='ocrx_word' id='word_1_16' title='bbox 2971 476 3047 540; x_wconf 68' lang='grc' dir='ltr'><strong>τίς</strong></span> <span class='ocrx_word' id='word_1_17' title='bbox 3072 476 3417 549; x_wconf 74' lang='grc' dir='ltr'><strong>παρανομίαν</strong></span> <span class='ocrx_word' id='word_1_18' title='bbox 3438 478 3760 545; x_wconf 75' lang='grc' dir='ltr'>κατέσπασεν,</span> 
     </span>
    </p>
   </div>
   <div class='ocr_carea' id='block_1_6' title="bbox 527 574 2120 648">
    <p class='ocr_par' dir='ltr' id='par_1_6' title="bbox 527 574 2120 648">
     <span class='ocr_line' id='line_1_6' title="bbox 527 574 2120 648; baseline -0.001 -18"><span class='ocrx_word' id='word_1_19' title='bbox 527 592 694 648; x_wconf 88' lang='lat' dir='ltr'><strong>quam</strong></span> <span class='ocrx_word' id='word_1_20' title='bbox 737 575 1119 631; x_wconf 89' lang='lat' dir='ltr'><strong>admirandum</strong></span> <span class='ocrx_word' id='word_1_21' title='bbox 1165 575 1332 639; x_wconf 88' lang='lat' dir='ltr'><strong>venit,</strong></span> <span class='ocrx_word' id='word_1_22' title='bbox 1368 575 1831 645; x_wconf 85' lang='lat' dir='ltr'><strong>quemadmodum</strong></span> <span class='ocrx_word' id='word_1_23' title='bbox 1872 574 1963 630; x_wconf 89' lang='lat' dir='ltr'><strong>ille</strong></span> <span class='ocrx_word' id='word_1_24' title='bbox 1990 589 2120 629; x_wconf 90' lang='lat' dir='ltr'><strong>cum</strong></span> 
     </span>
    </p>
   </div>
   <div class='ocr_carea' id='block_1_7' title="bbox 529 658 2123 730">
    <p class='ocr_par' dir='ltr' id='par_1_7' title="bbox 529 658 2123 730">
     <span class='ocr_line' id='line_1_7' title="bbox 529 658 2123 730; baseline -0.001 -15"><span class='ocrx_word' id='word_1_25' title='bbox 529 662 781 716; x_wconf 84' lang='lat' dir='ltr'><strong>homines</strong></span> <span class='ocrx_word' id='word_1_26' title='bbox 813 660 867 714; x_wconf 94' lang='lat' dir='ltr'><strong>in</strong></span> <span class='ocrx_word' id='word_1_27' title='bbox 897 660 1141 715; x_wconf 89' lang='lat' dir='ltr'><strong>absurda</strong></span> <span class='ocrx_word' id='word_1_28' title='bbox 1169 659 1505 730; x_wconf 80' lang='lat' dir='ltr'><strong>indignaque</strong></span> <span class='ocrx_word' id='word_1_29' title='bbox 1531 658 1940 730; x_wconf 81' lang='lat' dir='ltr'><strong>quamplurima</strong></span> <span class='ocrx_word' id='word_1_30' title='bbox 1969 658 2123 715; x_wconf 79' lang='lat' dir='ltr'><strong>frau-</strong></span> 
     </span>
    </p>
   </div>
   <div class='ocr_carea' id='block_1_8' title="bbox 527 743 2121 814">
    <p class='ocr_par' dir='ltr' id='par_1_8' title="bbox 527 743 2121 814">
     <span class='ocr_line' id='line_1_8' title="bbox 527 743 2121 814; baseline -0.003 -15"><span class='ocrx_word' id='word_1_31' title='bbox 527 746 783 799; x_wconf 89' lang='lat' dir='ltr'><strong>dulenter</strong></span> <span class='ocrx_word' id='word_1_32' title='bbox 825 743 1145 813; x_wconf 81' lang='lat' dir='ltr'><strong>pellexerit,</strong></span> <span class='ocrx_word' id='word_1_33' title='bbox 1201 751 1365 813; x_wconf 88' lang='lat' dir='ltr'><strong>atque</strong></span> <span class='ocrx_word' id='word_1_34' title='bbox 1417 744 1474 797; x_wconf 93' lang='lat' dir='ltr'><strong>in</strong></span> <span class='ocrx_word' id='word_1_35' title='bbox 1522 743 1706 799; x_wconf 80' lang='lat' dir='ltr'><strong>scelus</strong></span> <span class='ocrx_word' id='word_1_36' title='bbox 1754 743 2121 814; x_wconf 79' lang='lat' dir='ltr'><strong>pertraxerit,</strong></span> 
     </span>
    </p>
   </div>
   <div class='ocr_carea' id='block_1_9' title="bbox 529 822 2121 895">
    <p class='ocr_par' dir='ltr' id='par_1_9' title="bbox 529 822 2121 895">
     <span class='ocr_line' id='line_1_9' title="bbox 529 822 2121 895; baseline 0 -17"><span class='ocrx_word' id='word_1_37' title='bbox 529 834 719 895; x_wconf 89' lang='lat' dir='ltr'><strong>stupra</strong></span> <span class='ocrx_word' id='word_1_38' title='bbox 754 824 1032 889; x_wconf 74' lang='lat' dir='ltr'><strong>videlicet,</strong></span> <span class='ocrx_word' id='word_1_39' title='bbox 1065 822 1360 890; x_wconf 84' lang='lat' dir='ltr'><strong>adulteria,</strong></span> <span class='ocrx_word' id='word_1_40' title='bbox 1392 824 1669 889; x_wconf 88' lang='lat' dir='ltr'><strong>libidines,</strong></span> <span class='ocrx_word' id='word_1_41' title='bbox 1716 824 1989 879; x_wconf 80' lang='lat' dir='ltr'><strong>idolorum</strong></span> <span class='ocrx_word' id='word_1_42' title='bbox 2025 838 2121 879; x_wconf 89' lang='lat' dir='ltr'><strong>su-</strong></span> 
     </span>
    </p>
   </div>
   <div class='ocr_carea' id='block_1_10' title="bbox 528 913 2120 985">
    <p class='ocr_par' dir='ltr' id='par_1_10' title="bbox 528 913 2120 985">
     <span class='ocr_line' id='line_1_10' title="bbox 528 913 2120 985; baseline -0.001 -17"><span class='ocrx_word' id='word_1_43' title='bbox 528 914 879 984; x_wconf 78' lang='lat' dir='ltr'><strong>perstitiOues</strong></span> <span class='ocrx_word' id='word_1_44' title='bbox 926 928 992 968; x_wconf 90' lang='lat' dir='ltr'><strong>ac</strong></span> <span class='ocrx_word' id='word_1_45' title='bbox 1021 914 1355 984; x_wconf 62' lang='lat' dir='ltr'><strong>praestigias,</strong></span> <span class='ocrx_word' id='word_1_46' title='bbox 1382 913 1737 985; x_wconf 82' lang='lat' dir='ltr'><strong>profusiones</strong></span> <span class='ocrx_word' id='word_1_47' title='bbox 1764 913 2120 985; x_wconf 87' lang='lat' dir='ltr'><strong>sanguinum,</strong></span> 
     </span>
    </p>
   </div>
   <div class='ocr_carea' id='block_1_11' title="bbox 528 1005 2124 1076">
    <p class='ocr_par' dir='ltr' id='par_1_11' title="bbox 528 1005 2124 1076">
     <span class='ocr_line' id='line_1_11' title="bbox 528 1005 2124 1076; baseline 0 -16"><span class='ocrx_word' id='word_1_48' title='bbox 528 1008 751 1076; x_wconf 73' lang='lat' dir='ltr'><strong>rapinas</strong></span> <span class='ocrx_word' id='word_1_49' title='bbox 810 1015 866 1063; x_wconf 85' lang='lat' dir='ltr'><strong>et</strong></span> <span class='ocrx_word' id='word_1_50' title='bbox 895 1006 1239 1062; x_wconf 88' lang='lat' dir='ltr'><strong>insatiabiles</strong></span> <span class='ocrx_word' id='word_1_51' title='bbox 1265 1005 1619 1076; x_wconf 73' lang='lat' dir='ltr'><strong>cupiditates,</strong></span> <span class='ocrx_word' id='word_1_52' title='bbox 1655 1005 1855 1070; x_wconf 91' lang='lat' dir='ltr'><strong>aleam,</strong></span> <span class='ocrx_word' id='word_1_53' title='bbox 1907 1005 2124 1061; x_wconf 89' lang='lat' dir='ltr'><strong>voraci-</strong></span> 
     </span>
    </p>
   </div>
   <div class='ocr_carea' id='block_1_12' title="bbox 529 1097 2122 1170">
    <p class='ocr_par' dir='ltr' id='par_1_12' title="bbox 529 1097 2122 1170">
     <span class='ocr_line' id='line_1_12' title="bbox 529 1097 2122 1170; baseline -0.001 -15"><span class='ocrx_word' id='word_1_54' title='bbox 529 1108 718 1165; x_wconf 90' lang='lat' dir='ltr'><strong>tatem,</strong></span> <span class='ocrx_word' id='word_1_55' title='bbox 752 1099 969 1170; x_wconf 88' lang='lat' dir='ltr'><strong>aliaque</strong></span> <span class='ocrx_word' id='word_1_56' title='bbox 1017 1100 1068 1154; x_wconf 86' lang='lat' dir='ltr'><strong>id</strong></span> <span class='ocrx_word' id='word_1_57' title='bbox 1102 1115 1278 1169; x_wconf 85' lang='lat' dir='ltr'><strong>genus</strong></span> <span class='ocrx_word' id='word_1_58' title='bbox 1321 1097 1551 1170; x_wconf 80' lang='lat' dir='ltr'><strong>ﬂagitia,</strong></span> <span class='ocrx_word' id='word_1_59' title='bbox 1606 1113 1892 1169; x_wconf 86' lang='lat' dir='ltr'><strong>nunquam</strong></span> <span class='ocrx_word' id='word_1_60' title='bbox 1936 1105 2122 1155; x_wconf 87' lang='lat' dir='ltr'><strong>tamen</strong></span> 
     </span>
    </p>
   </div>
   <div class='ocr_carea' id='block_1_13' title="bbox 529 1187 2121 1256">
    <p class='ocr_par' dir='ltr' id='par_1_13' title="bbox 529 1187 2121 1256">
     <span class='ocr_line' id='line_1_13' title="bbox 529 1187 2121 1256; baseline -0.001 -13"><span class='ocrx_word' id='word_1_61' title='bbox 529 1198 656 1243; x_wconf 83' lang='lat' dir='ltr'><strong>ante</strong></span> <span class='ocrx_word' id='word_1_62' title='bbox 694 1189 905 1245; x_wconf 80' lang='lat' dir='ltr'><strong>Christi</strong></span> <span class='ocrx_word' id='word_1_63' title='bbox 945 1187 1259 1244; x_wconf 88' lang='lat' dir='ltr'><strong>Servatoris</strong></span> <span class='ocrx_word' id='word_1_64' title='bbox 1289 1189 1610 1256; x_wconf 76' lang='lat' dir='ltr'><strong>adventum,</strong></span> <span class='ocrx_word' id='word_1_65' title='bbox 1659 1188 2121 1245; x_wconf 83' lang='lat' dir='ltr'><strong>contumeliosam</strong></span> 
     </span>
    </p>
   </div>
   <div class='ocr_carea' id='block_1_14' title="bbox 529 1280 2125 1352">
    <p class='ocr_par' dir='ltr' id='par_1_14' title="bbox 529 1280 2125 1352">
     <span class='ocr_line' id='line_1_14' title="bbox 529 1280 2125 1352; baseline 0 -16"><span class='ocrx_word' id='word_1_66' title='bbox 529 1282 586 1336; x_wconf 92' lang='lat' dir='ltr'><strong>in</strong></span> <span class='ocrx_word' id='word_1_67' title='bbox 623 1280 912 1337; x_wconf 90' lang='lat' dir='ltr'><strong>Dominum</strong></span> <span class='ocrx_word' id='word_1_68' title='bbox 949 1297 1110 1338; x_wconf 90' lang='lat' dir='ltr'><strong>suum</strong></span> <span class='ocrx_word' id='word_1_69' title='bbox 1134 1282 1347 1352; x_wconf 87' lang='lat' dir='ltr'><strong>jactare</strong></span> <span class='ocrx_word' id='word_1_70' title='bbox 1391 1296 1603 1346; x_wconf 88' lang='lat' dir='ltr'><strong>vocem,</strong></span> <span class='ocrx_word' id='word_1_71' title='bbox 1644 1282 1728 1337; x_wconf 91' lang='lat' dir='ltr'><strong>vel</strong></span> <span class='ocrx_word' id='word_1_72' title='bbox 1758 1281 2025 1338; x_wconf 86' lang='lat' dir='ltr'><strong>rebellare</strong></span> <span class='ocrx_word' id='word_1_73' title='bbox 2051 1283 2125 1338; x_wconf 88' lang='lat' dir='ltr'><strong>sit</strong></span> 
     </span>
    </p>
   </div>
   <div class='ocr_carea' id='block_1_15' title="bbox 529 1373 2124 1444">
    <p class='ocr_par' dir='ltr' id='par_1_15' title="bbox 529 1373 2124 1444">
     <span class='ocr_line' id='line_1_15' title="bbox 529 1373 2124 1444; baseline 0.001 -14"><span class='ocrx_word' id='word_1_74' title='bbox 529 1390 721 1432; x_wconf 90' lang='lat' dir='ltr'><strong>ausus.</strong></span> <span class='ocrx_word' id='word_1_75' title='bbox 755 1374 1130 1444; x_wconf 81' lang='lat' dir='ltr'><strong>Exspectahat</strong></span> <span class='ocrx_word' id='word_1_76' title='bbox 1156 1375 1430 1444; x_wconf 86' lang='lat' dir='ltr'><strong>siquidem</strong></span> <span class='ocrx_word' id='word_1_77' title='bbox 1454 1375 1587 1430; x_wconf 92' lang='lat' dir='ltr'><strong>dum</strong></span> <span class='ocrx_word' id='word_1_78' title='bbox 1617 1373 1874 1431; x_wconf 79' lang='lat' dir='ltr'><strong>Christus</strong></span> <span class='ocrx_word' id='word_1_79' title='bbox 1898 1375 2124 1432; x_wconf 83' lang='lat' dir='ltr'><strong>adveni-</strong></span> 
     </span>
    </p>
   </div>
   <div class='ocr_carea' id='block_1_16' title="bbox 529 1466 2121 1538">
    <p class='ocr_par' dir='ltr' id='par_1_16' title="bbox 529 1466 2121 1538">
     <span class='ocr_line' id='line_1_16' title="bbox 529 1466 2121 1538; baseline -0.001 -15"><span class='ocrx_word' id='word_1_80' title='bbox 529 1475 635 1532; x_wconf 86' lang='lat' dir='ltr'><strong>ret,</strong></span> <span class='ocrx_word' id='word_1_81' title='bbox 672 1475 733 1522; x_wconf 90' lang='lat' dir='ltr'><strong>ut</strong></span> <span class='ocrx_word' id='word_1_82' title='bbox 762 1469 849 1523; x_wconf 86' lang='lat' dir='ltr'><strong>vel</strong></span> <span class='ocrx_word' id='word_1_83' title='bbox 897 1469 1015 1537; x_wconf 89' lang='lat' dir='ltr'><strong>ipse</strong></span> <span class='ocrx_word' id='word_1_84' title='bbox 1047 1467 1353 1538; x_wconf 91' lang='lat' dir='ltr'><strong>proﬁtetur,</strong></span> <span class='ocrx_word' id='word_1_85' title='bbox 1404 1468 1492 1523; x_wconf 89' lang='lat' dir='ltr'><strong>his</strong></span> <span class='ocrx_word' id='word_1_86' title='bbox 1522 1467 1706 1524; x_wconf 83' lang='lat' dir='ltr'><strong>verbis</strong></span> <span class='ocrx_word' id='word_1_87' title='bbox 1737 1486 1751 1523; x_wconf 87' lang='lat'><strong>:</strong></span> <span class='ocrx_word' id='word_1_88' title='bbox 1782 1466 1858 1524; x_wconf 90' lang='lat' dir='ltr'><strong>De</strong></span> <span class='ocrx_word' id='word_1_89' title='bbox 1904 1476 1956 1524; x_wconf 90' lang='lat' dir='ltr'><strong>te</strong></span> <span class='ocrx_word' id='word_1_90' title='bbox 1985 1468 2121 1524; x_wconf 65' lang='lat' dir='ltr'><strong>serio</strong></span> 
     </span>
    </p>
   </div>
   <div class='ocr_carea' id='block_1_17' title="bbox 446 1556 2124 1629">
    <p class='ocr_par' dir='ltr' id='par_1_17' title="bbox 446 1556 2124 1629">
     <span class='ocr_line' id='line_1_17' title="bbox 446 1556 2124 1629; baseline 0.005 -22"><span class='ocrx_word' id='word_1_91' title='bbox 446 1602 461 1607; x_wconf 84' lang='lat'><strong>-</strong></span> <span class='ocrx_word' id='word_1_92' title='bbox 530 1563 686 1627; x_wconf 90' lang='lat' dir='ltr'><strong>ptum</strong></span> <span class='ocrx_word' id='word_1_93' title='bbox 718 1564 802 1612; x_wconf 90' lang='lat' dir='ltr'><strong>est</strong></span> <span class='ocrx_word' id='word_1_94' title='bbox 829 1577 843 1610; x_wconf 89' lang='lat'>:</span> <span class='ocrx_word' id='word_1_95' title='bbox 870 1556 1139 1623; x_wconf 77' lang='lat' dir='ltr'><strong>Quoniam</strong></span> <span class='ocrx_word' id='word_1_96' title='bbox 1168 1559 1368 1629; x_wconf 82' lang='lat' dir='ltr'><strong>angelis</strong></span> <span class='ocrx_word' id='word_1_97' title='bbox 1398 1558 1512 1613; x_wconf 76' lang='lat' dir='ltr'><strong>suis</strong></span> <span class='ocrx_word' id='word_1_98' title='bbox 1554 1559 1831 1613; x_wconf 82' lang='lat' dir='ltr'><strong>mandabit</strong></span> <span class='ocrx_word' id='word_1_99' title='bbox 1876 1560 1942 1614; x_wconf 82' lang='lat' dir='ltr'><strong>de</strong></span> <span class='ocrx_word' id='word_1_100' title='bbox 1976 1569 2046 1624; x_wconf 84' lang='lat' dir='ltr'><strong>te,</strong></span> <span class='ocrx_word' id='word_1_101' title='bbox 2073 1570 2124 1615; x_wconf 83' lang='lat' dir='ltr'><strong>et</strong></span> 
     </span>
    </p>
   </div>
   <div class='ocr_carea' id='block_1_18' title="bbox 530 1648 2125 1725">
    <p class='ocr_par' dir='ltr' id='par_1_18' title="bbox 530 1648 2125 1725">
     <span class='ocr_line' id='line_1_18' title="bbox 530 1648 2125 1725; baseline 0.004 -24"><span class='ocrx_word' id='word_1_102' title='bbox 530 1650 587 1701; x_wconf 81' lang='lat' dir='ltr'><strong>in</strong></span> <span class='ocrx_word' id='word_1_103' title='bbox 636 1648 881 1703; x_wconf 72' lang='lat' dir='ltr'><strong>manibus</strong></span> <span class='ocrx_word' id='word_1_104' title='bbox 912 1648 1199 1719; x_wconf 81' lang='lat' dir='ltr'><strong>portabunt</strong></span> <span class='ocrx_word' id='word_1_105' title='bbox 1249 1659 1296 1703; x_wconf 89' lang='lat' dir='ltr'><strong>te</strong></span> <span class='ocrx_word' id='word_1_106' title='bbox 1327 1651 1366 1704; x_wconf 75' lang='grc'>³.</span> <span class='ocrx_word' id='word_1_107' title='bbox 1420 1649 1557 1705; x_wconf 85' lang='lat' dir='ltr'><strong>Illud</strong></span> <span class='ocrx_word' id='word_1_108' title='bbox 1594 1650 1741 1725; x_wconf 85' lang='lat' dir='ltr'><strong>enim</strong></span> <span class='ocrx_word' id='word_1_109' title='bbox 1789 1659 2052 1722; x_wconf 88' lang='lat' dir='ltr'><strong>perpetuo</strong></span> <span class='ocrx_word' id='word_1_110' title='bbox 2092 1667 2125 1707; x_wconf 89' lang='lat' dir='ltr'><strong>a</strong></span> 
     </span>
    </p>
   </div>
   <div class='ocr_carea' id='block_1_19' title="bbox 532 1739 2126 1815">
    <p class='ocr_par' dir='ltr' id='par_1_19' title="bbox 532 1739 2126 1815">
     <span class='ocr_line' id='line_1_19' title="bbox 532 1739 2126 1815; baseline 0.005 -23"><span class='ocrx_word' id='word_1_111' title='bbox 532 1739 817 1809; x_wconf 87' lang='lat' dir='ltr'><strong>prophetis</strong></span> <span class='ocrx_word' id='word_1_112' title='bbox 845 1740 1159 1794; x_wconf 91' lang='lat' dir='ltr'><strong>nuntiatum</strong></span> <span class='ocrx_word' id='word_1_113' title='bbox 1190 1740 1462 1807; x_wconf 86' lang='lat' dir='ltr'><strong>audierat,</strong></span> <span class='ocrx_word' id='word_1_114' title='bbox 1498 1741 1704 1798; x_wconf 85' lang='lat' dir='ltr'><strong>Christi</strong></span> <span class='ocrx_word' id='word_1_115' title='bbox 1736 1741 1952 1798; x_wconf 90' lang='lat' dir='ltr'><strong>Domini</strong></span> <span class='ocrx_word' id='word_1_116' title='bbox 1986 1759 2126 1815; x_wconf 68' lang='lat' dir='ltr'><strong>prte-</strong></span> 
     </span>
    </p>
   </div>
   <div class='ocr_carea' id='block_1_20' title="bbox 2224 567 3746 639">
    <p class='ocr_par' dir='ltr' id='par_1_20' title="bbox 2224 567 3746 639">
     <span class='ocr_line' id='line_1_20' title="bbox 2224 567 3746 639; baseline 0.005 -19"><span class='ocrx_word' id='word_1_117' title='bbox 2224 567 2307 631; x_wconf 80' lang='grc' dir='ltr'>εῐς</span> <span class='ocrx_word' id='word_1_118' title='bbox 2335 583 2394 621; x_wconf 90' lang='grc' dir='ltr'><strong>τε</strong></span> <span class='ocrx_word' id='word_1_119' title='bbox 2424 567 2683 639; x_wconf 80' lang='grc' dir='ltr'><strong>πορνείας</strong></span> <span class='ocrx_word' id='word_1_120' title='bbox 2706 567 2804 620; x_wconf 74' lang='grc' dir='ltr'>καὶ</span> <span class='ocrx_word' id='word_1_121' title='bbox 2839 567 3109 639; x_wconf 85' lang='grc' dir='ltr'>μοιχείας,</span> <span class='ocrx_word' id='word_1_122' title='bbox 3138 569 3231 622; x_wconf 74' lang='grc' dir='ltr'>καὶ</span> <span class='ocrx_word' id='word_1_123' title='bbox 3258 567 3562 638; x_wconf 79' lang='grc' dir='ltr'>ἀσελγείας,</span> <span class='ocrx_word' id='word_1_124' title='bbox 3591 570 3746 628; x_wconf 80' lang='grc' dir='ltr'>εἰδωλο</span> 
     </span>
    </p>
   </div>
   <div class='ocr_carea' id='block_1_21' title="bbox 2228 657 3759 734">
    <p class='ocr_par' dir='ltr' id='par_1_21' title="bbox 2228 657 3759 734">
     <span class='ocr_line' id='line_1_21' title="bbox 2228 657 3759 734; baseline 0.003 -23"><span class='ocrx_word' id='word_1_125' title='bbox 2228 657 2428 729; x_wconf 85' lang='grc' dir='ltr'>μανίας</span> <span class='ocrx_word' id='word_1_126' title='bbox 2453 675 2514 711; x_wconf 88' lang='grc' dir='ltr'><strong>τε</strong></span> <span class='ocrx_word' id='word_1_127' title='bbox 2555 659 2650 712; x_wconf 80' lang='grc' dir='ltr'>καὶ</span> <span class='ocrx_word' id='word_1_128' title='bbox 2691 658 2970 729; x_wconf 76' lang='grc' dir='ltr'><strong>γοητείας,</strong></span> <span class='ocrx_word' id='word_1_129' title='bbox 3001 661 3097 713; x_wconf 64' lang='grc' dir='ltr'><strong>κα)⁸</strong></span> <span class='ocrx_word' id='word_1_130' title='bbox 3134 661 3583 733; x_wconf 77' lang='grc' dir='ltr'><strong>αἱματεκχυσίας,</strong></span> <span class='ocrx_word' id='word_1_131' title='bbox 3618 662 3759 734; x_wconf 82' lang='grc' dir='ltr'>ἁρπα-</span> 
     </span>
    </p>
   </div>
   <div class='ocr_carea' id='block_1_22' title="bbox 2225 745 3765 821">
    <p class='ocr_par' dir='ltr' id='par_1_22' title="bbox 2225 745 3765 821">
     <span class='ocr_line' id='line_1_22' title="bbox 2225 745 3765 821; baseline 0.003 -20"><span class='ocrx_word' id='word_1_132' title='bbox 2225 748 2329 816; x_wconf 86' lang='grc' dir='ltr'>γάς</span> <span class='ocrx_word' id='word_1_133' title='bbox 2357 762 2417 799; x_wconf 90' lang='grc' dir='ltr'><strong>τε</strong></span> <span class='ocrx_word' id='word_1_134' title='bbox 2460 745 2556 801; x_wconf 77' lang='grc' dir='ltr'><strong>καὶ</strong></span> <span class='ocrx_word' id='word_1_135' title='bbox 2598 745 2941 817; x_wconf 81' lang='grc' dir='ltr'><strong>ἀπληστίας,</strong></span> <span class='ocrx_word' id='word_1_136' title='bbox 2971 747 3199 813; x_wconf 87' lang='grc' dir='ltr'>κυϐείας</span> <span class='ocrx_word' id='word_1_137' title='bbox 3239 766 3300 803; x_wconf 88' lang='grc' dir='ltr'><strong>τε</strong></span> <span class='ocrx_word' id='word_1_138' title='bbox 3341 750 3437 805; x_wconf 67' lang='grc' dir='ltr'>καὶ</span> <span class='ocrx_word' id='word_1_139' title='bbox 3476 751 3765 821; x_wconf 80' lang='grc' dir='ltr'>ἀδηφαγίας,</span> 
     </span>
    </p>
   </div>
   <div class='ocr_carea' id='block_1_23' title="bbox 2224 835 3767 913">
    <p class='ocr_par' dir='ltr' id='par_1_23' title="bbox 2224 835 3767 913">
     <span class='ocr_line' id='line_1_23' title="bbox 2224 835 3767 913; baseline 0.005 -24"><span class='ocrx_word' id='word_1_140' title='bbox 2224 837 2320 890; x_wconf 70' lang='grc' dir='ltr'>καὶ</span> <span class='ocrx_word' id='word_1_141' title='bbox 2347 835 2448 889; x_wconf 81' lang='grc' dir='ltr'>ὅσα</span> <span class='ocrx_word' id='word_1_142' title='bbox 2496 835 2754 889; x_wconf 84' lang='grc' dir='ltr'>τοιαῦτα⁶</span> <span class='ocrx_word' id='word_1_143' title='bbox 2793 836 3031 909; x_wconf 85' lang='grc' dir='ltr'><strong>οὐδαμοῦ</strong></span> <span class='ocrx_word' id='word_1_144' title='bbox 3076 838 3135 892; x_wconf 78' lang='grc' dir='ltr'><strong>δέ</strong></span> <span class='ocrx_word' id='word_1_145' title='bbox 3167 838 3273 912; x_wconf 82' lang='grc' dir='ltr'>πρὸ</span> <span class='ocrx_word' id='word_1_146' title='bbox 3298 841 3397 912; x_wconf 81' lang='grc' dir='ltr'>τῆς</span> <span class='ocrx_word' id='word_1_147' title='bbox 3431 838 3525 894; x_wconf 88' lang='grc' dir='ltr'><strong>τοῦ</strong></span> <span class='ocrx_word' id='word_1_148' title='bbox 3568 836 3767 913; x_wconf 69' lang='grc' dir='ltr'>Χριστώ</span> 
     </span>
    </p>
   </div>
   <div class='ocr_carea' id='block_1_24' title="bbox 2225 927 3770 1005">
    <p class='ocr_par' dir='ltr' id='par_1_24' title="bbox 2225 927 3770 1005">
     <span class='ocr_line' id='line_1_24' title="bbox 2225 927 3770 1005; baseline 0.005 -25"><span class='ocrx_word' id='word_1_149' title='bbox 2225 927 2530 999; x_wconf 79' lang='grc' dir='ltr'>παρουσίας</span> <span class='ocrx_word' id='word_1_150' title='bbox 2560 928 2861 999; x_wconf 87' lang='grc' dir='ltr'>ἐτόλμησεν</span> <span class='ocrx_word' id='word_1_151' title='bbox 2892 930 2972 993; x_wconf 88' lang='grc' dir='ltr'><strong>είς</strong></span> <span class='ocrx_word' id='word_1_152' title='bbox 2992 929 3084 983; x_wconf 79' lang='grc' dir='ltr'>τὸν</span> <span class='ocrx_word' id='word_1_153' title='bbox 3114 929 3311 985; x_wconf 81' lang='grc' dir='ltr'>ἑαυτοῦ</span> <span class='ocrx_word' id='word_1_154' title='bbox 3342 932 3616 1005; x_wconf 79' lang='grc' dir='ltr'>Δεσπότην</span> <span class='ocrx_word' id='word_1_155' title='bbox 3637 933 3770 1004; x_wconf 80' lang='grc' dir='ltr'>φθέγ-</span> 
     </span>
    </p>
   </div>
   <div class='ocr_carea' id='block_1_25' title="bbox 2226 1017 3766 1097">
    <p class='ocr_par' dir='ltr' id='par_1_25' title="bbox 2226 1017 3766 1097">
     <span class='ocr_line' id='line_1_25' title="bbox 2226 1017 3766 1097; baseline 0.005 -24"><span class='ocrx_word' id='word_1_156' title='bbox 2226 1017 2422 1086; x_wconf 79' lang='grc' dir='ltr'>ξασθαι</span> <span class='ocrx_word' id='word_1_157' title='bbox 2450 1019 2773 1091; x_wconf 77' lang='grc' dir='ltr'>βλάσφημον</span> <span class='ocrx_word' id='word_1_158' title='bbox 2807 1037 2931 1074; x_wconf 84' lang='grc' dir='ltr'>τινα</span> <span class='ocrx_word' id='word_1_159' title='bbox 2959 1021 3139 1090; x_wconf 87' lang='grc' dir='ltr'>λόγον,</span> <span class='ocrx_word' id='word_1_160' title='bbox 3175 1022 3209 1092; x_wconf 74' lang='grc' dir='ltr'>ἢ</span> <span class='ocrx_word' id='word_1_161' title='bbox 3239 1022 3497 1095; x_wconf 76' lang='grc' dir='ltr'>ᾶνταρσιν</span> <span class='ocrx_word' id='word_1_162' title='bbox 3537 1021 3766 1097; x_wconf 81' lang='grc' dir='ltr'>ἐννοῆσαι.</span> 
     </span>
    </p>
   </div>
   <div class='ocr_carea' id='block_1_26' title="bbox 2239 1110 3768 1187">
    <p class='ocr_par' dir='ltr' id='par_1_26' title="bbox 2239 1110 3768 1187">
     <span class='ocr_line' id='line_1_26' title="bbox 2239 1110 3768 1187; baseline 0.005 -23"><span class='ocrx_word' id='word_1_163' title='bbox 2239 1111 2496 1182; x_wconf 80' lang='grc' dir='ltr'>’Λνέμενε</span> <span class='ocrx_word' id='word_1_164' title='bbox 2522 1111 2634 1183; x_wconf 85' lang='grc' dir='ltr'><strong>γὰρ</strong></span> <span class='ocrx_word' id='word_1_165' title='bbox 2664 1112 2764 1184; x_wconf 80' lang='grc' dir='ltr'>τὴν</span> <span class='ocrx_word' id='word_1_166' title='bbox 2790 1110 2886 1165; x_wconf 83' lang='grc' dir='ltr'><strong>τοῦ</strong></span> <span class='ocrx_word' id='word_1_167' title='bbox 2909 1113 3148 1185; x_wconf 80' lang='grc' dir='ltr'><strong>Χριστοῦ</strong></span> <span class='ocrx_word' id='word_1_168' title='bbox 3178 1115 3505 1186; x_wconf 70' lang='grc' dir='ltr'>παρουσίαν,</span> <span class='ocrx_word' id='word_1_169' title='bbox 3531 1116 3605 1183; x_wconf 83' lang='grc' dir='ltr'><strong>ὡς</strong></span> <span class='ocrx_word' id='word_1_170' title='bbox 3622 1116 3768 1187; x_wconf 66' lang='grc' dir='ltr'>λέγει*</span> 
     </span>
    </p>
   </div>
   <div class='ocr_carea' id='block_1_27' title="bbox 2223 1202 3771 1279">
    <p class='ocr_par' dir='ltr' id='par_1_27' title="bbox 2223 1202 3771 1279">
     <span class='ocr_line' id='line_1_27' title="bbox 2223 1202 3771 1279; baseline 0.005 -21"><span class='ocrx_word' id='word_1_171' title='bbox 2223 1203 2367 1271; x_wconf 73' lang='grc' dir='ltr'>Περὶ</span> <span class='ocrx_word' id='word_1_172' title='bbox 2418 1202 2539 1257; x_wconf 85' lang='grc' dir='ltr'><strong>σοῦ</strong></span> <span class='ocrx_word' id='word_1_173' title='bbox 2587 1204 2912 1275; x_wconf 62' lang='grc' dir='ltr'>γέαφαπται</span> <span class='ocrx_word' id='word_1_174' title='bbox 2930 1244 2946 1269; x_wconf 91' lang='grc'><strong>,</strong></span> <span class='ocrx_word' id='word_1_175' title='bbox 2986 1205 3077 1260; x_wconf 81' lang='grc' dir='ltr'>ὅτι</span> <span class='ocrx_word' id='word_1_176' title='bbox 3123 1207 3250 1274; x_wconf 81' lang='grc' dir='ltr'>τοῖς</span> <span class='ocrx_word' id='word_1_177' title='bbox 3297 1209 3573 1279; x_wconf 65' lang='grc' dir='ltr'>ἀγγέλοις</span> <span class='ocrx_word' id='word_1_178' title='bbox 3620 1210 3771 1265; x_wconf 83' lang='grc' dir='ltr'>αὑτοῦ</span> 
     </span>
    </p>
   </div>
   <div class='ocr_carea' id='block_1_28' title="bbox 2222 1293 3768 1369">
    <p class='ocr_par' dir='ltr' id='par_1_28' title="bbox 2222 1293 3768 1369">
     <span class='ocr_line' id='line_1_28' title="bbox 2222 1293 3768 1369; baseline 0.003 -21"><span class='ocrx_word' id='word_1_179' title='bbox 2222 1293 2551 1348; x_wconf 76' lang='grc' dir='ltr'><strong>ἐντελεῖται</strong></span> <span class='ocrx_word' id='word_1_180' title='bbox 2579 1296 2715 1364; x_wconf 83' lang='grc' dir='ltr'>περί</span> <span class='ocrx_word' id='word_1_181' title='bbox 2754 1295 2894 1361; x_wconf 86' lang='grc' dir='ltr'>σοῦ,</span> <span class='ocrx_word' id='word_1_182' title='bbox 2931 1296 3033 1351; x_wconf 79' lang='grc' dir='ltr'><strong>καί</strong></span> <span class='ocrx_word' id='word_1_183' title='bbox 3060 1297 3160 1352; x_wconf 78' lang='grc' dir='ltr'>ἐπὶ</span> <span class='ocrx_word' id='word_1_184' title='bbox 3204 1299 3420 1367; x_wconf 73' lang='grc' dir='ltr'>χειρῶν</span> <span class='ocrx_word' id='word_1_185' title='bbox 3463 1300 3672 1369; x_wconf 81' lang='grc' dir='ltr'>ἀροῦσί</span> <span class='ocrx_word' id='word_1_186' title='bbox 3698 1318 3768 1355; x_wconf 82' lang='grc' dir='ltr'><strong>σε.</strong></span> 
     </span>
    </p>
   </div>
   <div class='ocr_carea' id='block_1_29' title="bbox 2230 1385 3771 1464">
    <p class='ocr_par' dir='ltr' id='par_1_29' title="bbox 2230 1385 3771 1464">
     <span class='ocr_line' id='line_1_29' title="bbox 2230 1385 3771 1464; baseline 0.005 -26"><span class='ocrx_word' id='word_1_187' title='bbox 2230 1387 2436 1439; x_wconf 84' lang='grc' dir='ltr'>Ἥκουε</span> <span class='ocrx_word' id='word_1_188' title='bbox 2465 1385 2576 1458; x_wconf 84' lang='grc' dir='ltr'>γὰρ</span> <span class='ocrx_word' id='word_1_189' title='bbox 2616 1387 2704 1440; x_wconf 78' lang='grc' dir='ltr'><strong>ἀεὶ</strong></span> <span class='ocrx_word' id='word_1_190' title='bbox 2740 1385 2850 1440; x_wconf 86' lang='grc' dir='ltr'>τῶν</span> <span class='ocrx_word' id='word_1_191' title='bbox 2878 1389 3175 1460; x_wconf 76' lang='grc' dir='ltr'><strong>προφητῶν</strong></span> <span class='ocrx_word' id='word_1_192' title='bbox 3204 1391 3672 1461; x_wconf 84' lang='grc' dir='ltr'>καταγγελλόντων</span> <span class='ocrx_word' id='word_1_193' title='bbox 3697 1395 3771 1464; x_wconf 66' lang='grc' dir='ltr'>τὴν</span> 
     </span>
    </p>
   </div>
   <div class='ocr_carea' id='block_1_30' title="bbox 2226 1476 3770 1557">
    <p class='ocr_par' dir='ltr' id='par_1_30' title="bbox 2226 1476 3770 1557">
     <span class='ocr_line' id='line_1_30' title="bbox 2226 1476 3770 1557; baseline 0.006 -27"><span class='ocrx_word' id='word_1_194' title='bbox 2226 1476 2468 1549; x_wconf 81' lang='grc' dir='ltr'>Χριστοῦ</span> <span class='ocrx_word' id='word_1_195' title='bbox 2501 1478 2830 1549; x_wconf 86' lang='grc' dir='ltr'>παρουσίαν,</span> <span class='ocrx_word' id='word_1_196' title='bbox 2859 1478 3129 1552; x_wconf 79' lang='grc' dir='ltr'>λύτρωσιν</span> <span class='ocrx_word' id='word_1_197' title='bbox 3165 1483 3435 1554; x_wconf 76' lang='grc' dir='ltr'>ἐσομένην</span> <span class='ocrx_word' id='word_1_198' title='bbox 3483 1483 3588 1537; x_wconf 82' lang='grc' dir='ltr'><strong>τῶν</strong></span> <span class='ocrx_word' id='word_1_199' title='bbox 3628 1486 3770 1557; x_wconf 75' lang='grc' dir='ltr'>ἁμαρ-</span> 
     </span>
    </p>
   </div>
   <div class='ocr_carea' id='block_1_31' title="bbox 2225 1567 3770 1646">
    <p class='ocr_par' dir='ltr' id='par_1_31' title="bbox 2225 1567 3770 1646">
     <span class='ocr_line' id='line_1_31' title="bbox 2225 1567 3770 1646; baseline 0.005 -25"><span class='ocrx_word' id='word_1_200' title='bbox 2225 1568 2532 1639; x_wconf 84' lang='grc' dir='ltr'>τησάντων,</span> <span class='ocrx_word' id='word_1_201' title='bbox 2569 1569 2664 1623; x_wconf 83' lang='grc' dir='ltr'>καὶ</span> <span class='ocrx_word' id='word_1_202' title='bbox 2699 1568 2791 1622; x_wconf 83' lang='grc' dir='ltr'><strong>διὰ</strong></span> <span class='ocrx_word' id='word_1_203' title='bbox 2831 1567 3072 1641; x_wconf 83' lang='grc' dir='ltr'>Χριστοῦ</span> <span class='ocrx_word' id='word_1_204' title='bbox 3117 1572 3563 1642; x_wconf 59' lang='grc' dir='ltr'>μετανοούντων</span> <span class='ocrx_word' id='word_1_205' title='bbox 3594 1576 3770 1646; x_wconf 80' lang='grc' dir='ltr'>ἐνόμιζέ</span> 
     </span>
    </p>
   </div>
   <div class='ocr_carea' id='block_1_32' title="bbox 2226 1659 3771 1730">
    <p class='ocr_par' dir='ltr' id='par_1_32' title="bbox 2226 1659 3771 1730">
     <span class='ocr_line' id='line_1_32' title="bbox 2226 1659 3771 1730; baseline 0.005 -16"><span class='ocrx_word' id='word_1_206' title='bbox 2226 1677 2288 1714; x_wconf 87' lang='grc' dir='ltr'><strong>τε</strong></span> <span class='ocrx_word' id='word_1_207' title='bbox 2319 1659 2618 1726; x_wconf 80' lang='grc' dir='ltr'>τεύξασθαί</span> <span class='ocrx_word' id='word_1_208' title='bbox 2644 1677 2795 1725; x_wconf 86' lang='grc' dir='ltr'>τινος</span> <span class='ocrx_word' id='word_1_209' title='bbox 2817 1661 3017 1726; x_wconf 79' lang='grc' dir='ltr'>ἐλέους.</span> <span class='ocrx_word' id='word_1_210' title='bbox 3053 1664 3182 1717; x_wconf 83' lang='grc' dir='ltr'>Ὅτε</span> <span class='ocrx_word' id='word_1_211' title='bbox 3215 1664 3273 1717; x_wconf 83' lang='grc' dir='ltr'>δὲ</span> <span class='ocrx_word' id='word_1_212' title='bbox 3302 1662 3444 1719; x_wconf 82' lang='grc' dir='ltr'>είδεν</span> <span class='ocrx_word' id='word_1_213' title='bbox 3481 1668 3512 1719; x_wconf 78' lang='grc' dir='ltr'><strong>ὁ</strong></span> <span class='ocrx_word' id='word_1_214' title='bbox 3534 1666 3686 1730; x_wconf 77' lang='grc' dir='ltr'>τάλας</span> <span class='ocrx_word' id='word_1_215' title='bbox 3702 1668 3771 1721; x_wconf 65' lang='grc' dir='ltr'><strong>τὸν</strong></span> 
     </span>
    </p>
   </div>
   <div class='ocr_carea' id='block_1_33' title="bbox 2228 1750 3773 1829">
    <p class='ocr_par' dir='ltr' id='par_1_33' title="bbox 2228 1750 3773 1829">
     <span class='ocr_line' id='line_1_33' title="bbox 2228 1750 3773 1829; baseline 0.005 -24"><span class='ocrx_word' id='word_1_216' title='bbox 2228 1751 2465 1822; x_wconf 86' lang='grc' dir='ltr'>Χριστὸν</span> <span class='ocrx_word' id='word_1_217' title='bbox 2496 1751 2571 1822; x_wconf 82' lang='grc' dir='ltr'>μὴ</span> <span class='ocrx_word' id='word_1_218' title='bbox 2604 1750 2900 1824; x_wconf 79' lang='grc' dir='ltr'>δεξάμενον</span> <span class='ocrx_word' id='word_1_219' title='bbox 2923 1753 3090 1807; x_wconf 81' lang='grc' dir='ltr'>αὑτοῦ</span> <span class='ocrx_word' id='word_1_220' title='bbox 3112 1754 3209 1827; x_wconf 81' lang='grc' dir='ltr'>τὴν</span> <span class='ocrx_word' id='word_1_221' title='bbox 3236 1756 3368 1827; x_wconf 70' lang='grc' dir='ltr'>περὶ</span> <span class='ocrx_word' id='word_1_222' title='bbox 3402 1757 3664 1829; x_wconf 73' lang='grc' dir='ltr'>σωτηρίας</span> <span class='ocrx_word' id='word_1_223' title='bbox 3682 1760 3773 1812; x_wconf 80' lang='grc' dir='ltr'>ἐπι-</span> 
     </span>
    </p>
   </div>
   <div class='ocr_carea' id='block_1_34' title="bbox 530 1832 2121 1917">
    <p class='ocr_par' dir='ltr' id='par_1_34' title="bbox 530 1832 2119 1905">
     <span class='ocr_line' id='line_1_34' title="bbox 530 1832 2119 1905; baseline 0.002 -17"><span class='ocrx_word' id='word_1_224' title='bbox 530 1832 766 1888; x_wconf 87' lang='lat' dir='ltr'><strong>sentiam</strong></span> <span class='ocrx_word' id='word_1_225' title='bbox 798 1846 989 1886; x_wconf 84' lang='lat' dir='ltr'><strong>eorum</strong></span> <span class='ocrx_word' id='word_1_226' title='bbox 1012 1832 1445 1903; x_wconf 85' lang='lat' dir='ltr'><strong>redemptionem</strong></span> <span class='ocrx_word' id='word_1_227' title='bbox 1475 1832 1611 1897; x_wconf 82' lang='lat' dir='ltr'><strong>fore,</strong></span> <span class='ocrx_word' id='word_1_228' title='bbox 1647 1834 1743 1904; x_wconf 92' lang='lat' dir='ltr'><strong>qui</strong></span> <span class='ocrx_word' id='word_1_229' title='bbox 1776 1847 2119 1905; x_wconf 88' lang='lat' dir='ltr'><strong>peccassent,</strong></span> 
     </span>
    </p>
   </div>
   <div class='ocr_carea' id='block_1_35' title="bbox 2221 1832 3772 1917">
    <p class='ocr_par' dir='ltr' id='par_1_35' title="bbox 2227 1841 3772 1917">
     <span class='ocr_line' id='line_1_35' title="bbox 2227 1841 3772 1917; baseline 0.005 -23"><span class='ocrx_word' id='word_1_230' title='bbox 2227 1841 2489 1913; x_wconf 84' lang='grc' dir='ltr'>στροφὴν,</span> <span class='ocrx_word' id='word_1_231' title='bbox 2522 1841 2744 1909; x_wconf 80' lang='grc' dir='ltr'>ἀνοίξας</span> <span class='ocrx_word' id='word_1_232' title='bbox 2773 1845 2836 1899; x_wconf 83' lang='grc' dir='ltr'>τὸ</span> <span class='ocrx_word' id='word_1_233' title='bbox 2858 1846 3035 1917; x_wconf 84' lang='grc' dir='ltr'>στόμα</span> <span class='ocrx_word' id='word_1_234' title='bbox 3062 1847 3205 1902; x_wconf 82' lang='grc' dir='ltr'>κατὰ</span> <span class='ocrx_word' id='word_1_235' title='bbox 3236 1848 3333 1902; x_wconf 88' lang='grc' dir='ltr'><strong>τοῦ</strong></span> <span class='ocrx_word' id='word_1_236' title='bbox 3366 1849 3498 1905; x_wconf 85' lang='grc' dir='ltr'>ίδίου</span> <span class='ocrx_word' id='word_1_237' title='bbox 3523 1849 3772 1915; x_wconf 75' lang='grc' dir='ltr'>Δεσπότου,</span> 
     </span>
    </p>
   </div>
   <div class='ocr_carea' id='block_1_36' title="bbox 531 1925 2127 1998">
    <p class='ocr_par' dir='ltr' id='par_1_36' title="bbox 531 1925 2127 1998">
     <span class='ocr_line' id='line_1_36' title="bbox 531 1925 2127 1998; baseline 0.002 -18"><span class='ocrx_word' id='word_1_238' title='bbox 531 1940 597 1980; x_wconf 89' lang='lat' dir='ltr'><strong>ac</strong></span> <span class='ocrx_word' id='word_1_239' title='bbox 633 1927 1010 1995; x_wconf 65' lang='lat' dir='ltr'><strong>paenitentiam</strong></span> <span class='ocrx_word' id='word_1_240' title='bbox 1060 1926 1427 1997; x_wconf 88' lang='lat' dir='ltr'><strong>susciperent.</strong></span> <span class='ocrx_word' id='word_1_241' title='bbox 1458 1925 1643 1993; x_wconf 85' lang='lat' dir='ltr'><strong>Quare</strong></span> <span class='ocrx_word' id='word_1_242' title='bbox 1672 1935 1728 1983; x_wconf 90' lang='lat' dir='ltr'><strong>et</strong></span> <span class='ocrx_word' id='word_1_243' title='bbox 1761 1927 1880 1998; x_wconf 91' lang='lat' dir='ltr'><strong>ipse</strong></span> <span class='ocrx_word' id='word_1_244' title='bbox 1906 1928 2127 1985; x_wconf 90' lang='lat' dir='ltr'><strong>miseri-</strong></span> 
     </span>
    </p>
   </div>
   <div class='ocr_carea' id='block_1_37' title="bbox 531 2015 2125 2088">
    <p class='ocr_par' dir='ltr' id='par_1_37' title="bbox 531 2015 2125 2088">
     <span class='ocr_line' id='line_1_37' title="bbox 531 2015 2125 2088; baseline 0.003 -18"><span class='ocrx_word' id='word_1_245' title='bbox 531 2015 736 2071; x_wconf 69' lang='lat' dir='ltr'><strong>cordiae</strong></span> <span class='ocrx_word' id='word_1_246' title='bbox 761 2017 1015 2071; x_wconf 87' lang='lat' dir='ltr'><strong>nonnihil</strong></span> <span class='ocrx_word' id='word_1_247' title='bbox 1049 2031 1109 2072; x_wconf 91' lang='lat' dir='ltr'><strong>se</strong></span> <span class='ocrx_word' id='word_1_248' title='bbox 1141 2024 1571 2073; x_wconf 89' lang='lat' dir='ltr'><strong>consecuturum</strong></span> <span class='ocrx_word' id='word_1_249' title='bbox 1602 2017 1879 2088; x_wconf 83' lang='lat' dir='ltr'><strong>sperabat.</strong></span> <span class='ocrx_word' id='word_1_250' title='bbox 1920 2017 2125 2076; x_wconf 81' lang='lat' dir='ltr'><strong>Verum</strong></span> 
     </span>
    </p>
   </div>
   <div class='ocr_carea' id='block_1_38' title="bbox 530 2106 2127 2169">
    <p class='ocr_par' dir='ltr' id='par_1_38' title="bbox 530 2106 2127 2169">
     <span class='ocr_line' id='line_1_38' title="bbox 530 2106 2127 2169; baseline 0.003 -7"><span class='ocrx_word' id='word_1_251' title='bbox 530 2106 623 2162; x_wconf 93' lang='lat' dir='ltr'><strong>ubi</strong></span> <span class='ocrx_word' id='word_1_252' title='bbox 658 2122 817 2163; x_wconf 88' lang='lat' dir='ltr'><strong>suam</strong></span> <span class='ocrx_word' id='word_1_253' title='bbox 870 2108 937 2161; x_wconf 88' lang='lat' dir='ltr'><strong>ad</strong></span> <span class='ocrx_word' id='word_1_254' title='bbox 977 2108 1332 2165; x_wconf 89' lang='lat' dir='ltr'><strong>obtinendam</strong></span> <span class='ocrx_word' id='word_1_255' title='bbox 1371 2110 1605 2166; x_wconf 88' lang='lat' dir='ltr'><strong>salutem</strong></span> <span class='ocrx_word' id='word_1_256' title='bbox 1640 2112 2060 2169; x_wconf 84' lang='lat' dir='ltr'><strong>conversionem</strong></span> <span class='ocrx_word' id='word_1_257' title='bbox 2094 2126 2127 2166; x_wconf 89' lang='lat' dir='ltr'><strong>a</strong></span> 
     </span>
    </p>
   </div>
   <div class='ocr_carea' id='block_1_39' title="bbox 530 2198 2128 2270">
    <p class='ocr_par' dir='ltr' id='par_1_39' title="bbox 530 2198 2128 2270">
     <span class='ocr_line' id='line_1_39' title="bbox 530 2198 2128 2270; baseline 0.003 -16"><span class='ocrx_word' id='word_1_258' title='bbox 530 2199 756 2255; x_wconf 87' lang='lat' dir='ltr'><strong>Christo</strong></span> <span class='ocrx_word' id='word_1_259' title='bbox 811 2198 1088 2270; x_wconf 81' lang='lat' dir='ltr'><strong>repudiari</strong></span> <span class='ocrx_word' id='word_1_260' title='bbox 1154 2199 1340 2256; x_wconf 78' lang='lat' dir='ltr'><strong>infelix</strong></span> <span class='ocrx_word' id='word_1_261' title='bbox 1393 2200 1804 2268; x_wconf 83' lang='lat' dir='ltr'><strong>animadvertit,</strong></span> <span class='ocrx_word' id='word_1_262' title='bbox 1868 2218 1933 2258; x_wconf 88' lang='lat' dir='ltr'><strong>os</strong></span> <span class='ocrx_word' id='word_1_263' title='bbox 1978 2203 2128 2260; x_wconf 89' lang='lat' dir='ltr'><strong>illico</strong></span> 
     </span>
    </p>
   </div>
   <div class='ocr_carea' id='block_1_40' title="bbox 528 2289 2126 2362">
    <p class='ocr_par' dir='ltr' id='par_1_40' title="bbox 528 2289 2126 2362">
     <span class='ocr_line' id='line_1_40' title="bbox 528 2289 2126 2362; baseline 0.004 -19"><span class='ocrx_word' id='word_1_264' title='bbox 528 2298 720 2344; x_wconf 87' lang='lat' dir='ltr'><strong>contra</strong></span> <span class='ocrx_word' id='word_1_265' title='bbox 756 2289 1044 2346; x_wconf 90' lang='lat' dir='ltr'><strong>Dominum</strong></span> <span class='ocrx_word' id='word_1_266' title='bbox 1076 2291 1310 2362; x_wconf 88' lang='lat' dir='ltr'><strong>aperuit,</strong></span> <span class='ocrx_word' id='word_1_267' title='bbox 1335 2306 1401 2346; x_wconf 86' lang='lat' dir='ltr'><strong>ac</strong></span> <span class='ocrx_word' id='word_1_268' title='bbox 1432 2291 1871 2349; x_wconf 87' lang='lat' dir='ltr'><strong>maledicentiam</strong></span> <span class='ocrx_word' id='word_1_269' title='bbox 1907 2309 2126 2350; x_wconf 87' lang='lat' dir='ltr'><strong>omnem</strong></span> 
     </span>
    </p>
   </div>
   <div class='ocr_carea' id='block_1_41' title="bbox 527 2381 2123 2454">
    <p class='ocr_par' dir='ltr' id='par_1_41' title="bbox 527 2381 2123 2454">
     <span class='ocr_line' id='line_1_41' title="bbox 527 2381 2123 2454; baseline 0.001 -16"><span class='ocrx_word' id='word_1_270' title='bbox 527 2382 793 2438; x_wconf 72' lang='lat' dir='ltr'><strong>evomuit.</strong></span> <span class='ocrx_word' id='word_1_271' title='bbox 820 2381 968 2449; x_wconf 82' lang='lat' dir='ltr'><strong>Quin</strong></span> <span class='ocrx_word' id='word_1_272' title='bbox 1003 2396 1125 2437; x_wconf 90' lang='lat' dir='ltr'><strong>eam</strong></span> <span class='ocrx_word' id='word_1_273' title='bbox 1159 2392 1396 2438; x_wconf 84' lang='lat' dir='ltr'><strong>mentem</strong></span> <span class='ocrx_word' id='word_1_274' title='bbox 1441 2381 1757 2439; x_wconf 90' lang='lat' dir='ltr'><strong>hominibus</strong></span> <span class='ocrx_word' id='word_1_275' title='bbox 1800 2383 2013 2454; x_wconf 77' lang='lat' dir='ltr'><strong>injecit,</strong></span> <span class='ocrx_word' id='word_1_276' title='bbox 2042 2394 2123 2451; x_wconf 91' lang='lat' dir='ltr'><strong>ut,</strong></span> 
     </span>
    </p>
   </div>
   <div class='ocr_carea' id='block_1_42' title="bbox 528 2474 2127 2547">
    <p class='ocr_par' dir='ltr' id='par_1_42' title="bbox 528 2474 2127 2547">
     <span class='ocr_line' id='line_1_42' title="bbox 528 2474 2127 2547; baseline 0.003 -18"><span class='ocrx_word' id='word_1_277' title='bbox 528 2490 660 2531; x_wconf 89' lang='lat' dir='ltr'><strong>vero</strong></span> <span class='ocrx_word' id='word_1_278' title='bbox 686 2483 1006 2545; x_wconf 89' lang='lat' dir='ltr'><strong>contempto</strong></span> <span class='ocrx_word' id='word_1_279' title='bbox 1039 2474 1175 2541; x_wconf 89' lang='lat' dir='ltr'><strong>Deo,</strong></span> <span class='ocrx_word' id='word_1_280' title='bbox 1221 2475 1390 2529; x_wconf 79' lang='lat' dir='ltr'><strong>alium</strong></span> <span class='ocrx_word' id='word_1_281' title='bbox 1427 2475 1520 2545; x_wconf 92' lang='lat' dir='ltr'><strong>qui</strong></span> <span class='ocrx_word' id='word_1_282' title='bbox 1569 2477 1825 2547; x_wconf 89' lang='lat' dir='ltr'><strong>nuspiam</strong></span> <span class='ocrx_word' id='word_1_283' title='bbox 1853 2486 2002 2534; x_wconf 88' lang='lat' dir='ltr'><strong>esset</strong></span> <span class='ocrx_word' id='word_1_284' title='bbox 2042 2478 2127 2534; x_wconf 86' lang='lat' dir='ltr'><strong>in-</strong></span> 
     </span>
    </p>
   </div>
   <div class='ocr_carea' id='block_1_43' title="bbox 530 2564 2119 2636">
    <p class='ocr_par' dir='ltr' id='par_1_43' title="bbox 530 2564 2119 2636">
     <span class='ocr_line' id='line_1_43' title="bbox 530 2564 2119 2636; baseline 0.003 -16"><span class='ocrx_word' id='word_1_285' title='bbox 530 2566 834 2636; x_wconf 89' lang='lat' dir='ltr'><strong>quirerent.</strong></span> <span class='ocrx_word' id='word_1_286' title='bbox 870 2564 985 2620; x_wconf 83' lang='lat' dir='ltr'><strong>Hoc</strong></span> <span class='ocrx_word' id='word_1_287' title='bbox 1030 2565 1198 2635; x_wconf 83' lang='lat' dir='ltr'><strong>igitur</strong></span> <span class='ocrx_word' id='word_1_288' title='bbox 1226 2564 1391 2620; x_wconf 92' lang='lat' dir='ltr'><strong>modo</strong></span> <span class='ocrx_word' id='word_1_289' title='bbox 1426 2564 1722 2622; x_wconf 82' lang='lat' dir='ltr'><strong>Sethianos</strong></span> <span class='ocrx_word' id='word_1_290' title='bbox 1765 2571 1822 2623; x_wconf 89' lang='lat' dir='ltr'><strong>in</strong></span> <span class='ocrx_word' id='word_1_291' title='bbox 1868 2567 2119 2625; x_wconf 83' lang='lat' dir='ltr'><strong>fraudem</strong></span> 
     </span>
    </p>
   </div>
   <div class='ocr_carea' id='block_1_44' title="bbox 529 2655 2124 2728">
    <p class='ocr_par' dir='ltr' id='par_1_44' title="bbox 529 2655 2124 2728">
     <span class='ocr_line' id='line_1_44' title="bbox 529 2655 2124 2728; baseline 0.004 -20"><span class='ocrx_word' id='word_1_292' title='bbox 529 2656 799 2725; x_wconf 86' lang='lat' dir='ltr'><strong>impulsus</strong></span> <span class='ocrx_word' id='word_1_293' title='bbox 825 2669 952 2709; x_wconf 91' lang='lat' dir='ltr'><strong>esse</strong></span> <span class='ocrx_word' id='word_1_294' title='bbox 983 2655 1348 2725; x_wconf 90' lang='lat' dir='ltr'><strong>undequaque</strong></span> <span class='ocrx_word' id='word_1_295' title='bbox 1380 2656 1678 2721; x_wconf 81' lang='lat' dir='ltr'><strong>constabit.</strong></span> <span class='ocrx_word' id='word_1_296' title='bbox 1719 2656 2001 2728; x_wconf 88' lang='lat' dir='ltr'><strong>Siquidem</strong></span> <span class='ocrx_word' id='word_1_297' title='bbox 2033 2658 2124 2716; x_wconf 87' lang='lat' dir='ltr'><strong>Se-</strong></span> 
     </span>
    </p>
   </div>
   <div class='ocr_carea' id='block_1_45' title="bbox 526 2745 2123 2819">
    <p class='ocr_par' dir='ltr' id='par_1_45' title="bbox 526 2745 2123 2819">
     <span class='ocr_line' id='line_1_45' title="bbox 526 2745 2123 2819; baseline 0.006 -21"><span class='ocrx_word' id='word_1_298' title='bbox 526 2745 658 2801; x_wconf 75' lang='lat' dir='ltr'><strong>thus</strong></span> <span class='ocrx_word' id='word_1_299' title='bbox 702 2746 831 2799; x_wconf 81' lang='lat' dir='ltr'><strong>olim</strong></span> <span class='ocrx_word' id='word_1_300' title='bbox 884 2751 1137 2801; x_wconf 87' lang='lat' dir='ltr'><strong>mortuus</strong></span> <span class='ocrx_word' id='word_1_301' title='bbox 1187 2751 1293 2811; x_wconf 89' lang='lat' dir='ltr'><strong>est,</strong></span> <span class='ocrx_word' id='word_1_302' title='bbox 1334 2754 1575 2817; x_wconf 75' lang='lat' dir='ltr'><strong>suntque</strong></span> <span class='ocrx_word' id='word_1_303' title='bbox 1622 2748 1744 2819; x_wconf 84' lang='lat' dir='ltr'><strong>ejus</strong></span> <span class='ocrx_word' id='word_1_304' title='bbox 1784 2751 1962 2806; x_wconf 80' lang='lat' dir='ltr'><strong>aetatis</strong></span> <span class='ocrx_word' id='word_1_305' title='bbox 1991 2752 2123 2808; x_wconf 90' lang='lat' dir='ltr'><strong>anni</strong></span> 
     </span>
    </p>
   </div>
   <div class='ocr_carea' id='block_1_46' title="bbox 526 2835 2119 2914">
    <p class='ocr_par' dir='ltr' id='par_1_46' title="bbox 526 2835 2119 2914">
     <span class='ocr_line' id='line_1_46' title="bbox 526 2835 2119 2914; baseline 0.008 -24"><span class='ocrx_word' id='word_1_306' title='bbox 526 2837 842 2909; x_wconf 83' lang='lat' dir='ltr'><strong>perscripti.</strong></span> <span class='ocrx_word' id='word_1_307' title='bbox 872 2835 1009 2890; x_wconf 86' lang='lat' dir='ltr'><strong>Nam</strong></span> <span class='ocrx_word' id='word_1_308' title='bbox 1042 2853 1167 2892; x_wconf 90' lang='lat' dir='ltr'><strong>cum</strong></span> <span class='ocrx_word' id='word_1_309' title='bbox 1201 2852 1374 2896; x_wconf 81' lang='lat' dir='ltr'><strong>annos</strong></span> <span class='ocrx_word' id='word_1_310' title='bbox 1402 2839 1628 2896; x_wconf 81' lang='lat' dir='ltr'><strong>vixisset</strong></span> <span class='ocrx_word' id='word_1_311' title='bbox 1653 2856 1729 2895; x_wconf 83' lang='lat' dir='ltr'><strong>xu</strong></span> <span class='ocrx_word' id='word_1_312' title='bbox 1752 2858 2119 2914; x_wconf 85' lang='lat' dir='ltr'><strong>suprancccc,</strong></span> 
     </span>
    </p>
   </div>
   <div class='ocr_carea' id='block_1_47' title="bbox 2225 1933 3773 2013">
    <p class='ocr_par' dir='ltr' id='par_1_47' title="bbox 2225 1933 3773 2013">
     <span class='ocr_line' id='line_1_47' title="bbox 2225 1933 3773 2013; baseline 0.007 -27"><span class='ocrx_word' id='word_1_313' title='bbox 2225 1933 2327 2005; x_wconf 83' lang='grc' dir='ltr'>τὴν</span> <span class='ocrx_word' id='word_1_314' title='bbox 2356 1934 2713 2007; x_wconf 82' lang='grc' dir='ltr'>βλασφημίαν</span> <span class='ocrx_word' id='word_1_315' title='bbox 2751 1935 3020 2009; x_wconf 82' lang='grc' dir='ltr'>ἐξήμεσε,</span> <span class='ocrx_word' id='word_1_316' title='bbox 3060 1941 3172 2003; x_wconf 85' lang='grc' dir='ltr'>τοῖς</span> <span class='ocrx_word' id='word_1_317' title='bbox 3208 1938 3523 2013; x_wconf 79' lang='grc' dir='ltr'>ἀνθρώποις</span> <span class='ocrx_word' id='word_1_318' title='bbox 3564 1943 3773 1997; x_wconf 78' lang='grc' dir='ltr'>ὑπόνοιαν</span> 
     </span>
    </p>
   </div>
   <div class='ocr_carea' id='block_1_48' title="bbox 2226 2025 3772 2105">
    <p class='ocr_par' dir='ltr' id='par_1_48' title="bbox 2226 2025 3772 2105">
     <span class='ocr_line' id='line_1_48' title="bbox 2226 2025 3772 2105; baseline 0.006 -27"><span class='ocrx_word' id='word_1_319' title='bbox 2226 2025 2504 2095; x_wconf 85' lang='grc' dir='ltr'>ἐμϐαλὼν,</span> <span class='ocrx_word' id='word_1_320' title='bbox 2534 2028 2820 2099; x_wconf 81' lang='grc' dir='ltr'>ἀρνεῖσθαι</span> <span class='ocrx_word' id='word_1_321' title='bbox 2853 2030 2953 2101; x_wconf 81' lang='grc' dir='ltr'>μὲν</span> <span class='ocrx_word' id='word_1_322' title='bbox 2987 2031 3082 2085; x_wconf 57' lang='grc' dir='ltr'>τὸν</span> <span class='ocrx_word' id='word_1_323' title='bbox 3129 2032 3297 2098; x_wconf 72' lang='grc' dir='ltr'>ὄντα,</span> <span class='ocrx_word' id='word_1_324' title='bbox 3346 2033 3444 2087; x_wconf 80' lang='grc' dir='ltr'>τὸν</span> <span class='ocrx_word' id='word_1_325' title='bbox 3479 2034 3537 2087; x_wconf 85' lang='grc' dir='ltr'>δὲ</span> <span class='ocrx_word' id='word_1_326' title='bbox 3570 2035 3640 2105; x_wconf 82' lang='grc' dir='ltr'><strong>μή</strong></span> <span class='ocrx_word' id='word_1_327' title='bbox 3675 2034 3772 2087; x_wconf 72' lang='grc' dir='ltr'>ὄντα</span> 
     </span>
    </p>
   </div>
   <div class='ocr_carea' id='block_1_49' title="bbox 2226 2116 3773 2197">
    <p class='ocr_par' dir='ltr' id='par_1_49' title="bbox 2226 2116 3773 2197">
     <span class='ocr_line' id='line_1_49' title="bbox 2226 2116 3773 2197; baseline 0.006 -27"><span class='ocrx_word' id='word_1_328' title='bbox 2226 2116 2432 2190; x_wconf 73' lang='grc' dir='ltr'>ζητεῖν.</span> <span class='ocrx_word' id='word_1_329' title='bbox 2488 2119 2646 2174; x_wconf 76' lang='grc' dir='ltr'>Οὕτω</span> <span class='ocrx_word' id='word_1_330' title='bbox 2716 2122 2892 2176; x_wconf 86' lang='grc' dir='ltr'>τοίνυν</span> <span class='ocrx_word' id='word_1_331' title='bbox 2939 2123 3036 2177; x_wconf 72' lang='grc' dir='ltr'>καὶ</span> <span class='ocrx_word' id='word_1_332' title='bbox 3099 2117 3248 2177; x_wconf 80' lang='grc' dir='ltr'>οῦτοι</span> <span class='ocrx_word' id='word_1_333' title='bbox 3306 2125 3620 2197; x_wconf 73' lang='grc' dir='ltr'>ἐλέγχονται</span> <span class='ocrx_word' id='word_1_334' title='bbox 3665 2125 3773 2181; x_wconf 75' lang='grc' dir='ltr'>κατὰ</span> 
     </span>
    </p>
   </div>
   <div class='ocr_carea' id='block_1_50' title="bbox 2226 2210 3773 2290">
    <p class='ocr_par' dir='ltr' id='par_1_50' title="bbox 2226 2210 3773 2290">
     <span class='ocr_line' id='line_1_50' title="bbox 2226 2210 3773 2290; baseline 0.004 -27"><span class='ocrx_word' id='word_1_335' title='bbox 2226 2210 2411 2265; x_wconf 85' lang='grc' dir='ltr'>πάντα</span> <span class='ocrx_word' id='word_1_336' title='bbox 2440 2214 2645 2285; x_wconf 88' lang='grc' dir='ltr'>τρόπον</span> <span class='ocrx_word' id='word_1_337' title='bbox 2670 2215 3038 2287; x_wconf 76' lang='grc' dir='ltr'>ἠπατημένοι.</span> <span class='ocrx_word' id='word_1_338' title='bbox 3076 2216 3136 2271; x_wconf 84' lang='lat'><strong>&#39;0</strong></span> <span class='ocrx_word' id='word_1_339' title='bbox 3170 2216 3281 2288; x_wconf 86' lang='grc' dir='ltr'>γὰρ</span> <span class='ocrx_word' id='word_1_340' title='bbox 3309 2217 3423 2290; x_wconf 81' lang='grc' dir='ltr'><strong>Σὴθ</strong></span> <span class='ocrx_word' id='word_1_341' title='bbox 3440 2217 3681 2289; x_wconf 74' lang='grc' dir='ltr'>τέθνηκε,</span> <span class='ocrx_word' id='word_1_342' title='bbox 3704 2219 3773 2271; x_wconf 70' lang='grc' dir='ltr'>καὶ</span> 
     </span>
    </p>
   </div>
   <div class='ocr_carea' id='block_1_51' title="bbox 2225 2301 3772 2380">
    <p class='ocr_par' dir='ltr' id='par_1_51' title="bbox 2225 2301 3772 2380">
     <span class='ocr_line' id='line_1_51' title="bbox 2225 2301 3772 2380; baseline 0.006 -26"><span class='ocrx_word' id='word_1_343' title='bbox 2225 2301 2294 2355; x_wconf 86' lang='grc' dir='ltr'>τὰ</span> <span class='ocrx_word' id='word_1_344' title='bbox 2329 2301 2424 2372; x_wconf 76' lang='grc' dir='ltr'><strong>ἐτη</strong></span> <span class='ocrx_word' id='word_1_345' title='bbox 2461 2302 2626 2358; x_wconf 81' lang='grc' dir='ltr'>αὐτοῦ</span> <span class='ocrx_word' id='word_1_346' title='bbox 2658 2305 3099 2376; x_wconf 85' lang='grc' dir='ltr'>ἀναγέγραπται.</span> <span class='ocrx_word' id='word_1_347' title='bbox 3132 2306 3349 2372; x_wconf 83' lang='grc' dir='ltr'>Βιώσας</span> <span class='ocrx_word' id='word_1_348' title='bbox 3384 2307 3494 2379; x_wconf 83' lang='grc' dir='ltr'>γὰρ</span> <span class='ocrx_word' id='word_1_349' title='bbox 3528 2309 3618 2380; x_wconf 77' lang='grc' dir='ltr'><strong>ἐτη</strong></span> <span class='ocrx_word' id='word_1_350' title='bbox 3654 2309 3772 2363; x_wconf 80' lang='grc' dir='ltr'>ἐννα-</span> 
     </span>
    </p>
   </div>
   <div class='ocr_carea' id='block_1_52' title="bbox 2225 2394 3771 2474">
    <p class='ocr_par' dir='ltr' id='par_1_52' title="bbox 2225 2394 3771 2474">
     <span class='ocr_line' id='line_1_52' title="bbox 2225 2394 3771 2474; baseline 0.003 -26"><span class='ocrx_word' id='word_1_351' title='bbox 2225 2395 2386 2449; x_wconf 80' lang='grc' dir='ltr'>κόσια</span> <span class='ocrx_word' id='word_1_352' title='bbox 2414 2394 2665 2464; x_wconf 80' lang='grc' dir='ltr'>δεκαδύο,</span> <span class='ocrx_word' id='word_1_353' title='bbox 2692 2397 2754 2451; x_wconf 85' lang='grc' dir='ltr'>τὸ</span> <span class='ocrx_word' id='word_1_354' title='bbox 2797 2398 2978 2470; x_wconf 84' lang='grc' dir='ltr'>χρεὼν</span> <span class='ocrx_word' id='word_1_355' title='bbox 3031 2400 3308 2464; x_wconf 79' lang='grc' dir='ltr'>ἀπέδωκε,</span> <span class='ocrx_word' id='word_1_356' title='bbox 3352 2404 3618 2474; x_wconf 81' lang='grc' dir='ltr'>γεννήσας</span> <span class='ocrx_word' id='word_1_357' title='bbox 3659 2404 3771 2464; x_wconf 67' lang='grc' dir='ltr'>υἱοὺς</span> 
     </span>
    </p>
   </div>
   <div class='ocr_carea' id='block_1_53' title="bbox 2224 2486 3771 2567">
    <p class='ocr_par' dir='ltr' id='par_1_53' title="bbox 2224 2486 3771 2567">
     <span class='ocr_line' id='line_1_53' title="bbox 2224 2486 3771 2567; baseline 0.004 -27"><span class='ocrx_word' id='word_1_358' title='bbox 2224 2487 2321 2540; x_wconf 75' lang='grc' dir='ltr'>καὶ</span> <span class='ocrx_word' id='word_1_359' title='bbox 2346 2486 2679 2561; x_wconf 84' lang='grc' dir='ltr'>θυγατέρας,</span> <span class='ocrx_word' id='word_1_360' title='bbox 2713 2489 2788 2554; x_wconf 85' lang='grc' dir='ltr'>ὥς</span> <span class='ocrx_word' id='word_1_361' title='bbox 2836 2508 3003 2562; x_wconf 85' lang='grc' dir='ltr'>φησιν</span> <span class='ocrx_word' id='word_1_362' title='bbox 3034 2493 3067 2563; x_wconf 82' lang='grc' dir='ltr'>ὴ</span> <span class='ocrx_word' id='word_1_363' title='bbox 3099 2491 3222 2545; x_wconf 85' lang='grc' dir='ltr'>θεία</span> <span class='ocrx_word' id='word_1_364' title='bbox 3262 2494 3482 2567; x_wconf 77' lang='grc' dir='ltr'>Γραφή.</span> <span class='ocrx_word' id='word_1_365' title='bbox 3517 2492 3664 2548; x_wconf 83' lang='grc' dir='ltr'><strong>Κατὰ</strong></span> <span class='ocrx_word' id='word_1_366' title='bbox 3684 2493 3771 2547; x_wconf 82' lang='grc' dir='ltr'>δια-</span> 
     </span>
    </p>
   </div>
   <div class='ocr_carea' id='block_1_54' title="bbox 2220 2578 3769 2658">
    <p class='ocr_par' dir='ltr' id='par_1_54' title="bbox 2220 2578 3769 2658">
     <span class='ocr_line' id='line_1_54' title="bbox 2220 2578 3769 2658; baseline 0.004 -26"><span class='ocrx_word' id='word_1_367' title='bbox 2220 2578 2383 2652; x_wconf 85' lang='grc' dir='ltr'>δοχὴν</span> <span class='ocrx_word' id='word_1_368' title='bbox 2420 2580 2528 2635; x_wconf 86' lang='grc' dir='ltr'>δὲό</span> <span class='ocrx_word' id='word_1_369' title='bbox 2555 2582 2747 2636; x_wconf 89' lang='grc' dir='ltr'>τούτου</span> <span class='ocrx_word' id='word_1_370' title='bbox 2784 2586 2914 2647; x_wconf 79' lang='grc' dir='ltr'>παῖς</span> <span class='ocrx_word' id='word_1_371' title='bbox 2962 2583 3223 2654; x_wconf 60' lang='lat' dir='ltr'><strong>(mea</strong></span> <span class='ocrx_word' id='word_1_372' title='bbox 3260 2581 3328 2658; x_wconf 76' lang='grc' dir='ltr'>ἦν</span> <span class='ocrx_word' id='word_1_373' title='bbox 3371 2587 3547 2658; x_wconf 85' lang='grc' dir='ltr'>τούτῳ</span> <span class='ocrx_word' id='word_1_374' title='bbox 3587 2586 3769 2655; x_wconf 80' lang='grc' dir='ltr'>όνομα),</span> 
     </span>
    </p>
   </div>
   <div class='ocr_carea' id='block_1_55' title="bbox 2230 2673 3771 2749">
    <p class='ocr_par' dir='ltr' id='par_1_55' title="bbox 2230 2673 3771 2749">
     <span class='ocr_line' id='line_1_55' title="bbox 2230 2673 3771 2749; baseline 0.003 -23"><span class='ocrx_word' id='word_1_375' title='bbox 2230 2674 2327 2726; x_wconf 78' lang='grc' dir='ltr'>καὶ</span> <span class='ocrx_word' id='word_1_376' title='bbox 2359 2673 2526 2738; x_wconf 83' lang='grc' dir='ltr'>αὐτὸς</span> <span class='ocrx_word' id='word_1_377' title='bbox 2573 2673 2779 2746; x_wconf 83' lang='grc' dir='ltr'>βιώσας</span> <span class='ocrx_word' id='word_1_378' title='bbox 2830 2675 2925 2747; x_wconf 71' lang='grc' dir='ltr'>ἔτη</span> <span class='ocrx_word' id='word_1_379' title='bbox 2969 2678 3258 2732; x_wconf 74' lang='grc' dir='ltr'>ἐννακόσια</span> <span class='ocrx_word' id='word_1_380' title='bbox 3310 2679 3498 2745; x_wconf 77' lang='grc' dir='ltr'>πέντε,</span> <span class='ocrx_word' id='word_1_381' title='bbox 3545 2677 3771 2749; x_wconf 76' lang='grc' dir='ltr'>ὑπήλλαξε</span> 
     </span>
    </p>
   </div>
   <div class='ocr_carea' id='block_1_56' title="bbox 2229 2766 3769 2843">
    <p class='ocr_par' dir='ltr' id='par_1_56' title="bbox 2229 2766 3769 2843">
     <span class='ocr_line' id='line_1_56' title="bbox 2229 2766 3769 2843; baseline 0.004 -24"><span class='ocrx_word' id='word_1_382' title='bbox 2229 2766 2324 2819; x_wconf 83' lang='grc' dir='ltr'>τὸν</span> <span class='ocrx_word' id='word_1_383' title='bbox 2346 2766 2467 2821; x_wconf 82' lang='grc' dir='ltr'>καθ’</span> <span class='ocrx_word' id='word_1_384' title='bbox 2506 2769 2656 2839; x_wconf 78' lang='grc' dir='ltr'>ἡμᾶς</span> <span class='ocrx_word' id='word_1_385' title='bbox 2685 2767 2821 2839; x_wconf 87' lang='grc' dir='ltr'>βίον,</span> <span class='ocrx_word' id='word_1_386' title='bbox 2848 2771 3119 2841; x_wconf 87' lang='grc' dir='ltr'>γεννήσας</span> <span class='ocrx_word' id='word_1_387' title='bbox 3157 2772 3309 2836; x_wconf 61' lang='lat' dir='ltr'><strong>uicit;</strong></span> <span class='ocrx_word' id='word_1_388' title='bbox 3346 2774 3447 2828; x_wconf 81' lang='grc' dir='ltr'>καὶ</span> <span class='ocrx_word' id='word_1_389' title='bbox 3489 2770 3769 2843; x_wconf 78' lang='grc' dir='ltr'>θυγατέρας,</span> 
     </span>
    </p>
   </div>
   <div class='ocr_carea' id='block_1_57' title="bbox 2232 2857 3352 2936">
    <p class='ocr_par' dir='ltr' id='par_1_57' title="bbox 2232 2857 3352 2936">
     <span class='ocr_line' id='line_1_57' title="bbox 2232 2857 3352 2936; baseline 0.008 -26"><span class='ocrx_word' id='word_1_390' title='bbox 2232 2858 2309 2923; x_wconf 82' lang='grc' dir='ltr'>ὡς</span> <span class='ocrx_word' id='word_1_391' title='bbox 2341 2858 2454 2930; x_wconf 72' lang='grc' dir='ltr'>ἔχει</span> <span class='ocrx_word' id='word_1_392' title='bbox 2486 2863 2519 2931; x_wconf 80' lang='grc' dir='ltr'>ὴ</span> <span class='ocrx_word' id='word_1_393' title='bbox 2559 2863 2698 2932; x_wconf 81' lang='grc' dir='ltr'>αὐτὴ</span> <span class='ocrx_word' id='word_1_394' title='bbox 2727 2861 2907 2932; x_wconf 77' lang='grc' dir='ltr'>βίϐλος</span> <span class='ocrx_word' id='word_1_395' title='bbox 2939 2863 3039 2934; x_wconf 84' lang='grc' dir='ltr'>τῆς</span> <span class='ocrx_word' id='word_1_396' title='bbox 3065 2857 3352 2936; x_wconf 73' lang='grc' dir='ltr'>ἀληθείας.</span> 
     </span>
    </p>
   </div>
   <div class='ocr_carea' id='block_1_58' title="bbox 526 2931 3772 3028">
    <p class='ocr_par' dir='ltr' id='par_1_58' title="bbox 526 2931 3772 3028">
     <span class='ocr_line' id='line_1_58' title="bbox 526 2931 3772 3028; baseline 0.008 -41"><span class='ocrx_word' id='word_1_397' title='bbox 526 2947 598 3028; x_wconf 54' lang='grc' dir='ltr'>οξ</span> <span class='ocrx_word' id='word_1_398' title='bbox 631 2932 734 3028; x_wconf 71' lang='lat' dir='ltr'><strong>hac</strong></span> <span class='ocrx_word' id='word_1_399' title='bbox 774 2931 1197 3028; x_wconf 47' lang='lat' dir='ltr'><strong>vita-discessit,</strong></span> <span class='ocrx_word' id='word_1_400' title='bbox 1222 2931 1502 3028; x_wconf 56' lang='lat' dir='ltr'><strong>uhiISexus</strong></span> <span class='ocrx_word' id='word_1_401' title='bbox 1544 2936 1831 3008; x_wconf 87' lang='lat' dir='ltr'><strong>utriusque</strong></span> <span class='ocrx_word' id='word_1_402' title='bbox 1855 2939 2059 3000; x_wconf 89' lang='lat' dir='ltr'><strong>liberos</strong></span> <span class='ocrx_word' id='word_1_403' title='bbox 2081 2950 2352 3021; x_wconf 85' lang='lat' dir='ltr'><strong>suscepit,</strong></span> <span class='ocrx_word' id='word_1_404' title='bbox 2387 2962 2446 3007; x_wconf 90' lang='lat' dir='ltr'><strong>ut</strong></span> <span class='ocrx_word' id='word_1_405' title='bbox 2476 2931 2694 3011; x_wconf 82' lang='lat' dir='ltr'><strong>divinis</strong></span> <span class='ocrx_word' id='word_1_406' title='bbox 2716 2931 3231 3028; x_wconf 79' lang='lat' dir='ltr'><strong>Litterisproditum</strong></span> <span class='ocrx_word' id='word_1_407' title='bbox 3265 2965 3370 3014; x_wconf 89' lang='lat' dir='ltr'><strong>est.</strong></span> <span class='ocrx_word' id='word_1_408' title='bbox 3410 2957 3673 3014; x_wconf 82' lang='lat' dir='ltr'><strong>Successit</strong></span> <span class='ocrx_word' id='word_1_409' title='bbox 3699 2967 3772 3025; x_wconf 72' lang='lat' dir='ltr'><strong>pa-</strong></span> 
     </span>
    </p>
   </div>
   <div class='ocr_carea' id='block_1_59' title="bbox 526 3022 3772 3120">
    <p class='ocr_par' dir='ltr' id='par_1_59' title="bbox 526 3022 3772 3120">
     <span class='ocr_line' id='line_1_59' title="bbox 526 3022 3772 3120; baseline 0.008 -44"><span class='ocrx_word' id='word_1_410' title='bbox 526 3022 601 3097; x_wconf 53' lang='lat' dir='ltr'><strong>tri</strong></span> <span class='ocrx_word' id='word_1_411' title='bbox 637 3023 800 3120; x_wconf 70' lang='lat' dir='ltr'><strong>ﬁlius,</strong></span> <span class='ocrx_word' id='word_1_412' title='bbox 832 3022 1189 3120; x_wconf 37' lang='grc' dir='ltr'><strong>29ρ-Εηοε</strong></span> <span class='ocrx_word' id='word_1_413' title='bbox 1269 3025 1490 3120; x_wconf 75' lang='lat' dir='ltr'><strong>nomine</strong></span> <span class='ocrx_word' id='word_1_414' title='bbox 1522 3044 1537 3082; x_wconf 88' lang='lat'><strong>:</strong></span> <span class='ocrx_word' id='word_1_415' title='bbox 1574 3028 1668 3120; x_wconf 85' lang='lat' dir='ltr'><strong>qui</strong></span> <span class='ocrx_word' id='word_1_416' title='bbox 1709 3044 1886 3086; x_wconf 87' lang='lat' dir='ltr'><strong>annos</strong></span> <span class='ocrx_word' id='word_1_417' title='bbox 1929 3034 2069 3090; x_wconf 81' lang='lat' dir='ltr'><strong>vixit</strong></span> <span class='ocrx_word' id='word_1_418' title='bbox 2103 3054 2292 3107; x_wconf 89' lang='lat' dir='ltr'><strong>ncccv,</strong></span> <span class='ocrx_word' id='word_1_419' title='bbox 2340 3050 2397 3098; x_wconf 90' lang='lat' dir='ltr'><strong>et</strong></span> <span class='ocrx_word' id='word_1_420' title='bbox 2435 3045 2590 3115; x_wconf 86' lang='lat' dir='ltr'><strong>prole</strong></span> <span class='ocrx_word' id='word_1_421' title='bbox 2643 3059 2809 3104; x_wconf 79' lang='lat' dir='ltr'><strong>sexus</strong></span> <span class='ocrx_word' id='word_1_422' title='bbox 2858 3022 3150 3120; x_wconf 79' lang='lat' dir='ltr'><strong>utriusque</strong></span> <span class='ocrx_word' id='word_1_423' title='bbox 3200 3050 3463 3107; x_wconf 84' lang='lat' dir='ltr'><strong>similiter</strong></span> <span class='ocrx_word' id='word_1_424' title='bbox 3513 3059 3685 3107; x_wconf 85' lang='lat' dir='ltr'><strong>auctus</strong></span> <span class='ocrx_word' id='word_1_425' title='bbox 3700 3022 3772 3102; x_wconf 27' lang='lat' dir='ltr'><strong>vvi-</strong></span> 
     </span>
    </p>
   </div>
   <div class='ocr_carea' id='block_1_60' title="bbox 537 3114 2417 3196">
    <p class='ocr_par' dir='ltr' id='par_1_60' title="bbox 537 3114 2417 3196">
     <span class='ocr_line' id='line_1_60' title="bbox 537 3114 2417 3196; baseline 0.01 -28"><span class='ocrx_word' id='word_1_426' title='bbox 537 3115 699 3170; x_wconf 87' lang='lat' dir='ltr'><strong>vcndi</strong></span> <span class='ocrx_word' id='word_1_427' title='bbox 734 3114 897 3170; x_wconf 87' lang='lat' dir='ltr'><strong>ﬁnem</strong></span> <span class='ocrx_word' id='word_1_428' title='bbox 931 3114 1083 3179; x_wconf 75' lang='lat' dir='ltr'><strong>fecit,</strong></span> <span class='ocrx_word' id='word_1_429' title='bbox 1119 3121 1180 3168; x_wconf 91' lang='lat' dir='ltr'><strong>ut</strong></span> <span class='ocrx_word' id='word_1_430' title='bbox 1209 3115 1400 3173; x_wconf 88' lang='lat' dir='ltr'><strong>eadem</strong></span> <span class='ocrx_word' id='word_1_431' title='bbox 1435 3116 1526 3170; x_wconf 88' lang='lat' dir='ltr'><strong>illa</strong></span> <span class='ocrx_word' id='word_1_432' title='bbox 1559 3118 1845 3176; x_wconf 86' lang='lat' dir='ltr'><strong>verissima</strong></span> <span class='ocrx_word' id='word_1_433' title='bbox 1879 3125 2086 3196; x_wconf 87' lang='lat' dir='ltr'><strong>scripta</strong></span> <span class='ocrx_word' id='word_1_434' title='bbox 2121 3138 2417 3187; x_wconf 82' lang='lat' dir='ltr'><strong>testantur.</strong></span> 
     </span>
    </p>
   </div>
   <div class='ocr_carea' id='block_1_61' title="bbox 598 3208 2121 3307">
    <p class='ocr_par' dir='ltr' id='par_1_61' title="bbox 598 3208 2120 3288">
     <span class='ocr_line' id='line_1_61' title="bbox 598 3208 2120 3288; baseline 0.009 -25"><span class='ocrx_word' id='word_1_435' title='bbox 598 3209 688 3264; x_wconf 82' lang='lat' dir='ltr'><strong>IX.</strong></span> <span class='ocrx_word' id='word_1_436' title='bbox 729 3208 992 3276; x_wconf 67' lang='lat' dir='ltr'><strong>Quaanam</strong></span> <span class='ocrx_word' id='word_1_437' title='bbox 1033 3226 1166 3283; x_wconf 87' lang='lat' dir='ltr'><strong>ergo</strong></span> <span class='ocrx_word' id='word_1_438' title='bbox 1201 3211 1367 3275; x_wconf 67' lang='lat' dir='ltr'><strong>ratio.</strong></span> <span class='ocrx_word' id='word_1_439' title='bbox 1393 3214 1602 3283; x_wconf 88' lang='lat' dir='ltr'><strong>patitur</strong></span> <span class='ocrx_word' id='word_1_440' title='bbox 1652 3215 1885 3272; x_wconf 88' lang='lat' dir='ltr'><strong>Sethum</strong></span> <span class='ocrx_word' id='word_1_441' title='bbox 1932 3219 2120 3288; x_wconf 90' lang='lat' dir='ltr'><strong>istum,</strong></span> 
     </span>
    </p>
   </div>
   <div class='ocr_carea' id='block_1_62' title="bbox 2221 3208 3771 3307">
    <p class='ocr_par' dir='ltr' id='par_1_62' title="bbox 2298 3225 3771 3307">
     <span class='ocr_line' id='line_1_62' title="bbox 2298 3225 3771 3307; baseline 0.005 -27"><span class='ocrx_word' id='word_1_442' title='bbox 2298 3226 2375 3284; x_wconf 75' lang='lat'><strong>6&#39;.</strong></span> <span class='ocrx_word' id='word_1_443' title='bbox 2409 3225 2585 3283; x_wconf 84' lang='grc' dir='ltr'>Πόθεν</span> <span class='ocrx_word' id='word_1_444' title='bbox 2617 3226 2799 3286; x_wconf 86' lang='grc' dir='ltr'>τοίνυν</span> <span class='ocrx_word' id='word_1_445' title='bbox 2827 3232 2855 3285; x_wconf 88' lang='grc' dir='ltr'><strong>ό</strong></span> <span class='ocrx_word' id='word_1_446' title='bbox 2887 3230 3001 3304; x_wconf 78' lang='grc' dir='ltr'><strong>Σὴθ</strong></span> <span class='ocrx_word' id='word_1_447' title='bbox 3032 3233 3060 3285; x_wconf 92' lang='grc' dir='ltr'><strong>ό</strong></span> <span class='ocrx_word' id='word_1_448' title='bbox 3088 3232 3209 3287; x_wconf 88' lang='grc' dir='ltr'>τότε</span> <span class='ocrx_word' id='word_1_449' title='bbox 3238 3233 3593 3307; x_wconf 82' lang='grc' dir='ltr'>τελευτήσας,</span> <span class='ocrx_word' id='word_1_450' title='bbox 3623 3226 3677 3288; x_wconf 78' lang='grc' dir='ltr'><strong>οὗ</strong></span> <span class='ocrx_word' id='word_1_451' title='bbox 3701 3232 3771 3287; x_wconf 63' lang='grc' dir='ltr'>καὶ</span> 
     </span>
    </p>
   </div>
   <div class='ocr_carea' id='block_1_63' title="bbox 525 3300 2125 3383">
    <p class='ocr_par' dir='ltr' id='par_1_63' title="bbox 525 3300 2125 3383">
     <span class='ocr_line' id='line_1_63' title="bbox 525 3300 2125 3383; baseline 0.009 -29"><span class='ocrx_word' id='word_1_452' title='bbox 525 3300 619 3373; x_wconf 90' lang='lat' dir='ltr'><strong>qui</strong></span> <span class='ocrx_word' id='word_1_453' title='bbox 658 3308 711 3356; x_wconf 92' lang='lat' dir='ltr'><strong>et</strong></span> <span class='ocrx_word' id='word_1_454' title='bbox 745 3302 840 3357; x_wconf 91' lang='lat' dir='ltr'><strong>illo</strong></span> <span class='ocrx_word' id='word_1_455' title='bbox 881 3310 1128 3373; x_wconf 82' lang='lat' dir='ltr'><strong>tempore</strong></span> <span class='ocrx_word' id='word_1_456' title='bbox 1174 3314 1428 3360; x_wconf 88' lang='lat' dir='ltr'><strong>mortuus</strong></span> <span class='ocrx_word' id='word_1_457' title='bbox 1456 3312 1560 3373; x_wconf 88' lang='lat' dir='ltr'><strong>est,</strong></span> <span class='ocrx_word' id='word_1_458' title='bbox 1591 3312 1648 3361; x_wconf 90' lang='lat' dir='ltr'><strong>et</strong></span> <span class='ocrx_word' id='word_1_459' title='bbox 1683 3305 1826 3364; x_wconf 85' lang='lat' dir='ltr'><strong>ﬁlios</strong></span> <span class='ocrx_word' id='word_1_460' title='bbox 1864 3311 2125 3383; x_wconf 86' lang='lat' dir='ltr'><strong>reliquit,</strong></span> 
     </span>
    </p>
   </div>
   <div class='ocr_carea' id='block_1_64' title="bbox 525 3394 2126 3467">
    <p class='ocr_par' dir='ltr' id='par_1_64' title="bbox 525 3394 2126 3467">
     <span class='ocr_line' id='line_1_64' title="bbox 525 3394 2126 3467; baseline 0.007 -17"><span class='ocrx_word' id='word_1_461' title='bbox 525 3398 622 3466; x_wconf 89' lang='lat' dir='ltr'><strong>qui</strong></span> <span class='ocrx_word' id='word_1_462' title='bbox 665 3411 826 3451; x_wconf 88' lang='lat' dir='ltr'><strong>suum</strong></span> <span class='ocrx_word' id='word_1_463' title='bbox 857 3410 1075 3465; x_wconf 89' lang='lat' dir='ltr'><strong>quoque</strong></span> <span class='ocrx_word' id='word_1_464' title='bbox 1105 3394 1233 3451; x_wconf 70' lang='lat' dir='ltr'><strong>vitae</strong></span> <span class='ocrx_word' id='word_1_465' title='bbox 1263 3403 1483 3467; x_wconf 89' lang='lat' dir='ltr'><strong>tempus</strong></span> <span class='ocrx_word' id='word_1_466' title='bbox 1526 3396 1808 3465; x_wconf 86' lang='lat' dir='ltr'><strong>obierunt,</strong></span> <span class='ocrx_word' id='word_1_467' title='bbox 1839 3399 2126 3460; x_wconf 87' lang='lat' dir='ltr'><strong>Christum</strong></span> 
     </span>
    </p>
   </div>
   <div class='ocr_carea' id='block_1_65' title="bbox 525 3486 2160 3557">
    <p class='ocr_par' dir='ltr' id='par_1_65' title="bbox 525 3486 2160 3557">
     <span class='ocr_line' id='line_1_65' title="bbox 525 3486 2160 3557; baseline 0.006 -13"><span class='ocrx_word' id='word_1_468' title='bbox 525 3503 651 3544; x_wconf 86' lang='lat' dir='ltr'><strong>esse</strong></span> <span class='ocrx_word' id='word_1_469' title='bbox 684 3486 1001 3550; x_wconf 90' lang='lat' dir='ltr'><strong>Dominum,</strong></span> <span class='ocrx_word' id='word_1_470' title='bbox 1031 3487 1127 3557; x_wconf 89' lang='lat' dir='ltr'><strong>qui</strong></span> <span class='ocrx_word' id='word_1_471' title='bbox 1162 3488 1623 3557; x_wconf 59' lang='lat' dir='ltr'><strong>repraesentanda:</strong></span> <span class='ocrx_word' id='word_1_472' title='bbox 1666 3490 1954 3548; x_wconf 87' lang='lat' dir='ltr'><strong>hominum</strong></span> <span class='ocrx_word' id='word_1_473' title='bbox 2000 3496 2160 3553; x_wconf 77' lang='lat' dir='ltr'><strong>vine&#39;</strong></span> 
     </span>
    </p>
   </div>
   <div class='ocr_carea' id='block_1_66' title="bbox 527 3571 2123 3653">
    <p class='ocr_par' dir='ltr' id='par_1_66' title="bbox 527 3571 2123 3653">
     <span class='ocr_line' id='line_1_66' title="bbox 527 3571 2123 3653; baseline 0.008 -22"><span class='ocrx_word' id='word_1_474' title='bbox 527 3591 594 3631; x_wconf 90' lang='lat' dir='ltr'><strong>ac</strong></span> <span class='ocrx_word' id='word_1_475' title='bbox 649 3571 849 3631; x_wconf 79' lang='lat' dir='ltr'><strong>salutis</strong></span> <span class='ocrx_word' id='word_1_476' title='bbox 892 3574 1169 3631; x_wconf 87' lang='lat' dir='ltr'><strong>desiderio</strong></span> <span class='ocrx_word' id='word_1_477' title='bbox 1204 3575 1272 3631; x_wconf 92' lang='lat' dir='ltr'><strong>de</strong></span> <span class='ocrx_word' id='word_1_478' title='bbox 1299 3573 1529 3648; x_wconf 76' lang='lat' dir='ltr'><strong>Virgine</strong></span> <span class='ocrx_word' id='word_1_479' title='bbox 1586 3578 1661 3634; x_wconf 89' lang='lat' dir='ltr'><strong>sit</strong></span> <span class='ocrx_word' id='word_1_480' title='bbox 1718 3579 1889 3636; x_wconf 82' lang='lat' dir='ltr'><strong>Maria</strong></span> <span class='ocrx_word' id='word_1_481' title='bbox 1933 3592 2123 3653; x_wconf 80' lang='lat' dir='ltr'><strong>natus,</strong></span> 
     </span>
    </p>
   </div>
   <div class='ocr_carea' id='block_1_67' title="bbox 528 3669 2122 3748">
    <p class='ocr_par' dir='ltr' id='par_1_67' title="bbox 528 3669 2122 3748">
     <span class='ocr_line' id='line_1_67' title="bbox 528 3669 2122 3748; baseline 0.007 -23"><span class='ocrx_word' id='word_1_482' title='bbox 528 3685 653 3725; x_wconf 89' lang='lat' dir='ltr'><strong>cum</strong></span> <span class='ocrx_word' id='word_1_483' title='bbox 684 3669 828 3724; x_wconf 87' lang='lat' dir='ltr'><strong>idem</strong></span> <span class='ocrx_word' id='word_1_484' title='bbox 862 3680 990 3725; x_wconf 91' lang='lat' dir='ltr'><strong>ante</strong></span> <span class='ocrx_word' id='word_1_485' title='bbox 1020 3683 1184 3725; x_wconf 90' lang='lat' dir='ltr'><strong>omne</strong></span> <span class='ocrx_word' id='word_1_486' title='bbox 1208 3677 1424 3740; x_wconf 86' lang='lat' dir='ltr'><strong>tempus</strong></span> <span class='ocrx_word' id='word_1_487' title='bbox 1452 3679 1599 3728; x_wconf 89' lang='lat' dir='ltr'><strong>esset</strong></span> <span class='ocrx_word' id='word_1_488' title='bbox 1624 3688 1657 3727; x_wconf 90' lang='lat' dir='ltr'><strong>a</strong></span> <span class='ocrx_word' id='word_1_489' title='bbox 1684 3670 1848 3731; x_wconf 90' lang='lat' dir='ltr'><strong>Patre</strong></span> <span class='ocrx_word' id='word_1_490' title='bbox 1881 3678 2122 3748; x_wconf 81' lang='lat' dir='ltr'><strong>genitus,</strong></span> 
     </span>
    </p>
   </div>
   <div class='ocr_carea' id='block_1_68' title="bbox 528 3760 2126 3844">
    <p class='ocr_par' dir='ltr' id='par_1_68' title="bbox 528 3760 2126 3844">
     <span class='ocr_line' id='line_1_68' title="bbox 528 3760 2126 3844; baseline 0.009 -28"><span class='ocrx_word' id='word_1_491' title='bbox 528 3761 673 3832; x_wconf 90' lang='lat' dir='ltr'><strong>apud</strong></span> <span class='ocrx_word' id='word_1_492' title='bbox 704 3777 866 3832; x_wconf 86' lang='lat' dir='ltr'><strong>quem</strong></span> <span class='ocrx_word' id='word_1_493' title='bbox 898 3771 1161 3832; x_wconf 88' lang='lat' dir='ltr'><strong>perpetuo</strong></span> <span class='ocrx_word' id='word_1_494' title='bbox 1184 3769 1392 3828; x_wconf 89' lang='lat' dir='ltr'><strong>manet,</strong></span> <span class='ocrx_word' id='word_1_495' title='bbox 1423 3760 1569 3820; x_wconf 87' lang='lat' dir='ltr'><strong>Deus</strong></span> <span class='ocrx_word' id='word_1_496' title='bbox 1602 3765 1741 3837; x_wconf 90' lang='lat' dir='ltr'><strong>ipse,</strong></span> <span class='ocrx_word' id='word_1_497' title='bbox 1775 3766 2126 3844; x_wconf 83' lang='lat' dir='ltr'><strong>Verbumque</strong></span> 
     </span>
    </p>
   </div>
   <div class='ocr_carea' id='block_1_69' title="bbox 528 3854 2123 3929">
    <p class='ocr_par' dir='ltr' id='par_1_69' title="bbox 528 3854 2123 3929">
     <span class='ocr_line' id='line_1_69' title="bbox 528 3854 2123 3929; baseline 0.006 -18"><span class='ocrx_word' id='word_1_498' title='bbox 528 3854 880 3911; x_wconf 81' lang='lat' dir='ltr'><strong>subsistens?</strong></span> <span class='ocrx_word' id='word_1_499' title='bbox 937 3854 1042 3922; x_wconf 86' lang='lat' dir='ltr'><strong>Qui</strong></span> <span class='ocrx_word' id='word_1_500' title='bbox 1112 3855 1407 3926; x_wconf 81' lang='lat' dir='ltr'><strong>postremis</strong></span> <span class='ocrx_word' id='word_1_501' title='bbox 1462 3859 1804 3929; x_wconf 85' lang='lat' dir='ltr'><strong>temporibus</strong></span> <span class='ocrx_word' id='word_1_502' title='bbox 1857 3864 2007 3917; x_wconf 91' lang='lat' dir='ltr'><strong>venit</strong></span> <span class='ocrx_word' id='word_1_503' title='bbox 2068 3866 2123 3920; x_wconf 79' lang='lat' dir='ltr'><strong>in</strong></span> 
     </span>
    </p>
   </div>
   <div class='ocr_carea' id='block_1_70' title="bbox 527 3947 2123 4020">
    <p class='ocr_par' dir='ltr' id='par_1_70' title="bbox 527 3947 2123 4020">
     <span class='ocr_line' id='line_1_70' title="bbox 527 3947 2123 4020; baseline 0.007 -19"><span class='ocrx_word' id='word_1_504' title='bbox 527 3947 820 4011; x_wconf 86' lang='lat' dir='ltr'><strong>mundum,</strong></span> <span class='ocrx_word' id='word_1_505' title='bbox 870 3955 927 4004; x_wconf 92' lang='lat' dir='ltr'><strong>et</strong></span> <span class='ocrx_word' id='word_1_506' title='bbox 973 3964 1040 4004; x_wconf 80' lang='lat' dir='ltr'><strong>ex</strong></span> <span class='ocrx_word' id='word_1_507' title='bbox 1088 3947 1332 4020; x_wconf 72' lang='lat' dir='ltr'><strong>Virginis</strong></span> <span class='ocrx_word' id='word_1_508' title='bbox 1382 3948 1574 4008; x_wconf 81' lang='lat' dir='ltr'><strong>Matris</strong></span> <span class='ocrx_word' id='word_1_509' title='bbox 1602 3948 1764 4009; x_wconf 86' lang='lat' dir='ltr'><strong>utero</strong></span> <span class='ocrx_word' id='word_1_510' title='bbox 1797 3953 1976 4010; x_wconf 82' lang='lat' dir='ltr'><strong>eﬁieta</strong></span> <span class='ocrx_word' id='word_1_511' title='bbox 2017 3956 2123 4012; x_wconf 87' lang='lat' dir='ltr'><strong>sibi</strong></span> 
     </span>
    </p>
   </div>
   <div class='ocr_carea' id='block_1_71' title="bbox 527 4040 2124 4114">
    <p class='ocr_par' dir='ltr' id='par_1_71' title="bbox 527 4040 2124 4114">
     <span class='ocr_line' id='line_1_71' title="bbox 527 4040 2124 4114; baseline 0.008 -23"><span class='ocrx_word' id='word_1_512' title='bbox 527 4052 696 4095; x_wconf 87' lang='lat' dir='ltr'><strong>carne</strong></span> <span class='ocrx_word' id='word_1_513' title='bbox 720 4048 887 4110; x_wconf 86' lang='lat' dir='ltr'><strong>atque</strong></span> <span class='ocrx_word' id='word_1_514' title='bbox 909 4040 1246 4096; x_wconf 76' lang='lat' dir='ltr'><strong>circumfusa</strong></span> <span class='ocrx_word' id='word_1_515' title='bbox 1263 4082 1277 4106; x_wconf 98' lang='lat'><strong>,</strong></span> <span class='ocrx_word' id='word_1_516' title='bbox 1307 4049 1424 4098; x_wconf 90' lang='lat' dir='ltr'><strong>tum</strong></span> <span class='ocrx_word' id='word_1_517' title='bbox 1446 4053 1732 4114; x_wconf 84' lang='lat' dir='ltr'><strong>assumpta</strong></span> <span class='ocrx_word' id='word_1_518' title='bbox 1751 4047 1919 4102; x_wconf 90' lang='lat' dir='ltr'><strong>simul</strong></span> <span class='ocrx_word' id='word_1_519' title='bbox 1940 4048 2124 4103; x_wconf 86' lang='lat' dir='ltr'><strong>anima</strong></span> 
     </span>
    </p>
   </div>
   <div class='ocr_carea' id='block_1_72' title="bbox 526 4132 2124 4197">
    <p class='ocr_par' dir='ltr' id='par_1_72' title="bbox 526 4132 2124 4197">
     <span class='ocr_line' id='line_1_72' title="bbox 526 4132 2124 4197; baseline 0.006 -10"><span class='ocrx_word' id='word_1_520' title='bbox 526 4132 772 4188; x_wconf 89' lang='lat' dir='ltr'><strong>numeris</strong></span> <span class='ocrx_word' id='word_1_521' title='bbox 799 4134 1056 4191; x_wconf 87' lang='lat' dir='ltr'><strong>omnibus</strong></span> <span class='ocrx_word' id='word_1_522' title='bbox 1092 4135 1380 4192; x_wconf 85' lang='lat' dir='ltr'><strong>absolutus</strong></span> <span class='ocrx_word' id='word_1_523' title='bbox 1416 4135 1580 4194; x_wconf 87' lang='lat' dir='ltr'><strong>homo</strong></span> <span class='ocrx_word' id='word_1_524' title='bbox 1612 4136 1792 4194; x_wconf 82' lang='lat' dir='ltr'><strong>factus</strong></span> <span class='ocrx_word' id='word_1_525' title='bbox 1823 4148 1926 4196; x_wconf 88' lang='lat' dir='ltr'><strong>est.</strong></span> <span class='ocrx_word' id='word_1_526' title='bbox 1962 4139 2124 4197; x_wconf 85' lang='lat' dir='ltr'><strong>Post-</strong></span> 
     </span>
    </p>
   </div>
   <div class='ocr_carea' id='block_1_73' title="bbox 524 4228 2119 4303">
    <p class='ocr_par' dir='ltr' id='par_1_73' title="bbox 524 4228 2119 4303">
     <span class='ocr_line' id='line_1_73' title="bbox 524 4228 2119 4303; baseline 0.008 -23"><span class='ocrx_word' id='word_1_527' title='bbox 524 4239 591 4280; x_wconf 87' lang='lat' dir='ltr'><strong>ea</strong></span> <span class='ocrx_word' id='word_1_528' title='bbox 641 4240 774 4282; x_wconf 86' lang='lat' dir='ltr'><strong>vero</strong></span> <span class='ocrx_word' id='word_1_529' title='bbox 821 4243 985 4298; x_wconf 91' lang='lat' dir='ltr'><strong>quam</strong></span> <span class='ocrx_word' id='word_1_530' title='bbox 1031 4228 1158 4284; x_wconf 78' lang='lat' dir='ltr'><strong>vita:</strong></span> <span class='ocrx_word' id='word_1_531' title='bbox 1201 4229 1362 4286; x_wconf 88' lang='lat' dir='ltr'><strong>nobis</strong></span> <span class='ocrx_word' id='word_1_532' title='bbox 1409 4232 1673 4302; x_wconf 83' lang='lat' dir='ltr'><strong>mysteria</strong></span> <span class='ocrx_word' id='word_1_533' title='bbox 1732 4235 2119 4303; x_wconf 56' lang='lat' dir='ltr'><strong>praedicasset;</strong></span> 
     </span>
    </p>
   </div>
   <div class='ocr_carea' id='block_1_74' title="bbox 524 4315 2117 4393">
    <p class='ocr_par' dir='ltr' id='par_1_74' title="bbox 524 4315 2117 4393">
     <span class='ocr_line' id='line_1_74' title="bbox 524 4315 2117 4393; baseline 0.009 -23"><span class='ocrx_word' id='word_1_534' title='bbox 524 4315 756 4386; x_wconf 83' lang='lat' dir='ltr'><strong>justitiae</strong></span> <span class='ocrx_word' id='word_1_535' title='bbox 788 4317 847 4373; x_wconf 86' lang='lat' dir='ltr'><strong>in</strong></span> <span class='ocrx_word' id='word_1_536' title='bbox 876 4318 1090 4390; x_wconf 87' lang='lat' dir='ltr'><strong>agendo</strong></span> <span class='ocrx_word' id='word_1_537' title='bbox 1136 4321 1381 4378; x_wconf 88' lang='lat' dir='ltr'><strong>cultores</strong></span> <span class='ocrx_word' id='word_1_538' title='bbox 1425 4321 1732 4393; x_wconf 87' lang='lat' dir='ltr'><strong>discipulos</strong></span> <span class='ocrx_word' id='word_1_539' title='bbox 1782 4327 2072 4383; x_wconf 86' lang='lat' dir='ltr'><strong>constituit</strong></span> <span class='ocrx_word' id='word_1_540' title='bbox 2103 4347 2117 4384; x_wconf 93' lang='lat'><strong>:</strong></span> 
     </span>
    </p>
   </div>
   <div class='ocr_carea' id='block_1_75' title="bbox 528 4410 2122 4486">
    <p class='ocr_par' dir='ltr' id='par_1_75' title="bbox 528 4410 2122 4486">
     <span class='ocr_line' id='line_1_75' title="bbox 528 4410 2122 4486; baseline 0.006 -25"><span class='ocrx_word' id='word_1_541' title='bbox 528 4421 595 4461; x_wconf 91' lang='lat' dir='ltr'><strong>ac</strong></span> <span class='ocrx_word' id='word_1_542' title='bbox 623 4418 734 4462; x_wconf 91' lang='lat' dir='ltr'><strong>tum</strong></span> <span class='ocrx_word' id='word_1_543' title='bbox 764 4424 863 4478; x_wconf 84' lang='lat' dir='ltr'><strong>per</strong></span> <span class='ocrx_word' id='word_1_544' title='bbox 895 4424 1040 4470; x_wconf 84' lang='lat' dir='ltr'><strong>sese.</strong></span> <span class='ocrx_word' id='word_1_545' title='bbox 1067 4419 1185 4465; x_wconf 91' lang='lat' dir='ltr'><strong>tum</strong></span> <span class='ocrx_word' id='word_1_546' title='bbox 1216 4426 1315 4480; x_wconf 89' lang='lat' dir='ltr'><strong>per</strong></span> <span class='ocrx_word' id='word_1_547' title='bbox 1344 4410 1468 4475; x_wconf 86' lang='lat' dir='ltr'><strong>illos</strong></span> <span class='ocrx_word' id='word_1_548' title='bbox 1498 4413 1799 4469; x_wconf 86' lang='lat' dir='ltr'><strong>humanum</strong></span> <span class='ocrx_word' id='word_1_549' title='bbox 1828 4431 2005 4486; x_wconf 86' lang='lat' dir='ltr'><strong>genus</strong></span> <span class='ocrx_word' id='word_1_550' title='bbox 2036 4416 2122 4472; x_wconf 90' lang='lat' dir='ltr'><strong>di-</strong></span> 
     </span>
    </p>
   </div>
   <div class='ocr_carea' id='block_1_76' title="bbox 526 4498 2121 4576">
    <p class='ocr_par' dir='ltr' id='par_1_76' title="bbox 526 4498 2121 4576">
     <span class='ocr_line' id='line_1_76' title="bbox 526 4498 2121 4576; baseline 0.005 -21"><span class='ocrx_word' id='word_1_551' title='bbox 526 4498 771 4568; x_wconf 76' lang='lat' dir='ltr'><strong>sciplinze</strong></span> <span class='ocrx_word' id='word_1_552' title='bbox 804 4515 918 4555; x_wconf 86' lang='lat' dir='ltr'><strong>suae</strong></span> <span class='ocrx_word' id='word_1_553' title='bbox 949 4500 1303 4557; x_wconf 87' lang='lat' dir='ltr'><strong>documentis</strong></span> <span class='ocrx_word' id='word_1_554' title='bbox 1331 4501 1554 4560; x_wconf 85' lang='lat' dir='ltr'><strong>erudiit.</strong></span> <span class='ocrx_word' id='word_1_555' title='bbox 1593 4503 1782 4576; x_wconf 87' lang='lat' dir='ltr'><strong>Neque</strong></span> <span class='ocrx_word' id='word_1_556' title='bbox 1809 4513 1994 4563; x_wconf 86' lang='lat' dir='ltr'><strong>tamen</strong></span> <span class='ocrx_word' id='word_1_557' title='bbox 2024 4516 2121 4563; x_wconf 80' lang='lat' dir='ltr'><strong>aut</strong></span> 
     </span>
    </p>
   </div>
   <div class='ocr_carea' id='block_1_77' title="bbox 2228 3320 3768 3398">
    <p class='ocr_par' dir='ltr' id='par_1_77' title="bbox 2228 3320 3768 3398">
     <span class='ocr_line' id='line_1_77' title="bbox 2228 3320 3768 3398; baseline 0.004 -26"><span class='ocrx_word' id='word_1_558' title='bbox 2228 3320 2336 3373; x_wconf 72' lang='grc' dir='ltr'>υἱοὶ</span> <span class='ocrx_word' id='word_1_559' title='bbox 2377 3321 2522 3375; x_wconf 84' lang='grc' dir='ltr'>κατὰ</span> <span class='ocrx_word' id='word_1_560' title='bbox 2560 3322 2815 3394; x_wconf 81' lang='grc' dir='ltr'>διαδοχὴν</span> <span class='ocrx_word' id='word_1_561' title='bbox 2857 3324 3158 3395; x_wconf 86' lang='grc' dir='ltr'>βιώσαντες</span> <span class='ocrx_word' id='word_1_562' title='bbox 3189 3325 3283 3379; x_wconf 85' lang='grc' dir='ltr'><strong>τοῦ</strong></span> <span class='ocrx_word' id='word_1_563' title='bbox 3335 3326 3458 3398; x_wconf 82' lang='grc' dir='ltr'>βίου</span> <span class='ocrx_word' id='word_1_564' title='bbox 3489 3326 3768 3388; x_wconf 72' lang='grc' dir='ltr'>ἐπαύσαντο,</span> 
     </span>
    </p>
   </div>
   <div class='ocr_carea' id='block_1_78' title="bbox 2229 3413 3769 3491">
    <p class='ocr_par' dir='ltr' id='par_1_78' title="bbox 2229 3413 3769 3491">
     <span class='ocr_line' id='line_1_78' title="bbox 2229 3413 3769 3491; baseline 0.01 -26"><span class='ocrx_word' id='word_1_565' title='bbox 2229 3413 2587 3484; x_wconf 81' lang='grc' dir='ltr'>εὑρεθήσεται</span> <span class='ocrx_word' id='word_1_566' title='bbox 2639 3414 2847 3487; x_wconf 82' lang='grc' dir='ltr'>Κύριος</span> <span class='ocrx_word' id='word_1_567' title='bbox 2897 3417 2927 3470; x_wconf 88' lang='grc' dir='ltr'><strong>ό</strong></span> <span class='ocrx_word' id='word_1_568' title='bbox 2972 3418 3081 3471; x_wconf 76' lang='grc' dir='ltr'>ἀπὺ</span> <span class='ocrx_word' id='word_1_569' title='bbox 3124 3419 3344 3489; x_wconf 84' lang='grc' dir='ltr'>Μαρίας</span> <span class='ocrx_word' id='word_1_570' title='bbox 3385 3419 3653 3491; x_wconf 81' lang='grc' dir='ltr'>γεννηθεὶς</span> <span class='ocrx_word' id='word_1_571' title='bbox 3694 3417 3769 3488; x_wconf 78' lang='grc' dir='ltr'><strong>τῆς</strong></span> 
     </span>
    </p>
   </div>
   <div class='ocr_carea' id='block_1_79' title="bbox 2228 3504 3769 3585">
    <p class='ocr_par' dir='ltr' id='par_1_79' title="bbox 2228 3504 3769 3585">
     <span class='ocr_line' id='line_1_79' title="bbox 2228 3504 3769 3585; baseline 0.002 -26"><span class='ocrx_word' id='word_1_572' title='bbox 2228 3504 2593 3578; x_wconf 80' lang='grc' dir='ltr'>ἀειπαρθένου</span> <span class='ocrx_word' id='word_1_573' title='bbox 2613 3546 2628 3572; x_wconf 94' lang='grc'><strong>,</strong></span> <span class='ocrx_word' id='word_1_574' title='bbox 2667 3507 2973 3578; x_wconf 84' lang='grc' dir='ltr'>εὐδοκήσας</span> <span class='ocrx_word' id='word_1_575' title='bbox 3014 3510 3110 3563; x_wconf 78' lang='grc' dir='ltr'><strong>ἐπὶ</strong></span> <span class='ocrx_word' id='word_1_576' title='bbox 3143 3512 3255 3583; x_wconf 78' lang='grc' dir='ltr'>ζωῇ</span> <span class='ocrx_word' id='word_1_577' title='bbox 3290 3510 3407 3566; x_wconf 87' lang='grc' dir='ltr'><strong>τῶν</strong></span> <span class='ocrx_word' id='word_1_578' title='bbox 3439 3512 3769 3585; x_wconf 79' lang='grc' dir='ltr'>ἀνθρώπων,ὀ</span> 
     </span>
    </p>
   </div>
   <div class='ocr_carea' id='block_1_80' title="bbox 2227 3596 3767 3679">
    <p class='ocr_par' dir='ltr' id='par_1_80' title="bbox 2227 3596 3767 3679">
     <span class='ocr_line' id='line_1_80' title="bbox 2227 3596 3767 3679; baseline 0.005 -30"><span class='ocrx_word' id='word_1_579' title='bbox 2227 3596 2512 3668; x_wconf 79' lang='grc' dir='ltr'>γεννηθεὶς</span> <span class='ocrx_word' id='word_1_580' title='bbox 2544 3599 2813 3671; x_wconf 75' lang='grc' dir='ltr'>ἀχρόνους,</span> <span class='ocrx_word' id='word_1_581' title='bbox 2844 3602 2874 3654; x_wconf 92' lang='grc' dir='ltr'><strong>ό</strong></span> <span class='ocrx_word' id='word_1_582' title='bbox 2904 3600 2981 3654; x_wconf 81' lang='grc' dir='ltr'>ὢν</span> <span class='ocrx_word' id='word_1_583' title='bbox 3027 3602 3166 3674; x_wconf 86' lang='grc' dir='ltr'>πρὸς</span> <span class='ocrx_word' id='word_1_584' title='bbox 3197 3603 3292 3658; x_wconf 86' lang='grc' dir='ltr'><strong>τόν</strong></span> <span class='ocrx_word' id='word_1_585' title='bbox 3327 3605 3553 3679; x_wconf 82' lang='grc' dir='ltr'>Πατέρα</span> <span class='ocrx_word' id='word_1_586' title='bbox 3579 3606 3674 3671; x_wconf 74' lang='grc' dir='ltr'>ἀεὶ,</span> <span class='ocrx_word' id='word_1_587' title='bbox 3703 3607 3767 3657; x_wconf 86' lang='grc' dir='ltr'>ἐν·</span> 
     </span>
    </p>
   </div>
   <div class='ocr_carea' id='block_1_81' title="bbox 2228 3690 3767 3771">
    <p class='ocr_par' dir='ltr' id='par_1_81' title="bbox 2228 3690 3767 3771">
     <span class='ocr_line' id='line_1_81' title="bbox 2228 3690 3767 3771; baseline 0.005 -29"><span class='ocrx_word' id='word_1_588' title='bbox 2228 3690 2533 3755; x_wconf 83' lang='grc' dir='ltr'>υπόστατος</span> <span class='ocrx_word' id='word_1_589' title='bbox 2573 3691 2707 3755; x_wconf 83' lang='grc' dir='ltr'>Θεὸς</span> <span class='ocrx_word' id='word_1_590' title='bbox 2742 3692 2918 3761; x_wconf 81' lang='grc' dir='ltr'>Λόγος</span> <span class='ocrx_word' id='word_1_591' title='bbox 2938 3733 2952 3758; x_wconf 93' lang='grc'><strong>,</strong></span> <span class='ocrx_word' id='word_1_592' title='bbox 2988 3694 3160 3750; x_wconf 84' lang='grc' dir='ltr'>ἐλθὼν</span> <span class='ocrx_word' id='word_1_593' title='bbox 3207 3695 3264 3749; x_wconf 78' lang='grc' dir='ltr'>δὲ</span> <span class='ocrx_word' id='word_1_594' title='bbox 3313 3698 3406 3750; x_wconf 85' lang='grc' dir='ltr'><strong>ἐπ’</strong></span> <span class='ocrx_word' id='word_1_595' title='bbox 3441 3700 3651 3771; x_wconf 74' lang='grc' dir='ltr'>ἐσχάτω</span> <span class='ocrx_word' id='word_1_596' title='bbox 3687 3694 3767 3750; x_wconf 79' lang='grc' dir='ltr'><strong>τῶν</strong></span> 
     </span>
    </p>
   </div>
   <div class='ocr_carea' id='block_1_82' title="bbox 2227 3780 3767 3864">
    <p class='ocr_par' dir='ltr' id='par_1_82' title="bbox 2227 3780 3767 3864">
     <span class='ocr_line' id='line_1_82' title="bbox 2227 3780 3767 3864; baseline 0.006 -30"><span class='ocrx_word' id='word_1_597' title='bbox 2227 3780 2482 3854; x_wconf 76' lang='grc' dir='ltr'>ἡμερῶν,</span> <span class='ocrx_word' id='word_1_598' title='bbox 2542 3785 2639 3837; x_wconf 75' lang='grc' dir='ltr'>καὶ</span> <span class='ocrx_word' id='word_1_599' title='bbox 2693 3786 2774 3850; x_wconf 89' lang='grc' dir='ltr'><strong>είς</strong></span> <span class='ocrx_word' id='word_1_600' title='bbox 2833 3785 3026 3841; x_wconf 77' lang='grc' dir='ltr'>ἑαυτὸν</span> <span class='ocrx_word' id='word_1_601' title='bbox 3073 3787 3132 3841; x_wconf 79' lang='grc' dir='ltr'>δὲ</span> <span class='ocrx_word' id='word_1_602' title='bbox 3199 3789 3646 3864; x_wconf 78' lang='grc' dir='ltr'>ἁναπλασάμενος</span> <span class='ocrx_word' id='word_1_603' title='bbox 3687 3788 3767 3844; x_wconf 76' lang='grc' dir='ltr'><strong>ἀπὸ</strong></span> 
     </span>
    </p>
   </div>
   <div class='ocr_carea' id='block_1_83' title="bbox 2230 3875 3765 3957">
    <p class='ocr_par' dir='ltr' id='par_1_83' title="bbox 2230 3875 3765 3957">
     <span class='ocr_line' id='line_1_83' title="bbox 2230 3875 3765 3957; baseline 0.008 -32"><span class='ocrx_word' id='word_1_604' title='bbox 2230 3876 2442 3945; x_wconf 86' lang='grc' dir='ltr'>μήτρας</span> <span class='ocrx_word' id='word_1_605' title='bbox 2479 3875 2824 3949; x_wconf 86' lang='grc' dir='ltr'>παρθενικῆς</span> <span class='ocrx_word' id='word_1_606' title='bbox 2878 3878 3081 3951; x_wconf 85' lang='grc' dir='ltr'>σάρκα,</span> <span class='ocrx_word' id='word_1_607' title='bbox 3107 3880 3203 3934; x_wconf 70' lang='grc' dir='ltr'>καὶ</span> <span class='ocrx_word' id='word_1_608' title='bbox 3247 3881 3431 3957; x_wconf 80' lang='grc' dir='ltr'>ψυχὴν</span> <span class='ocrx_word' id='word_1_609' title='bbox 3475 3885 3570 3956; x_wconf 83' lang='grc' dir='ltr'><strong>τήν</strong></span> <span class='ocrx_word' id='word_1_610' title='bbox 3599 3882 3765 3955; x_wconf 80' lang='grc' dir='ltr'>ἀνθρω-</span> 
     </span>
    </p>
   </div>
   <div class='ocr_carea' id='block_1_84' title="bbox 2224 3966 3765 4049">
    <p class='ocr_par' dir='ltr' id='par_1_84' title="bbox 2224 3966 3765 4049">
     <span class='ocr_line' id='line_1_84' title="bbox 2224 3966 3765 4049; baseline 0.009 -32"><span class='ocrx_word' id='word_1_611' title='bbox 2224 3966 2388 4021; x_wconf 84' lang='grc' dir='ltr'>πείαν</span> <span class='ocrx_word' id='word_1_612' title='bbox 2420 3966 2681 4038; x_wconf 85' lang='grc' dir='ltr'>είληφὼς,</span> <span class='ocrx_word' id='word_1_613' title='bbox 2715 3968 2893 4034; x_wconf 77' lang='grc' dir='ltr'>οὕτως</span> <span class='ocrx_word' id='word_1_614' title='bbox 2923 3972 3315 4049; x_wconf 85' lang='grc' dir='ltr'>ἐνηνθρώπησε</span> <span class='ocrx_word' id='word_1_615' title='bbox 3345 3977 3666 4040; x_wconf 82' lang='grc' dir='ltr'>τελειότατα,</span> <span class='ocrx_word' id='word_1_616' title='bbox 3690 3989 3765 4041; x_wconf 83' lang='grc' dir='ltr'>κη-</span> 
     </span>
    </p>
   </div>
   <div class='ocr_carea' id='block_1_85' title="bbox 2198 4059 3766 4142">
    <p class='ocr_par' dir='ltr' id='par_1_85' title="bbox 2198 4059 3766 4142">
     <span class='ocr_line' id='line_1_85' title="bbox 2198 4059 3766 4142; baseline 0.005 -30"><span class='ocrx_word' id='word_1_617' title='bbox 2198 4059 2395 4131; x_wconf 56' lang='grc' dir='ltr'>νρύξας</span> <span class='ocrx_word' id='word_1_618' title='bbox 2424 4063 2558 4132; x_wconf 80' lang='grc' dir='ltr'><strong>ήμίν</strong></span> <span class='ocrx_word' id='word_1_619' title='bbox 2586 4060 2833 4134; x_wconf 53' lang='grc' dir='ltr'>ζωῆςιτὰ</span> <span class='ocrx_word' id='word_1_620' title='bbox 2866 4067 3163 4139; x_wconf 84' lang='grc' dir='ltr'>μυστήρια,</span> <span class='ocrx_word' id='word_1_621' title='bbox 3194 4068 3545 4142; x_wconf 77' lang='grc' dir='ltr'>δικαιοσύνης</span> <span class='ocrx_word' id='word_1_622' title='bbox 3560 4087 3617 4125; x_wconf 90' lang='grc' dir='ltr'><strong>τε</strong></span> <span class='ocrx_word' id='word_1_623' title='bbox 3639 4066 3766 4141; x_wconf 81' lang='grc' dir='ltr'>ἐργά-</span> 
     </span>
    </p>
   </div>
   <div class='ocr_carea' id='block_1_86' title="bbox 2198 4154 3763 4234">
    <p class='ocr_par' dir='ltr' id='par_1_86' title="bbox 2198 4154 3763 4234">
     <span class='ocr_line' id='line_1_86' title="bbox 2198 4154 3763 4234; baseline 0.002 -29"><span class='ocrx_word' id='word_1_624' title='bbox 2198 4168 2323 4218; x_wconf 71' lang='grc' dir='ltr'>’τας</span> <span class='ocrx_word' id='word_1_625' title='bbox 2354 4154 2483 4218; x_wconf 82' lang='grc' dir='ltr'>τοὺς</span> <span class='ocrx_word' id='word_1_626' title='bbox 2510 4155 2678 4209; x_wconf 77' lang='grc' dir='ltr'>αὐτοῦ</span> <span class='ocrx_word' id='word_1_627' title='bbox 2708 4155 2957 4229; x_wconf 81' lang='grc' dir='ltr'>μαθητὰς</span> <span class='ocrx_word' id='word_1_628' title='bbox 2991 4162 3366 4232; x_wconf 87' lang='grc' dir='ltr'>καταστήσας,</span> <span class='ocrx_word' id='word_1_629' title='bbox 3398 4163 3494 4217; x_wconf 81' lang='grc' dir='ltr'>καὶ</span> <span class='ocrx_word' id='word_1_630' title='bbox 3524 4161 3614 4234; x_wconf 80' lang='grc' dir='ltr'><strong>τήν</strong></span> <span class='ocrx_word' id='word_1_631' title='bbox 3636 4154 3763 4214; x_wconf 83' lang='grc' dir='ltr'>αὑτοῦ</span> 
     </span>
    </p>
   </div>
   <div class='ocr_carea' id='block_1_87' title="bbox 2221 4244 3765 4310">
    <p class='ocr_par' dir='ltr' id='par_1_87' title="bbox 2221 4244 3765 4310">
     <span class='ocr_line' id='line_1_87' title="bbox 2221 4244 3765 4310; baseline 0.006 -10"><span class='ocrx_word' id='word_1_632' title='bbox 2221 4244 2576 4301; x_wconf 84' lang='grc' dir='ltr'>διδασκαλίαν</span> <span class='ocrx_word' id='word_1_633' title='bbox 2620 4247 2689 4301; x_wconf 87' lang='grc' dir='ltr'><strong>δι’</strong></span> <span class='ocrx_word' id='word_1_634' title='bbox 2730 4251 2922 4304; x_wconf 78' lang='grc' dir='ltr'>ἑαυτοῦ</span> <span class='ocrx_word' id='word_1_635' title='bbox 2960 4269 3019 4306; x_wconf 84' lang='grc' dir='ltr'><strong>τε</strong></span> <span class='ocrx_word' id='word_1_636' title='bbox 3053 4254 3147 4307; x_wconf 70' lang='grc' dir='ltr'><strong>κα)⁵</strong></span> <span class='ocrx_word' id='word_1_637' title='bbox 3178 4254 3247 4308; x_wconf 88' lang='grc' dir='ltr'><strong>δι’</strong></span> <span class='ocrx_word' id='word_1_638' title='bbox 3293 4254 3475 4310; x_wconf 79' lang='grc' dir='ltr'>αὐτῶν</span> <span class='ocrx_word' id='word_1_639' title='bbox 3517 4250 3765 4310; x_wconf 77' lang='grc' dir='ltr'>παιδεύσας</span> 
     </span>
    </p>
   </div>
   <div class='ocr_carea' id='block_1_88' title="bbox 2219 4337 3762 4421">
    <p class='ocr_par' dir='ltr' id='par_1_88' title="bbox 2219 4337 3762 4421">
     <span class='ocr_line' id='line_1_88' title="bbox 2219 4337 3762 4421; baseline 0.006 -32"><span class='ocrx_word' id='word_1_640' title='bbox 2219 4337 2287 4390; x_wconf 81' lang='grc' dir='ltr'>τὸ</span> <span class='ocrx_word' id='word_1_641' title='bbox 2317 4337 2473 4406; x_wconf 82' lang='grc' dir='ltr'>γένος</span> <span class='ocrx_word' id='word_1_642' title='bbox 2506 4339 2616 4393; x_wconf 87' lang='grc' dir='ltr'><strong>τῶν</strong></span> <span class='ocrx_word' id='word_1_643' title='bbox 2645 4341 2984 4414; x_wconf 82' lang='grc' dir='ltr'>ἀνθρώπων;</span> <span class='ocrx_word' id='word_1_644' title='bbox 3011 4345 3075 4399; x_wconf 84' lang='grc' dir='ltr'>οὺ</span> <span class='ocrx_word' id='word_1_645' title='bbox 3109 4344 3180 4400; x_wconf 82' lang='grc' dir='ltr'>τὰ</span> <span class='ocrx_word' id='word_1_646' title='bbox 3214 4347 3326 4402; x_wconf 88' lang='grc' dir='ltr'><strong>τῶν</strong></span> <span class='ocrx_word' id='word_1_647' title='bbox 3358 4347 3631 4421; x_wconf 88' lang='grc' dir='ltr'>Σηθιανῶν</span> <span class='ocrx_word' id='word_1_648' title='bbox 3659 4345 3762 4398; x_wconf 78' lang='grc' dir='ltr'>ἀπο·</span> 
     </span>
    </p>
   </div>
   <div class='ocr_carea' id='block_1_89' title="bbox 2222 4427 3759 4510">
    <p class='ocr_par' dir='ltr' id='par_1_89' title="bbox 2222 4427 3759 4510">
     <span class='ocr_line' id='line_1_89' title="bbox 2222 4427 3759 4510; baseline 0.008 -29"><span class='ocrx_word' id='word_1_649' title='bbox 2222 4427 2468 4499; x_wconf 82' lang='grc' dir='ltr'>καλύψας</span> <span class='ocrx_word' id='word_1_650' title='bbox 2490 4470 2505 4494; x_wconf 92' lang='grc'><strong>,</strong></span> <span class='ocrx_word' id='word_1_651' title='bbox 2543 4432 2666 4486; x_wconf 85' lang='grc' dir='ltr'><strong>ούδέ</strong></span> <span class='ocrx_word' id='word_1_652' title='bbox 2700 4433 2811 4505; x_wconf 82' lang='grc' dir='ltr'><strong>Σὴθ</strong></span> <span class='ocrx_word' id='word_1_653' title='bbox 2845 4435 3038 4490; x_wconf 81' lang='grc' dir='ltr'>ἑαυτὸν</span> <span class='ocrx_word' id='word_1_654' title='bbox 3088 4437 3396 4510; x_wconf 76' lang='grc' dir='ltr'>ὀνομάσαςο</span> <span class='ocrx_word' id='word_1_655' title='bbox 3426 4439 3502 4504; x_wconf 82' lang='grc' dir='ltr'>ὡς</span> <span class='ocrx_word' id='word_1_656' title='bbox 3529 4431 3661 4492; x_wconf 78' lang='grc' dir='ltr'>οὗτοι</span> <span class='ocrx_word' id='word_1_657' title='bbox 3685 4434 3759 4502; x_wconf 82' lang='grc' dir='ltr'>λη·</span> 
     </span>
    </p>
   </div>
   <div class='ocr_carea' id='block_1_90' title="bbox 2225 4520 3757 4601">
    <p class='ocr_par' dir='ltr' id='par_1_90' title="bbox 2225 4520 3757 4601">
     <span class='ocr_line' id='line_1_90' title="bbox 2225 4520 3757 4601; baseline 0.005 -28"><span class='ocrx_word' id='word_1_658' title='bbox 2225 4520 2465 4590; x_wconf 85' lang='grc' dir='ltr'>ροῦντες,</span> <span class='ocrx_word' id='word_1_659' title='bbox 2506 4523 2601 4575; x_wconf 73' lang='grc' dir='ltr'>καὶ</span> <span class='ocrx_word' id='word_1_660' title='bbox 2645 4524 2785 4596; x_wconf 82' lang='grc' dir='ltr'>μέθῃ</span> <span class='ocrx_word' id='word_1_661' title='bbox 2820 4525 2930 4579; x_wconf 75' lang='grc' dir='ltr'>τινὶ</span> <span class='ocrx_word' id='word_1_662' title='bbox 2968 4527 3347 4601; x_wconf 86' lang='grc' dir='ltr'>συνεχόμενοι,</span> <span class='ocrx_word' id='word_1_663' title='bbox 3389 4527 3500 4583; x_wconf 82' lang='grc' dir='ltr'><strong>ἀπὸ</strong></span> <span class='ocrx_word' id='word_1_664' title='bbox 3535 4529 3626 4601; x_wconf 80' lang='grc' dir='ltr'>τῆς</span> <span class='ocrx_word' id='word_1_665' title='bbox 3656 4525 3757 4595; x_wconf 76' lang='grc' dir='ltr'>ἀλη-</span> 
     </span>
    </p>
   </div>
   <div class='ocr_carea' id='block_1_91' title="bbox 528 4586 2813 4678">
    <p class='ocr_par' dir='ltr' id='par_1_91' title="bbox 528 4586 2813 4678">
     <span class='ocr_line' id='line_1_91' title="bbox 528 4586 2813 4678; baseline 0.009 -34"><span class='ocrx_word' id='word_1_666' title='bbox 528 4586 918 4645; x_wconf 81' lang='lat' dir='ltr'><strong>Sethianorum</strong></span> <span class='ocrx_word' id='word_1_667' title='bbox 961 4591 1057 4646; x_wconf 88' lang='lat' dir='ltr'><strong>illa</strong></span> <span class='ocrx_word' id='word_1_668' title='bbox 1107 4592 1363 4663; x_wconf 87' lang='lat' dir='ltr'><strong>dogmata</strong></span> <span class='ocrx_word' id='word_1_669' title='bbox 1412 4594 1662 4661; x_wconf 88' lang='lat' dir='ltr'><strong>tradidit,</strong></span> <span class='ocrx_word' id='word_1_670' title='bbox 1714 4608 1813 4652; x_wconf 84' lang='lat' dir='ltr'><strong>aut</strong></span> <span class='ocrx_word' id='word_1_671' title='bbox 1865 4599 1972 4656; x_wconf 89' lang='lat' dir='ltr'><strong>sibi</strong></span> <span class='ocrx_word' id='word_1_672' title='bbox 2011 4600 2118 4671; x_wconf 85' lang='lat' dir='ltr'><strong>ipsi</strong></span> <span class='ocrx_word' id='word_1_673' title='bbox 2147 4586 2373 4678; x_wconf 72' lang='grc' dir='ltr'>υὸειας</span> <span class='ocrx_word' id='word_1_674' title='bbox 2398 4586 2813 4673; x_wconf 52' lang='grc' dir='ltr'>ἐκπεπτώκαέῇ</span> 
     </span>
    </p>
   </div>
   <div class='ocr_carea' id='block_1_92' title="bbox 529 4680 2207 4763">
    <p class='ocr_par' dir='ltr' id='par_1_92' title="bbox 529 4680 2207 4763">
     <span class='ocr_line' id='line_1_92' title="bbox 529 4680 2207 4763; baseline 0.008 -28"><span class='ocrx_word' id='word_1_675' title='bbox 529 4680 682 4735; x_wconf 89' lang='lat' dir='ltr'><strong>Sethi</strong></span> <span class='ocrx_word' id='word_1_676' title='bbox 711 4696 913 4736; x_wconf 89' lang='lat' dir='ltr'><strong>nomen</strong></span> <span class='ocrx_word' id='word_1_677' title='bbox 940 4682 1202 4752; x_wconf 86' lang='lat' dir='ltr'><strong>imposuit</strong></span> <span class='ocrx_word' id='word_1_678' title='bbox 1228 4702 1242 4738; x_wconf 89' lang='lat'><strong>:</strong></span> <span class='ocrx_word' id='word_1_679' title='bbox 1274 4685 1329 4739; x_wconf 89' lang='lat' dir='ltr'><strong>id</strong></span> <span class='ocrx_word' id='word_1_680' title='bbox 1353 4686 1503 4755; x_wconf 88' lang='lat' dir='ltr'><strong>quod</strong></span> <span class='ocrx_word' id='word_1_681' title='bbox 1532 4689 1742 4744; x_wconf 88' lang='lat' dir='ltr'><strong>strenui</strong></span> <span class='ocrx_word' id='word_1_682' title='bbox 1771 4689 1851 4744; x_wconf 87' lang='lat' dir='ltr'><strong>illi</strong></span> <span class='ocrx_word' id='word_1_683' title='bbox 1881 4701 2117 4763; x_wconf 84' lang='lat' dir='ltr'><strong>nugato-</strong></span> <span class='ocrx_word' id='word_1_684' title='bbox 2200 4722 2207 4727; x_wconf 85' lang='grc'>·</span> 
     </span>
    </p>
   </div>
   <div class='ocr_carea' id='block_1_93' title="bbox 525 4772 1901 4849">
    <p class='ocr_par' dir='ltr' id='par_1_93' title="bbox 525 4772 1901 4849">
     <span class='ocr_line' id='line_1_93' title="bbox 525 4772 1901 4849; baseline 0.007 -23"><span class='ocrx_word' id='word_1_685' title='bbox 525 4786 636 4834; x_wconf 89' lang='lat' dir='ltr'><strong>res,</strong></span> <span class='ocrx_word' id='word_1_686' title='bbox 679 4785 745 4825; x_wconf 85' lang='lat' dir='ltr'><strong>ac</strong></span> <span class='ocrx_word' id='word_1_687' title='bbox 778 4772 928 4827; x_wconf 89' lang='lat' dir='ltr'><strong>velut</strong></span> <span class='ocrx_word' id='word_1_688' title='bbox 958 4773 1099 4828; x_wconf 90' lang='lat' dir='ltr'><strong>ebrii</strong></span> <span class='ocrx_word' id='word_1_689' title='bbox 1127 4776 1550 4833; x_wconf 87' lang='lat' dir='ltr'><strong>mendacissime</strong></span> <span class='ocrx_word' id='word_1_690' title='bbox 1577 4778 1901 4849; x_wconf 69' lang='lat' dir='ltr'><strong>praedicant.</strong></span> 
     </span>
    </p>
   </div>
   <div class='ocr_carea' id='block_1_94' title="bbox 599 4859 2117 4939">
    <p class='ocr_par' dir='ltr' id='par_1_94' title="bbox 599 4859 2117 4939">
     <span class='ocr_line' id='line_1_94' title="bbox 599 4859 2117 4939; baseline 0.009 -24"><span class='ocrx_word' id='word_1_691' title='bbox 599 4859 801 4916; x_wconf 76' lang='lat' dir='ltr'><strong>Verum</strong></span> <span class='ocrx_word' id='word_1_692' title='bbox 830 4876 957 4917; x_wconf 90' lang='lat' dir='ltr'><strong>cum</strong></span> <span class='ocrx_word' id='word_1_693' title='bbox 987 4862 1149 4919; x_wconf 88' lang='lat' dir='ltr'><strong>hodie</strong></span> <span class='ocrx_word' id='word_1_694' title='bbox 1175 4878 1448 4920; x_wconf 87' lang='lat' dir='ltr'><strong>summam</strong></span> <span class='ocrx_word' id='word_1_695' title='bbox 1478 4867 1547 4922; x_wconf 89' lang='lat' dir='ltr'><strong>ad</strong></span> <span class='ocrx_word' id='word_1_696' title='bbox 1580 4868 1912 4939; x_wconf 83' lang='lat' dir='ltr'><strong>paucitatem</strong></span> <span class='ocrx_word' id='word_1_697' title='bbox 1941 4871 2117 4928; x_wconf 63' lang='lat' dir='ltr'><strong>haere-</strong></span> 
     </span>
    </p>
   </div>
   <div class='ocr_carea' id='block_1_95' title="bbox 525 4951 2115 5022">
    <p class='ocr_par' dir='ltr' id='par_1_95' title="bbox 525 4951 2115 5022">
     <span class='ocr_line' id='line_1_95' title="bbox 525 4951 2115 5022; baseline 0.007 -12"><span class='ocrx_word' id='word_1_698' title='bbox 525 4952 605 5011; x_wconf 90' lang='lat' dir='ltr'><strong>sis</strong></span> <span class='ocrx_word' id='word_1_699' title='bbox 633 4953 741 5008; x_wconf 89' lang='lat' dir='ltr'><strong>ista</strong></span> <span class='ocrx_word' id='word_1_700' title='bbox 774 4951 997 5009; x_wconf 88' lang='lat' dir='ltr'><strong>redacta</strong></span> <span class='ocrx_word' id='word_1_701' title='bbox 1035 4955 1129 5022; x_wconf 90' lang='lat' dir='ltr'><strong>sit,</strong></span> <span class='ocrx_word' id='word_1_702' title='bbox 1161 4971 1273 5011; x_wconf 90' lang='lat' dir='ltr'><strong>non</strong></span> <span class='ocrx_word' id='word_1_703' title='bbox 1317 4971 1545 5013; x_wconf 84' lang='lat' dir='ltr'><strong>necesse</strong></span> <span class='ocrx_word' id='word_1_704' title='bbox 1572 4958 1741 5015; x_wconf 86' lang='lat' dir='ltr'><strong>habui</strong></span> <span class='ocrx_word' id='word_1_705' title='bbox 1775 4961 2016 5018; x_wconf 87' lang='lat' dir='ltr'><strong>uberiori</strong></span> <span class='ocrx_word' id='word_1_706' title='bbox 2048 4961 2115 5021; x_wconf 82' lang='lat' dir='ltr'><strong>il-</strong></span> 
     </span>
    </p>
   </div>
   <div class='ocr_carea' id='block_1_96' title="bbox 524 5045 2111 5124">
    <p class='ocr_par' dir='ltr' id='par_1_96' title="bbox 524 5045 2111 5124">
     <span class='ocr_line' id='line_1_96' title="bbox 524 5045 2111 5124; baseline 0.007 -23"><span class='ocrx_word' id='word_1_707' title='bbox 524 5045 631 5101; x_wconf 87' lang='lat' dir='ltr'><strong>lam</strong></span> <span class='ocrx_word' id='word_1_708' title='bbox 669 5047 922 5104; x_wconf 89' lang='lat' dir='ltr'><strong>oratione</strong></span> <span class='ocrx_word' id='word_1_709' title='bbox 964 5047 1250 5115; x_wconf 76' lang='lat' dir='ltr'><strong>refellere;</strong></span> <span class='ocrx_word' id='word_1_710' title='bbox 1300 5050 1641 5124; x_wconf 89' lang='lat' dir='ltr'><strong>proindeque</strong></span> <span class='ocrx_word' id='word_1_711' title='bbox 1684 5067 1807 5122; x_wconf 83' lang='lat' dir='ltr'><strong>quae</strong></span> <span class='ocrx_word' id='word_1_712' title='bbox 1843 5055 2111 5114; x_wconf 85' lang='lat' dir='ltr'><strong>hactenus</strong></span> 
     </span>
    </p>
   </div>
   <div class='ocr_carea' id='block_1_97' title="bbox 524 5139 2111 5215">
    <p class='ocr_par' dir='ltr' id='par_1_97' title="bbox 524 5139 2111 5215">
     <span class='ocr_line' id='line_1_97' title="bbox 524 5139 2111 5215; baseline 0.006 -20"><span class='ocrx_word' id='word_1_713' title='bbox 524 5150 655 5195; x_wconf 84' lang='lat' dir='ltr'><strong>sunt</strong></span> <span class='ocrx_word' id='word_1_714' title='bbox 677 5139 824 5195; x_wconf 92' lang='lat' dir='ltr'><strong>dicta</strong></span> <span class='ocrx_word' id='word_1_715' title='bbox 846 5139 1139 5197; x_wconf 87' lang='lat' dir='ltr'><strong>suﬁiciant.</strong></span> <span class='ocrx_word' id='word_1_716' title='bbox 1171 5140 1482 5199; x_wconf 67' lang='lat' dir='ltr'><strong>Praesertim</strong></span> <span class='ocrx_word' id='word_1_717' title='bbox 1504 5144 1652 5215; x_wconf 88' lang='lat' dir='ltr'><strong>quod</strong></span> <span class='ocrx_word' id='word_1_718' title='bbox 1676 5147 1895 5202; x_wconf 90' lang='lat' dir='ltr'><strong>illorum</strong></span> <span class='ocrx_word' id='word_1_719' title='bbox 1923 5158 2111 5203; x_wconf 80' lang='lat' dir='ltr'><strong>amen-</strong></span> 
     </span>
    </p>
   </div>
   <div class='ocr_carea' id='block_1_98' title="bbox 523 5234 2111 5322">
    <p class='ocr_par' dir='ltr' id='par_1_98' title="bbox 523 5234 2111 5322">
     <span class='ocr_line' id='line_1_98' title="bbox 523 5234 2111 5322; baseline 0.007 -36"><span class='ocrx_word' id='word_1_720' title='bbox 523 5235 598 5287; x_wconf 87' lang='lat' dir='ltr'><strong>tia</strong></span> <span class='ocrx_word' id='word_1_721' title='bbox 629 5235 932 5305; x_wconf 81' lang='lat' dir='ltr'><strong>expugnari</strong></span> <span class='ocrx_word' id='word_1_722' title='bbox 959 5234 1121 5291; x_wconf 76' lang='lat' dir='ltr'><strong>facile</strong></span> <span class='ocrx_word' id='word_1_723' title='bbox 1151 5243 1354 5322; x_wconf 68' lang='lat' dir='ltr'><strong>potest,</strong></span> <span class='ocrx_word' id='word_1_724' title='bbox 1383 5252 1553 5309; x_wconf 87' lang='lat' dir='ltr'><strong>seque</strong></span> <span class='ocrx_word' id='word_1_725' title='bbox 1587 5237 1725 5294; x_wconf 89' lang='lat' dir='ltr'><strong>adeo</strong></span> <span class='ocrx_word' id='word_1_726' title='bbox 1767 5240 1943 5311; x_wconf 84' lang='lat' dir='ltr'><strong>ipsam</strong></span> <span class='ocrx_word' id='word_1_727' title='bbox 1976 5256 2111 5297; x_wconf 84' lang='lat' dir='ltr'><strong>con-</strong></span> 
     </span>
    </p>
   </div>
   <div class='ocr_carea' id='block_1_99' title="bbox 2202 4876 3755 4964">
    <p class='ocr_par' dir='ltr' id='par_1_99' title="bbox 2202 4876 3755 4964">
     <span class='ocr_line' id='line_1_99' title="bbox 2202 4876 3755 4964; baseline 0.011 -36"><span class='ocrx_word' id='word_1_728' title='bbox 2202 4912 2211 4921; x_wconf 82' lang='lat'><strong>.</strong></span> <span class='ocrx_word' id='word_1_729' title='bbox 2285 4876 2366 4930; x_wconf 87' lang='grc' dir='ltr'><strong><em>Τὰ</em></strong></span> <span class='ocrx_word' id='word_1_730' title='bbox 2406 4878 2466 4933; x_wconf 74' lang='grc' dir='ltr'>δὲ</span> <span class='ocrx_word' id='word_1_731' title='bbox 2503 4879 2601 4933; x_wconf 87' lang='grc' dir='ltr'><strong>νῦν</strong></span> <span class='ocrx_word' id='word_1_732' title='bbox 2635 4889 2920 4957; x_wconf 78' lang='grc' dir='ltr'>συντόμως</span> <span class='ocrx_word' id='word_1_733' title='bbox 2964 4888 3077 4960; x_wconf 77' lang='grc'><strong>(55)</strong></span> <span class='ocrx_word' id='word_1_734' title='bbox 3128 4889 3298 4964; x_wconf 79' lang='grc' dir='ltr'>οὔσης</span> <span class='ocrx_word' id='word_1_735' title='bbox 3347 4893 3450 4964; x_wconf 83' lang='grc' dir='ltr'>τῆς</span> <span class='ocrx_word' id='word_1_736' title='bbox 3495 4891 3755 4962; x_wconf 73' lang='grc' dir='ltr'>αἱρέσεως.</span> 
     </span>
    </p>
   </div>
   <div class='ocr_carea' id='block_1_100' title="bbox 2208 4967 3754 5057">
    <p class='ocr_par' dir='ltr' id='par_1_100' title="bbox 2208 4967 3754 5057">
     <span class='ocr_line' id='line_1_100' title="bbox 2208 4967 3754 5057; baseline 0.01 -36"><span class='ocrx_word' id='word_1_737' title='bbox 2208 4967 2314 5023; x_wconf 81' lang='grc' dir='ltr'>οὐκ</span> <span class='ocrx_word' id='word_1_738' title='bbox 2343 4969 2619 5042; x_wconf 73' lang='grc' dir='ltr'>ὲνδεηθεὶς</span> <span class='ocrx_word' id='word_1_739' title='bbox 2667 4975 2979 5034; x_wconf 76' lang='grc' dir='ltr'>ἐπεκτεῖναι</span> <span class='ocrx_word' id='word_1_740' title='bbox 3031 4982 3126 5036; x_wconf 87' lang='grc' dir='ltr'><strong>τδν</strong></span> <span class='ocrx_word' id='word_1_741' title='bbox 3170 4986 3296 5040; x_wconf 85' lang='grc' dir='ltr'>κατ’</span> <span class='ocrx_word' id='word_1_742' title='bbox 3333 4986 3504 5057; x_wconf 83' lang='grc' dir='ltr'>αὐτῆς</span> <span class='ocrx_word' id='word_1_743' title='bbox 3540 4969 3754 5051; x_wconf 65' lang='grc' dir='ltr'>ἐλέγχον,</span> 
     </span>
    </p>
   </div>
   <div class='ocr_carea' id='block_1_101' title="bbox 2208 5063 3753 5151">
    <p class='ocr_par' dir='ltr' id='par_1_101' title="bbox 2208 5063 3753 5151">
     <span class='ocr_line' id='line_1_101' title="bbox 2208 5063 3753 5151; baseline 0.011 -34"><span class='ocrx_word' id='word_1_744' title='bbox 2208 5063 2488 5136; x_wconf 76' lang='grc' dir='ltr'>ἀρκοῦμαι</span> <span class='ocrx_word' id='word_1_745' title='bbox 2549 5071 2665 5133; x_wconf 73' lang='grc' dir='ltr'>τοῖς</span> <span class='ocrx_word' id='word_1_746' title='bbox 2724 5072 2964 5145; x_wconf 87' lang='grc' dir='ltr'>παροῦσι</span> <span class='ocrx_word' id='word_1_747' title='bbox 3020 5074 3223 5148; x_wconf 86' lang='grc' dir='ltr'>μόνοις.</span> <span class='ocrx_word' id='word_1_748' title='bbox 3266 5076 3547 5151; x_wconf 82' lang='grc' dir='ltr'>Εῦτρωτος</span> <span class='ocrx_word' id='word_1_749' title='bbox 3590 5072 3684 5143; x_wconf 83' lang='grc' dir='ltr'><strong>γὰρ</strong></span> <span class='ocrx_word' id='word_1_750' title='bbox 3729 5066 3753 5134; x_wconf 70' lang='grc' dir='ltr'><strong>ἡ</strong></span> 
     </span>
    </p>
   </div>
   <div class='ocr_carea' id='block_1_102' title="bbox 2207 5156 3753 5241">
    <p class='ocr_par' dir='ltr' id='par_1_102' title="bbox 2207 5156 3753 5241">
     <span class='ocr_line' id='line_1_102' title="bbox 2207 5156 3753 5241; baseline 0.007 -33"><span class='ocrx_word' id='word_1_751' title='bbox 2207 5156 2418 5211; x_wconf 88' lang='grc' dir='ltr'>τούτων</span> <span class='ocrx_word' id='word_1_752' title='bbox 2451 5157 2631 5225; x_wconf 74' lang='grc' dir='ltr'>ἄνοια,</span> <span class='ocrx_word' id='word_1_753' title='bbox 2669 5165 2767 5217; x_wconf 70' lang='grc' dir='ltr'>καὶ</span> <span class='ocrx_word' id='word_1_754' title='bbox 2800 5166 3001 5239; x_wconf 80' lang='grc' dir='ltr'>ἑαυτήν</span> <span class='ocrx_word' id='word_1_755' title='bbox 3027 5166 3302 5241; x_wconf 83' lang='grc' dir='ltr'>δυναμένη</span> <span class='ocrx_word' id='word_1_756' title='bbox 3348 5186 3406 5224; x_wconf 89' lang='grc' dir='ltr'><strong>τε</strong></span> <span class='ocrx_word' id='word_1_757' title='bbox 3442 5166 3641 5237; x_wconf 82' lang='grc' dir='ltr'>ἐλέγξαι</span> <span class='ocrx_word' id='word_1_758' title='bbox 3680 5158 3753 5215; x_wconf 80' lang='grc' dir='ltr'>καὶ</span> 
     </span>
    </p>
   </div>
   <div class='ocr_carea' id='block_1_103' title="bbox 2209 5249 3750 5336">
    <p class='ocr_par' dir='ltr' id='par_1_103' title="bbox 2209 5249 3750 5336">
     <span class='ocr_line' id='line_1_103' title="bbox 2209 5249 3750 5336; baseline 0.006 -33"><span class='ocrx_word' id='word_1_759' title='bbox 2209 5249 2497 5331; x_wconf 72' lang='grc' dir='ltr'>φωράσαιο</span> <span class='ocrx_word' id='word_1_760' title='bbox 2533 5254 2597 5309; x_wconf 79' lang='grc' dir='ltr'><strong>ού</strong></span> <span class='ocrx_word' id='word_1_761' title='bbox 2640 5256 2804 5327; x_wconf 87' lang='grc' dir='ltr'>μόνον</span> <span class='ocrx_word' id='word_1_762' title='bbox 2838 5259 2967 5331; x_wconf 83' lang='grc' dir='ltr'>περὶ</span> <span class='ocrx_word' id='word_1_763' title='bbox 3012 5259 3114 5331; x_wconf 83' lang='grc' dir='ltr'>τῆς</span> <span class='ocrx_word' id='word_1_764' title='bbox 3146 5262 3238 5315; x_wconf 87' lang='grc' dir='ltr'><strong>τοῦ</strong></span> <span class='ocrx_word' id='word_1_765' title='bbox 3268 5259 3503 5336; x_wconf 87' lang='grc' dir='ltr'>Χριστοῦ</span> <span class='ocrx_word' id='word_1_766' title='bbox 3545 5253 3750 5326; x_wconf 62' lang='grc' dir='ltr'>ἀγωγῆς,</span> 
     </span>
    </p>
   </div>
   <div class='ocr_carea' id='block_1_104' title="bbox 521 5326 2121 5422">
    <p class='ocr_par' dir='ltr' id='par_1_104' title="bbox 521 5326 2111 5422">
     <span class='ocr_line' id='line_1_104' title="bbox 521 5326 2111 5422; baseline 0.009 -45"><span class='ocrx_word' id='word_1_767' title='bbox 521 5326 693 5422; x_wconf 56' lang='lat' dir='ltr'><strong>vincit</strong></span> <span class='ocrx_word' id='word_1_768' title='bbox 741 5342 807 5382; x_wconf 90' lang='lat' dir='ltr'><strong>ac</strong></span> <span class='ocrx_word' id='word_1_769' title='bbox 859 5328 1106 5399; x_wconf 83' lang='lat' dir='ltr'><strong>detegit:</strong></span> <span class='ocrx_word' id='word_1_770' title='bbox 1142 5342 1259 5408; x_wconf 73' lang='lat' dir='ltr'><strong>non</strong></span> <span class='ocrx_word' id='word_1_771' title='bbox 1301 5329 1482 5385; x_wconf 89' lang='lat' dir='ltr'><strong>solum</strong></span> <span class='ocrx_word' id='word_1_772' title='bbox 1525 5330 1673 5401; x_wconf 84' lang='lat' dir='ltr'><strong>quod</strong></span> <span class='ocrx_word' id='word_1_773' title='bbox 1721 5332 1790 5387; x_wconf 92' lang='lat' dir='ltr'><strong>ad</strong></span> <span class='ocrx_word' id='word_1_774' title='bbox 1839 5334 2111 5393; x_wconf 83' lang='lat' dir='ltr'><strong>educendi</strong></span> 
     </span>
    </p>
   </div>
   <div class='ocr_carea' id='block_1_105' title="bbox 2221 5326 3750 5422">
    <p class='ocr_par' dir='ltr' id='par_1_105' title="bbox 2221 5326 3750 5422">
     <span class='ocr_line' id='line_1_105' title="bbox 2221 5326 3750 5422; baseline 0.002 -29"><span class='ocrx_word' id='word_1_775' title='bbox 2221 5340 2306 5394; x_wconf 69' lang='grc' dir='ltr'>καὶ</span> <span class='ocrx_word' id='word_1_776' title='bbox 2340 5326 3278 5422; x_wconf 72' lang='grc' dir='ltr'>σεσυκοφαντημένηςδιδασκαλίας</span> <span class='ocrx_word' id='word_1_777' title='bbox 3308 5326 3401 5408; x_wconf 76' lang='grc' dir='ltr'><strong>τοῦ</strong></span> <span class='ocrx_word' id='word_1_778' title='bbox 3425 5352 3514 5406; x_wconf 82' lang='grc' dir='ltr'>τὸν</span> <span class='ocrx_word' id='word_1_779' title='bbox 3550 5346 3645 5419; x_wconf 76' lang='grc' dir='ltr'><strong>Σὴθ</strong></span> <span class='ocrx_word' id='word_1_780' title='bbox 3674 5341 3750 5396; x_wconf 82' lang='grc' dir='ltr'>αύ-</span> 
     </span>
    </p>
   </div>
   <div class='ocr_carea' id='block_1_106' title="bbox 521 5411 2107 5496">
    <p class='ocr_par' dir='ltr' id='par_1_106' title="bbox 521 5411 2107 5496">
     <span class='ocr_line' id='line_1_106' title="bbox 521 5411 2107 5496; baseline 0.012 -31"><span class='ocrx_word' id='word_1_781' title='bbox 521 5411 728 5469; x_wconf 84' lang='lat' dir='ltr'><strong>Christi</strong></span> <span class='ocrx_word' id='word_1_782' title='bbox 765 5418 1031 5476; x_wconf 87' lang='lat' dir='ltr'><strong>rationem</strong></span> <span class='ocrx_word' id='word_1_783' title='bbox 1064 5419 1260 5476; x_wconf 89' lang='lat' dir='ltr'><strong>attinet</strong></span> <span class='ocrx_word' id='word_1_784' title='bbox 1288 5420 1796 5496; x_wconf 40' lang='lat' dir='ltr'><strong>.plenissimamque</strong></span> <span class='ocrx_word' id='word_1_785' title='bbox 1832 5424 1982 5482; x_wconf 90' lang='lat' dir='ltr'><strong>illam</strong></span> <span class='ocrx_word' id='word_1_786' title='bbox 2009 5442 2107 5484; x_wconf 77' lang='lat' dir='ltr'><strong>ca-</strong></span> 
     </span>
    </p>
   </div>
   <div class='ocr_carea' id='block_1_107' title="bbox 582 5578 1044 5662">
    <p class='ocr_par' dir='ltr' id='par_1_107' title="bbox 582 5578 1044 5662">
     <span class='ocr_line' id='line_1_107' title="bbox 582 5578 1044 5662; baseline 0.026 -19"><span class='ocrx_word' id='word_1_787' title='bbox 582 5578 617 5621; x_wconf 55' lang='grc'><strong>’¹</strong></span> <span class='ocrx_word' id='word_1_788' title='bbox 657 5591 800 5650; x_wconf 87' lang='lat' dir='ltr'><strong>Psal.</strong></span> <span class='ocrx_word' id='word_1_789' title='bbox 836 5613 922 5662; x_wconf 82' lang='lat' dir='ltr'><strong>xc,</strong></span> <span class='ocrx_word' id='word_1_790' title='bbox 954 5601 1044 5655; x_wconf 81' lang='grc' dir='ltr'>Η.</span> 
     </span>
    </p>
   </div>
   <div class='ocr_carea' id='block_1_108' title="bbox 2159 5432 3748 5511">
    <p class='ocr_par' dir='ltr' id='par_1_108' title="bbox 2159 5432 3748 5511">
     <span class='ocr_line' id='line_1_108' title="bbox 2159 5432 3748 5511; baseline 0.005 -26"><span class='ocrx_word' id='word_1_791' title='bbox 2159 5446 2163 5450; x_wconf 70' lang='grc'><em>’</em></span> <span class='ocrx_word' id='word_1_792' title='bbox 2205 5432 2299 5487; x_wconf 81' lang='grc' dir='ltr'>τὸν</span> <span class='ocrx_word' id='word_1_793' title='bbox 2328 5435 2572 5505; x_wconf 77' lang='grc' dir='ltr'>νομίζειν</span> <span class='ocrx_word' id='word_1_794' title='bbox 2609 5456 2671 5493; x_wconf 89' lang='grc' dir='ltr'><strong>τε</strong></span> <span class='ocrx_word' id='word_1_795' title='bbox 2703 5441 2801 5497; x_wconf 74' lang='grc' dir='ltr'>καὶ</span> <span class='ocrx_word' id='word_1_796' title='bbox 2846 5442 3293 5501; x_wconf 81' lang='grc' dir='ltr'>διαϐεϐαιοῦσθαι</span> <span class='ocrx_word' id='word_1_797' title='bbox 3324 5440 3483 5511; x_wconf 80' lang='grc' dir='ltr'>εἶναι,</span> <span class='ocrx_word' id='word_1_798' title='bbox 3521 5439 3643 5496; x_wconf 70' lang='grc' dir='ltr'>ἀλλὰ</span> <span class='ocrx_word' id='word_1_799' title='bbox 3675 5437 3748 5488; x_wconf 66' lang='grc' dir='ltr'>καὶ</span> 
     </span>
    </p>
   </div>
   <div class='ocr_carea' id='block_1_109' title="bbox 598 5745 2121 5845">
    <p class='ocr_par' dir='ltr' id='par_1_109' title="bbox 598 5745 2106 5840">
     <span class='ocr_line' id='line_1_109' title="bbox 598 5745 2106 5840; baseline 0.017 -40"><span class='ocrx_word' id='word_1_800' title='bbox 598 5745 711 5818; x_wconf 78' lang='lat'><strong>(55)</strong></span> <span class='ocrx_word' id='word_1_801' title='bbox 760 5751 833 5805; x_wconf 83' lang='grc' dir='ltr'><strong>Τὰ</strong></span> <span class='ocrx_word' id='word_1_802' title='bbox 867 5753 934 5807; x_wconf 85' lang='grc' dir='ltr'>δὲ</span> <span class='ocrx_word' id='word_1_803' title='bbox 960 5756 1078 5811; x_wconf 76' lang='grc' dir='ltr'><strong>νῦν</strong></span> <span class='ocrx_word' id='word_1_804' title='bbox 1110 5766 1443 5836; x_wconf 80' lang='grc' dir='ltr'>συντόμως.</span> <span class='ocrx_word' id='word_1_805' title='bbox 1487 5765 1687 5826; x_wconf 85' lang='lat' dir='ltr'><strong>Decsse</strong></span> <span class='ocrx_word' id='word_1_806' title='bbox 1717 5766 1999 5840; x_wconf 81' lang='lat' dir='ltr'><strong>quidpiam</strong></span> <span class='ocrx_word' id='word_1_807' title='bbox 2038 5766 2106 5826; x_wconf 89' lang='lat' dir='ltr'><strong>ad</strong></span> 
     </span>
    </p>
   </div>
   <div class='ocr_carea' id='block_1_110' title="bbox 2221 5745 3165 5845">
    <p class='ocr_par' dir='ltr' id='par_1_110' title="bbox 2221 5767 3165 5845">
     <span class='ocr_line' id='line_1_110' title="bbox 2221 5767 3165 5845; baseline 0.007 -21"><span class='ocrx_word' id='word_1_808' title='bbox 2221 5767 2309 5842; x_wconf 84' lang='lat' dir='ltr'><strong>ius</strong></span> <span class='ocrx_word' id='word_1_809' title='bbox 2342 5767 2448 5828; x_wconf 87' lang='lat' dir='ltr'><strong>loci</strong></span> <span class='ocrx_word' id='word_1_810' title='bbox 2480 5769 2855 5844; x_wconf 80' lang='lat' dir='ltr'><strong>integritatem</strong></span> <span class='ocrx_word' id='word_1_811' title='bbox 2898 5773 3165 5845; x_wconf 89' lang='lat' dir='ltr'><strong>suspicor.</strong></span> 
     </span>
    </p>
   </div>
  </div>
