3934 6420
165 362 276 417 677

842 355 1215 414 ADVERSUS
1248 355 1593 414 [IERESES
1630 354 1758 412 LIB.
1792 355 1834 412 1.
1875 357 2042 415 ΤΟΜ.
2086 358 2248 416 lll.—
2272 359 2554 418 HERES.
2592 361 2702 418 XL.

3343 381 3452 440 678

166 480 246 542 είς
280 473 385 542 τὴν
426 475 552 548 περὶ
583 473 693 529 τῶν
739 472 837 528 δύο
879 471 1187 544 ἀνθρώπων
1223 471 1505 528 ὑπόθεσιν.
1549 475 1614 528 El
1655 476 1757 548 γὰρ

1869 477 2091 532 lumnia:
2116 477 2450 541 doctrinam,
2480 493 2587 548 qua
2620 477 2850 534 Sethum
2883 482 3136 538 eumdem
3180 498 3306 540 esse
3342 499 3467 540 cum

165 573 222 626 αἱ
275 570 541 641 δυνάμεις
585 568 793 622 ἀνωθεν
845 566 1115 637 ἐσχήκασι
1159 564 1260 636 τὴν
1299 565 1508 639 ἀρχὴν,
1544 566 1646 620 οὐκ
1692 565 1760 620 ἀν

163 666 295 718 ἀνευ
320 663 428 733 τῆς
462 663 608 734 μιᾶς,
629 659 782 731 ἢνδὴ
805 661 899 712 καὶ
927 658 1161 732 Μητέρα
1186 662 1456 729 φάσκουσι
1483 661 1592 716 τῶν
1623 661 1760 716 ὅλων

163 749 328 814 εἶναι,
367 751 588 820 ἐγένετό
608 768 669 804 τε
706 750 800 805 καὶ
830 750 1082 823 ἐπράχθη
1118 751 1187 805 τά
1216 753 1323 806 ὑπὸ
1347 753 1457 806 τῶν
1485 753 1579 807 δύο
1614 771 1757 825 πρα-

164 845 387 916 χθέντα.
435 843 766 914 Εὐρίσκεται
800 843 910 915 γὰρ
951 847 984 915 ἡ
1023 844 1120 915 μία
1154 845 1303 898 αίτία
1328 844 1437 900 τῶν
1468 845 1562 898 δύο
1595 844 1756 899 δυνά-

167 953 336 1008 μεων,
377 936 477 990 καὶ
503 934 630 988 ἄνευ
677 936 848 1006 αὐτῆς
888 936 1054 1007 μηδὲν
1091 936 1201 990 τῶν
1245 937 1552 1008 γενομένων
1592 954 1756 1006 γεγο-

164 1029 334 1082 νέναι.
391 1027 502 1080 Καὶ
542 1025 986 1099 ἀναδραμοῦνται
1037 1027 1202 1082 πάλιν
1239 1029 1333 1082 ἐπὶ
1374 1028 1436 1081 τὺ
1473 1028 1759 1099 ὁμολογεῖν

164 1121 258 1174 ἕνα
310 1115 456 1174 εἶναι
501 1120 770 1189 δεσπότην
822 1119 932 1173 τῶν
977 1120 1218 1184 πάντων,
1263 1121 1358 1174 καὶ
1403 1120 1757 1192 δημιουργὸν,

163 1212 255 1266 καὶ
275 1211 505 1284 κτίστην
531 1211 640 1266 τῶν
671 1212 830 1277 ὅλων,
849 1211 1000 1276 ἅπαξ
1027 1214 1154 1283 μιᾶς
1171 1213 1533 1284 δεικνυμένης
1561 1212 1755 1284 ἀρχῆς.

173 1303 333 1358 Ἀλλά
365 1305 466 1360 καὶ
505 1305 633 1375 περὶ
667 1303 874 1376 ταύτης
905 1305 1004 1376 τῆς
1041 1305 1309 1376 αἱρέσεως
1341 1305 1516 1358 ταῦτα
1550 1305 1760 1374 φήσαν-

161 1413 268 1462 τες,
286 1398 382 1452 καὶ
402 1395 859 1466 ἀποκαλύψαντες
877 1395 969 1450 τὸν
993 1397 1070 1450 ἰὸν
1099 1398 1198 1468 τῆς
1217 1396 1556 1469 ἐρπετώδους
1577 1394 1757 1450 αὐτῶν

163 1493 223 1544 ἐκ
250 1491 446 1559 γένους
490 1489 733 1545 ἀσπίδων
773 1489 960 1560 γονῆς,
991 1489 1077 1560 ἐφ’
1114 1490 1308 1563 ἑτέραν
1354 1490 1518 1544 πάλιν
1560 1489 1754 1559 ἴωμεν,

165 1584 458 1654 ἀγαπητοὶ,
493 1586 559 1655 τῇ
601 1583 738 1654 αὐτῇ
770 1582 1065 1655 ἀκολουθίᾳ
1104 1585 1202 1656 τῆς
1240 1585 1644 1659 πραγματείας.

1867 567 2090 623 Christo
2127 574 2416 632 statuunt,
2465 581 2531 622 ac
2577 570 3019 639 pertinacissime
3064 581 3293 628 tuentur
3326 590 3340 626 :
3372 589 3469 631 ve-

1851 673 1990 713 rum
2023 657 2188 714 etiam
2220 657 2367 729 quod
2400 658 2468 712 de
2489 657 2708 715 duobus
2742 660 2853 716 illis
2901 663 3220 717 [nominibus
3250 679 3468 721 asseve-

1865 759 2014 806 rant.
2079 749 2216 804 Nam
2255 751 2301 806 si
2336 761 2552 806 mentes
2597 753 2722 820 illaz,
2765 769 2902 824 quas
2946 755 3204 826 δυνάμεις
3239 765 3462 825 vocant,

1865 843 2206 912 superiorem
2262 843 2502 912 aliquam
2536 844 2805 910 originem
2849 856 3179 916 agnoscunt,
3210 847 3463 918 profecto

1863 951 1986 1005 qua:
2019 951 2050 989 a
2080 935 2297 990 duabus
2334 943 2464 990 sunt
2497 944 2670 1008 gesta,
2709 954 2817 994 non
2853 939 2974 995 sine
3018 941 3186 996 unius
3231 943 3458 1009 auxilio,

1863 1043 2028 1099 quam
2059 1029 2304 1082 omnium
2338 1037 2568 1084 matrem
2613 1045 2735 1084 esse
2777 1031 3070 1098 definiunt,
3109 1031 3224 1088 fieri
3296 1034 3461 1104 perfi‘

1863 1122 2024 1190 eique
2054 1128 2372 1192 potuerunt.
2428 1121 2511 1176 Ab
2557 1137 2664 1175 una
2702 1123 2905 1192 quippe
2944 1137 3113 1179 causa
3149 1124 3323 1180 ambae
3353 1126 3462 1180 illa:
3541 1160 3544 1163 -

1865 1220 2077 1268 mentes
2110 1213 2372 1282 profecta:
2403 1220 2554 1277 sunt,
2589 1214 2717 1269 sine.
2737 1229 2846 1284 qua
2871 1215 3010 1268 nihil
3044 1217 3267 1271 omnino
3294 1233 3361 1271 ex
3389 1218 3458 1274 iis

1865 1320 1984 1374 quae
2018 1311 2148 1358 sunt
2197 1303 2424 1373 produci
2457 1304 2656 1373 potuit.
2714 1304 2793 1358 lta
2833 1304 3052 1360 tandem
3089 1321 3154 1361 eo
3202 1322 3460 1362 necessa-

1865 1397 1950 1451 rio
1981 1404 2289 1462 recurrent,
2325 1411 2495 1450 unum
2529 1404 2588 1450 ut
2624 1386 2914 1450 Dominum
2949 1413 3134 1451 rerum
3185 1401 3456 1463 omnium,

1863 1495 1918 1543 et
1951 1495 2255 1555 auctorem,
2307 1501 2372 1540 ac
2427 1487 2768 1542 conditorem
2821 1488 3204 1543 universorum
3261 1490 3459 1544 admit-

1863 1586 2001 1642 tant,
2035 1577 2126 1631 ubi
2155 1577 2322 1632 semel
2348 1577 2680 1646 principium
2711 1579 2936 1632 unicum
2969 1593 3094 1633 esse
3125 1581 3460 1650 comproba-

165 1684 272 1729 tum
305 1675 493 1729 fuerit.
550 1673 646 1730 llis
679 1674 943 1730 adversus
970 1674 1112 1728 hanc
1145 1676 1398 1732 haeresim
1433 1675 1752 1746 disputatis,
1784 1685 1847 1726 ac
1879 1669 2141 1740 pestifero
2183 1669 2402 1722 illorum
2433 1668 2582 1721 velut
2638 1669 2893 1738 aspidum
2955 1685 3168 1725 veneno
3220 1671 3455 1729 detecto.

166 1767 226 1822 ad
262 1766 426 1820 aliam
457 1765 742 1838 deinceps,
787 1782 900 1839 quo
929 1783 1032 1825 nos
1074 1769 1312 1823 instituti
1361 1770 1547 1840 operis
1579 1766 1752 1822 series
1790 1769 1972 1827 vocat,
2007 1758 2375 1816 convertenda
2407 1775 2600 1813 rursus
2630 1760 2832 1814 oratio.

603 1902 794 1955 KATA
831 1877 1323 1968 ᾉΡΧΟΝΤΙΚΩΝ,

441 2036 712 2106 Εικοστὴ
737 2076 751 2102 ,
779 2037 818 2105 ἡ
849 2037 948 2092 καὶ
983 2037 1470 2106 τεσσαρακοστῇ.

230 2145 304 2200 A’.
335 2147 706 2219 Ἀρχοντικῶν
733 2166 816 2212 τις
843 2151 1054 2222 αἵρεσις
1074 2151 1284 2214 τούτοις
1311 2151 1504 2205 ἐπεται
1524 2167 1537 2182 ·
1568 2152 1668 2205 οὐκ
1699 2154 1756 2206 ἐν

170 2239 373 2301 πολλοῖς
401 2239 459 2292 δὲ
497 2239 685 2303 τόποις
721 2237 862 2309 αὕτη
897 2241 1170 2310 φαίνεται,
1212 2242 1245 2312 ἣ
1278 2241 1435 2313 μόνον
1462 2245 1520 2296 ἐν
1550 2245 1616 2313 τῇ
1643 2243 1756 2296 Πα-

170 2331 440 2386 λαιστίνων
493 2331 758 2405 ἐπαρχίᾳ.
806 2335 1162 2406 Μετήνεγκαν
1209 2335 1265 2388 δὲ
1315 2335 1408 2388 τὸν
1464 2334 1641 2388 αὐτῶν
1679 2334 1755 2388 ἰὸν

168 2423 260 2494 ἤδη
292 2441 393 2476 που
422 2423 524 2477 καὶ
552 2426 632 2488 είς
677 2427 776 2497 τὴν
815 2427 1060 2499 μεγάλην
1104 2427 1414 2498 Ἃρμενίαν.
1465 2427 1625 2480 Ἀλλά
1662 2429 1756 2481 καὶ

172 2519 220 2568 ἐν
243 2517 305 2586 τῆ
345 2519 526 2590 μικρᾷ
567 2517 828 2590 Ἀρμενίᾳ
859 2519 1016 2572 τοῦτο
1038 2518 1100 2572 τὸ
1136 2517 1376 2584 ζιζάνιον
1408 2521 1506 2592 ἤδη
1547 2520 1756 2591 ἔσπαρο

171 2624 246 2659 ται
275 2608 377 2660 ὑπὸ
410 2608 612 2680 ἀνδρὸς
641 2625 786 2672 τινος
817 2610 1258 2681 ἐπιδημήσαντος
1281 2614 1345 2682 τῇ
1381 2610 1755 2664 Παλαιστίνων

174 2703 233 2769 γῇ
258 2700 360 2754 ἀπὸ
399 2701 698 2773 Ἀρμενίας
731 2703 788 2754 ἐν
817 2703 1032 2773 χρόνοις
1064 2704 1465 2767 Κωνσταντίου,
1499 2703 1628 2772 περὶ
1653 2701 1753 2773 τὴν

173 2792 320 2845 αὑτοῦ
354 2794 641 2864 τελευτὴν,
677 2795 958 2848 Εύτάκτου
991 2795 1248 2866 ὀνόματι,
1287 2795 1486 2866 μᾶλλον
1529 2795 1585 2848 δέ
1622 2795 1754 2848 ἀτάο

175 2899 288 2936 κτου
313 2884 398 2936 τὸν
436 2884 670 2955 τρόπον,
700 2884 793 2937 καὶ
828 2885 1092 2955 μαθόντος
1122 2883 1220 2955 τὴν
1259 2882 1752 2938 κακοδιδασκαλίαν

172 2975 374 3047 ταύτην,
405 2973 536 3030 εἶτα
570 2977 955 3041 ἐπανελθόντος
980 2978 1060 3040 είς
1093 2977 1161 3030 τά
1186 2977 1358 3030 οἰκεῖα
1389 2977 1482 3029 καὶ
1509 2975 1756 3042 διδάξαν-

176 3081 271 3128 τος.
300 3065 588 3119 Μετέλαϐε
615 3066 670 3120 δὲ
695 3107 711 3133 ,
756 3067 833 3130 ὡς
880 3066 1015 3138 ἐφην
1039 3107 1053 3130 ,
1081 3068 1140 3118 ἐν
1167 3066 1500 3136 Παλαιστίνῃ
1541 3067 1617 3129 ὡς
1648 3065 1753 3119 ὑπὸ

175 3153 375 3217 ἀσπίδος
425 3156 517 3208 ἰὸν
566 3155 675 3208 ἀπὸ
728 3155 934 3226 Πέτρου
971 3156 1114 3219 τινὸς
1165 3155 1420 3227 γέροντος
1450 3197 1464 3220 ,
1519 3155 1753 3222 ἀναξίως

2085 1893 2244 1964 291
2291 1892 2667 1948 ADVERSUS
2712 1893 3228 1967 ARCllONTlCOS,

2205 2028 2337 2095 Qua:
2373 2038 2450 2083 est
2481 2029 2696 2084 liazresis
2731 2028 2840 2083 XX
2878 2032 2958 2086 vel
3001 2032 3119 2089 XL.

1929 2139 1970 2194 Ι.
2015 2137 2275 2194 Proxima
2305 2139 2434 2194 huic
2459 2151 2544 2195 est
2562 2141 3025 2197 Archonticorum
3059 2144 3305 2213 haeresis,
3331 2164 3454 2218 quae

1860 2239 2043 2286 tamen
2094 2230 2237 2285 haud
2289 2233 2568 2302 plerisque
2612 2242 2770 2287 extra
2821 2232 3173 2290 Palaestinam
3215 2238 3272 2292 in
3317 2239 3457 2294 locis

1858 2324 2122 2378 cernitur.
2159 2322 2484 2394 Quanquam
2517 2324 2670 2380 virus
2704 2341 2866 2380 suum
2898 2326 2952 2380 in
2979 2328 3244 2396 majorem
3285 2332 3454 2386 etiam

1857 2414 2174 2468 Armeniam
2223 2413 2580 2469 diffuderunt.
2619 2413 2732 2469 lmo
2759 2425 2812 2470 et
2857 2417 2913 2470 in
2957 2416 3216 2473 Armenia
3245 2420 3459 2476 minore

1863 2505 2052 2558 lolium
2086 2505 2229 2558 istud
2255 2516 2404 2559 certo
2433 2505 2503 2559 ab
2535 2505 2756 2560 homine
2778 2505 3194 2563 disseminatum
3225 2519 3331 2577 est,
3364 2517 3459 2584 qui

1859 2597 2023 2666 paulo
2055 2604 2182 2651 ante
2211 2596 2522 2651 Constantii
2554 2598 2899 2667 imperatoris
2925 2601 3134 2654 obitum
3165 2617 3231 2656 ex
3265 2606 3458 2660 Arme-

1859 2690 1949 2742 nia
1978 2689 2034 2742 in
2069 2686 2417 2743 Palaestinam
2465 2689 2744 2759 profectus
2775 2699 2880 2755 est,
2915 2690 3178 2747 Eutactus
3210 2695 3456 2762 nomine,

1859 2782 1974 2836 sive
2021 2781 2251 2836 Atactus
2297 2782 2499 2850 potius,
2534 2782 2639 2837 hoc
2675 2792 2760 2838 est
2787 2785 3032 2840 moribus
3075 2787 3454 2855 perturbatus.

1858 2872 1962 2937 Qui
2004 2887 2130 2925 eum
2171 2872 2360 2927 infelix
2389 2874 2519 2926 illud
2579 2874 2778 2944 dogma
2829 2877 3213 2942 eombibisset,
3267 2879 3322 2932 in
3365 2895 3463 2949 pa-

1857 2962 2017 3016 triam
2081 2977 2338 3017 reversus
2398 2963 2640 3032 profiteri
2715 2967 2885 3033 cmpit
2943 2968 3091 3035 quod
3165 2969 3453 3024 didicerat-

1857 3051 2144 3121 Ejusmodi
2191 3069 2356 3122 porro
2390 3055 2538 3108 velut
2582 3055 2649 3108 ab
2684 3055 2874 3125 aspide
2909 3073 3200 3123 venenum,
3254 3075 3283 3114 a
3325 3075 3458 3117 sene

1859 3144 2096 3214 quodam
2143 3144 2422 3209 hauserat,
2463 3149 2684 3200 nomine
2729 3147 2915 3213 Petro,
2951 3149 3044 3203 sed
3091 3149 3320 3205 minime
3352 3151 3457 3205 hac

176 3243 360 3315 Πέτρου
400 3245 751 3315 καλουμένου
785 3285 798 3309 ,
837 3246 896 3310 ὃς
950 3245 1189 3318 κατῴκει
1232 3248 1290 3298 ἐν
1333 3248 1397 3318 τῇ
1434 3247 1532 3317 τῆς
1578 3246 1757 3299 Ἐλευ-

1863 3237 2226 3308 appellatione
2259 3237 2426 3307 digno
2461 3255 2473 3290 :
2521 3238 2614 3307 qui
2648 3237 2704 3292 in
2738 3239 3196 3310 Eleutheropolis,
3234 3250 3286 3297 et
3320 3241 3453 3296 llie-

176 3333 500 3407 θεροπόλεως
569 3337 924 3408 Ἰερουσαλὴμ
975 3339 991 3370 ¹
1050 3339 1280 3411 ἐνορίᾳ,
1341 3338 1599 3392 ἐπέκεινα
1655 3339 1756 3410 τῆς

177 3427 379 3498 Χεϐρὼν
402 3429 530 3501 (54)
556 3431 804 3502 σημείοις
829 3431 999 3500 τρισὶ,
1021 3432 1423 3504 Καϐαρϐαριχά
1441 3431 1540 3503 τὴν
1564 3419 1718 3486 πόλιν
1735 3435 1755 3464 ¹

184 3515 434 3572 καλοῦσιν.
481 3511 671 3582 Οὗτος
708 3521 736 3571 ό
780 3519 957 3592 γέρων
1006 3519 1077 3572 τά
1116 3521 1310 3591 πρῶτα
1363 3519 1568 3591 ἔνδυμα
1611 3519 1756 3592 εἶχεν

181 3606 511 3682 ἔκπληκτον.
573 3611 914 3682 ὑποκρίσεως
966 3610 1156 3682 γέμον.
1212 3612 1451 3678 Ἐξωθεν
1506 3614 1606 3684 μὲν
1648 3613 1756 3685 γὰρ

181 3697 372 3768 ἀληθῶς
430 3700 638 3755 κώδιον
695 3701 968 3770 προϐάτου
1025 3701 1335 3772 ἠμφίεστο,
1389 3704 1638 3772 ἠγνοεῖτο
1698 3704 1757 3757 δὲ

186 3789 372 3845 ἔνδοθεν
421 3793 594 3852 λύκος
650 3792 912 3862 ὑπάρχων
960 3791 1165 3864 ἅρπαξ.
1213 3793 1601 3865 Ἀναχωρητὴς
1649 3793 1757 3865 γὰρ

186 3881 338 3936 ἐδόκει
363 3883 524 3948 εἶναι,
560 3885 620 3936 ἐν
664 3883 915 3954 σπηλαίῳ
947 3885 1055 3936 τινὶ
1085 3883 1468 3955 καθεζόμενος.
1502 3885 1598 3948 Ὃς
1627 3883 1756 3936 πολ-

186 3971 294 4038 λοὺς
315 3976 469 4047 δῆθεν
498 3976 811 4046 συνήγαγεν
836 3977 915 4039 είς
945 3974 1210 4040 ἀπόταξιν
1228 3993 1241 4006 ·
1267 3977 1364 4029 καὶ
1388 3976 1572 4049 πατὴρ
1597 3975 1757 4048 δῆθεν

187 4067 265 4120 διά
291 4086 348 4122 τε
374 4070 434 4122 τὸ
470 4069 655 4140 γῆρας
691 4068 785 4120 καὶ
819 4068 880 4120 τὸ
922 4069 1108 4139 σχῆμα
1153 4069 1434 4121 ἐκαλεῖτο·
1465 4069 1535 4122 τά
1563 4086 1622 4122 τε
1655 4069 1756 4121 αὑ-

188 4158 268 4211 τοῦ
309 4161 626 4232 ὑπάρχοντα
669 4163 908 4229 πτωχοῖς
945 4159 1208 4230 διένειμε,
1243 4159 1336 4213 καὶ
1385 4158 1508 4212 καθ’
1543 4159 1757 4230 ἡμέραν

192 4248 539 4320 ἐλεημοσύνας
572 4251 766 4304 ἐποίει.
807 4253 894 4303 Ἐν
926 4249 982 4302 δὲ
1019 4253 1085 4321 τῇ
1119 4249 1311 4322 πρώτῃ
1362 4250 1548 4321 ἡλικίᾳ
1589 4249 1786 4314 αὐτοῦ,

191 4339 240 4391 ἐν
270 4342 485 4406 πολλαῖς
514 4342 793 4413 αἱρέσεσιν
824 4339 1118 4410 ἐξητάσθη.
1163 4341 1284 4393 Ἐπὶ
1324 4341 1534 4393 Ἀετίου
1566 4340 1623 4394 δέ
1662 4339 1756 4393 τοῦ

190 4427 469 4489 ἐπισκόπου
499 4429 923 4503 κατηγορηθεὶς,
953 4429 1046 4482 καὶ
1077 4429 1354 4500 ἐλεγχθεὶς
1379 4429 1500 4482 τότε
1521 4430 1620 4500 τὴν
1650 4430 1757 4484 τῶν

195 4517 488 4576 Γνωστικῶν
530 4523 732 4594 μετιὼν
765 4522 996 4592 αἵρεσιν,
1033 4521 1311 4594 καθῃρέθη
1349 4521 1459 4574 ἀπὸ
1496 4521 1590 4574 τοῦ
1624 4539 1756 4593 πρε-

1859 3330 2266 3401 rosolymorum
2295 3330 2826 3400 finibusohabitabat,
2877 3333 3042 3387 tertio
3091 3333 3160 3386 ab
3201 3331 3458 3392 Ilebrone

1859 3419 2061 3490 lapide,
2092 3419 2292 3489 Oppido
2322 3421 2469 3489 quod
2508 3419 2915 3474 Cabarbaricha
2957 3423 3268 3476 nominant.
3315 3422 3456 3481 Huc

1857 3527 2024 3581 porro
2052 3513 2166 3566 seni
2207 3512 2441 3566 vestitus
2475 3521 2593 3566 erat
2635 3511 2794 3567 initio
2839 3513 3137 3584 asperitate
3173 3515 3291 3584 ipsa
3325 3516 3458 3570 hor-

1858 3605 2062 3669 ribilis,
2106 3613 2159 3659 et
2193 3604 2259 3657 ad
2305 3605 2712 3660 simulationem
2741 3606 3032 3663 alTectatus
3067 3626 3080 3663 :
3115 3623 3178 3663 ac
3206 3626 3328 3666 cum
3361 3629 3456 3666 ex-

1857 3697 2141 3751 trinsecus
2171 3697 2291 3750 ovis
2333 3696 2473 3765 pelle
2503 3707 2646 3752 esset
2676 3697 2924 3762 indutus,
2965 3701 3127 3768 lupus
3165 3712 3282 3756 erat
3306 3703 3456 3760 intus

1861 3790 2258 3860 rapacissimus
2299 3797 2351 3843 et
2387 3789 2660 3845 occultus.
2700 3773 3047 3847 Anachoreta
3082 3795 3284 3866 quippe
3329 3812 3456 3853 esse

1858 3882 2148 3938 videbatur
2180 3882 2231 3935 in
2266 3882 2530 3953 spelunca
2581 3882 2806 3954 degens.
2841 3884 2947 3951 Qui
2987 3887 3209 3956 quidem
3245 3890 3456 3960 pleros-

1860 3990 1968 4044 que
2001 3975 2273 4030 abdicatis
2305 3975 2545 4030 fortunis
2594 3979 2855 4033 omnibus
2889 3979 2956 4033 ad
2994 3996 3116 4036 sese
3160 3985 3452 4052 pertraxit,

1858 4064 2131 4135 Paterque
2177 4066 2337 4135 vulgo
2371 4080 2495 4119 cum
2547 4065 2620 4120 ob
2651 4074 2886 4132 aetatem,
2930 4076 3044 4122 tum
3090 4072 3161 4126 ob
3203 4073 3453 4129 habitum

1861 4155 2040 4225 ipsum
2074 4153 2338 4223 appellari
2373 4154 2605 4209 solebat.
2644 4154 2800 4209 ldem‘
2823 4158 3091 4229 quidquid
3121 4161 3355 4216 habebat
3395 4165 3451 4219 in

1859 4264 2061 4320 egenos
2082 4247 2438 4312 distribuere,
2463 4263 2527 4302 ac
2567 4249 2814 4319 quatidie
2838 4253 3034 4322 stipem
3067 4269 3315 4327 erogare.
3344 4257 3454 4314 Sed

1860 4341 1930 4394 ab
1975 4340 2202 4394 ineunte
2250 4346 2409 4393 aetate
2455 4339 2625 4395 variis
2676 4356 2736 4395 se
2785 4341 3092 4401 haeresibus
3143 4347 3452 4406 addixerat.

1861 4432 2057 4487 Postea
2105 4433 2171 4486 ad
2206 4432 2422 4486 Aetium
2467 4434 2790 4502 episc0pum
2845 4435 3085 4506 delatus,
3135 4454 3198 4494 ac
3231 4439 3456 4495 Gnosti-

1861 4540 2051 4580 eorum
2088 4523 2314 4579 haeresis
2348 4523 2656 4590 convictus,
2684 4538 2712 4577 a
2740 4527 3047 4582 sacerdotio
3068 4538 3456 4588 exauctoratus

194 4609 478 4683 σϐυτερίου.
503 4610 613 4667 Ἦν
651 4614 762 4685 γὰρ
799 4611 1161 4676 κατασταθείς
1206 4629 1339 4666 ποτε
1385 4613 1756 4685 πρεσϐύτερος

1863 4624 1968 4671 est.
2027 4614 2178 4673 Illius
2238 4617 2443 4688 quippe
2484 4614 2592 4668 loci
2643 4627 2866 4674 creatus
2919 4620 3048 4674 olim
3112 4619 3291 4677 fuerat
3332 4639 3456 4694 pre.

191 4701 275 4754 τοῦ
302 4705 399 4776 (τε)
428 4707 620 4760 τόπου.

252 4793 398 4848 Μετὰ
451 4796 510 4850 δὲ
557 4795 649 4850 τὸν
695 4793 918 4863 ἔλεγχον
962 4793 1070 4874 ύπδ
1099 4795 1310 4848 Ἀετίου
1360 4794 1616 4867 ἐδιώχθη,
1663 4795 1762 4848 καὶ

191 4883 423 4940 ἀπελθὼν
449 4887 771 4958 κατῴκησεν
806 4889 863 4940 ἐν
891 4888 958 4957 τῇ
995 4887 1226 4959 Ἀραϐίᾳ
1259 4889 1316 4940 ἐν
1343 4889 1606 4959 Κωχάϐῃ,
1633 4887 1762 4942 ἔνθα

194 4976 379 5031 αἰτῶν
404 4979 736 5034 Ἐϐιωναίων
780 4995 842 5031 τε
883 4981 980 5032 καὶ
1021 4977 1360 5050 Ναζωραίων
1401 4979 1548 5051 ῥίζαι
1593 4981 1760 5051 ἐνήρ-

195 5063 358 5132 ξαντο,
387 5070 461 5135 ὡς
501 5073 594 5126 καὶ
628 5074 687 5125 ἐν
725 5071 948 5136 πολλαῖς
998 5071 1245 5142 αἱρέσεσι
1279 5071 1408 5142 περὶ
1449 5072 1544 5126 τοῦ
1588 5073 1758 5126 τόπου

195 5158 367 5214 τούτου
393 5165 660 5236 ἐσήμανα.
687 5165 956 5235 ’Ὕστερον
980 5162 1057 5223 δὲ,
1083 5163 1159 5226 ὡς
1191 5162 1581 5234 σωφρονισθείς
1621 5164 1762 5235 πρὸς

194 5249 249 5301 τὸ
274 5252 464 5324 γῆρας,
501 5257 662 5311 πάλιν
691 5255 962 5327 ἐπανῆλθε
995 5255 1178 5326 φέρων
1212 5252 1390 5325 ἐαυτῷ
1428 5254 1634 5327 ταύτην
1662 5255 1762 5327 τὴν

201 5340 416 5400 ῑοϐολίαν
447 5349 704 5422 κρύϐδην.
738 5349 849 5402 Καὶ
869 5347 1021 5419 παρά
1047 5348 1213 5401 πᾶσιν
1239 5347 1626 5418 ἀγνοούμενος,
1657 5348 1764 5412 ἕως

198 5431 278 5485 ὅτε
321 5438 398 5502 εἰς
444 5439 689 5511 ἔσχατον,
732 5441 826 5510 ἀφ’
873 5433 950 5496 ὧν
992 5441 1073 5504 εἰς
1107 5433 1223 5494 ὦτά
1272 5456 1434 5493 τινων
1482 5439 1764 5511 ἐψιθύρισε

267 5610 282 5639 ¹
310 5609 366 5664 F.
392 5617 485 5668 καὶ
519 5617 742 5689 Ἰερουσ.
819 5620 840 5650 ³
879 5617 999 5675 Vel.
1031 5620 1127 5674 καὶ
1157 5615 1476 5688 Βαρὸαμχά
1499 5616 1600 5689 τὴν
1627 5616 1842 5690 κώμην.

1861 4707 2067 4762 sbvter.

1931 4799 2323 4871 Depreliensus
2377 4800 2586 4872 itaque,
2629 4809 2684 4857 et
2730 4802 2799 4858 ab
2835 4803 2991 4856 Aetio
3015 4804 3231 4874 pulsus,
3264 4804 3318 4858 in
3347 4804 3456 4859 Co-

1858 4890 2072 4948 chaben
2118 4891 2333 4946 Arabiae
2373 4893 2633 4964 oppidum
2681 4894 2960 4964 profectus
2983 4904 3067 4950 est
3102 4914 3117 4949 :
3156 4897 3245 4950 ubi
3288 4895 3455 4950 Ebio—

1857 4998 2101 5039 meorum
2151 4999 2216 5038 ac
2266 4982 2654 5040 Nazorzeorum
2707 4987 2921 5042 semina
2959 4987 3228 5058 pullulare
3269 5003 3454 5059 caepe-

1864 5085 2010 5141 rant,
2043 5085 2105 5130 ut
2138 5077 2194 5131 in
2228 5077 2416 5132 multis
2449 5077 2752 5134 refutandis
2804 5080 3107 5135 lueresibus
3142 5090 3302 5134 antea
3335 5095 3452 5133 mo-

1860 5168 2106 5223 nuimus.
2127 5167 2414 5224 Postremo
2439 5171 2586 5224 velut
2609 5173 2785 5227 aetatis
2811 5173 3125 5227 maturitate
3148 5172 3454 5242 sapientior

1861 5259 2062 5325 factus,
2096 5262 2438 5332 postliminio
2484 5264 2667 5330 rediit,
2718 5264 2963 5319 abditum
3009 5263 3143 5317 illud
3193 5263 3345 5319 virus
3396 5264 3452 5319 in

1861 5361 2084 5424 pectore
2123 5356 2324 5418 ferens,
2355 5363 2411 5410 et
2440 5357 2662 5427 ignotus
2688 5356 2976 5422 omnibus,
3011 5355 3187 5410 donec
3232 5355 3452 5410 tandem
3538 5407 3542 5413 .

1862 5444 2144 5500 nonnullis
2179 5461 2211 5501 e
2238 5447 2610 5515 sermonibus,
2660 5462 2800 5518 quos
2837 5448 2895 5501 in
2937 5445 3247 5516 aliquorum
3285 5460 3453 5504 aures

269 5765 370 5834 (5i)
415 5772 716 5832 Ἐπέκεινα
752 5776 864 5847 τῆς
891 5777 1146 5846 Χεϐρών.
1166 5781 1420 5839 Chebron
1446 5779 1757 5850 Eleutherol

1863 5794 1884 5836 ε
1920 5777 2082 5849 vulgo
2105 5790 2228 5834 esse
2249 5775 2516 5834 creditur.
