3934 6438
476 345 579 404 679

1893 339 1950 395 S.
1993 335 2333 393 EPIPHANII
3623 336 3703 390 680

481 461 893 526 insusurrabat,
942 474 1042 532 pro
1083 458 1340 515 haeretica
1381 467 1696 530 compertus
1730 473 1759 512 a
1795 457 1954 514 nobis
1975 472 2071 513 ex—

2183 457 2458 529 ῥημάτων,
2496 453 2771 524 ἐλεγχθεὶς
2812 451 3051 516 τοιοῦτος
3091 452 3181 523 ὑφ’
3228 451 3382 523 ἡμῶν
3427 451 3708 522 ἀνεθεματί.

481 553 942 618 communicatus,
975 559 1030 607 et
1064 549 1459 606 mediocritatis
1503 560 1707 605 nostra:
1737 563 1903 620 opera
1934 562 2070 603 con-

484 647 664 701 vietus
691 648 794 700 est.
834 642 990 698 Unde
1026 643 1079 696 in
1113 643 1432 712 speluncam
1469 640 1729 712 deinceps
1779 638 2069 704 abscessit,

485 738 730 792 omnium
761 735 1143 790 exsecratione
1172 733 1485 797 danmatus,
1515 739 1569 788 et
1603 743 1711 786 tam
1745 747 1775 786 a
1803 729 2072 786 fratribus

487 827 803 891 derelictus,
855 825 1017 896 292
1049 839 1214 894 quam
1260 838 1290 876 a
1337 824 1613 895 plerisque
1675 838 1704 876 a
1743 823 1946 892 quibus
1979 837 2076 878 ne—

482 920 728 975 cessaria
763 919 888 973 vitae
937 917 1192 988 praesidia
1241 917 1624 986 suppetebant.
1673 915 1751 970 Ad
1789 916 1936 970 hunc
1971 919 2076 971 ita-

482 1028 590 1082 que
619 1027 804 1068 senem
834 1011 946 1076 ille,
977 1024 1142 1080 quem
1170 1008 1308 1073 dixi,
1337 1007 1626 1084 Eutactus,
1651 1008 1697 1062 si
1725 1007 1829 1062 hoc
1855 1008 2076 1063 nomine

483 1103 762 1158 vocandus
789 1109 896 1168 est,
929 1117 1057 1156 cum
1106 1117 1170 1156 ex
1205 1098 1450 1172 Egypto
1479 1100 1744 1167 venisset,
1777 1099 1846 1155 ab
1897 1114 2076 1170 eoque

481 1196 670 1266 impiis
718 1194 1066 1265 dogmatibus
1115 1201 1260 1248 esset
1315 1192 1584 1257 imbutus,
1656 1191 1816 1246 talem
1866 1199 2074 1261 pestem

485 1285 634 1341 velut
661 1283 968 1354 exquisitas
1006 1297 1217 1337 merces
1247 1297 1434 1337 secum
1470 1281 1524 1336 in
1573 1282 1806 1352 patriam
1846 1281 2072 1336 revexit.

483 1376 617 1431 Erat
645 1377 783 1438 lure,
814 1384 874 1431 ut
904 1376 1164 1442 diximus,
1192 1375 1449 1432 Armenia
1474 1377 1659 1431 minor
1683 1377 1737 1431 in
1771 1377 1948 1431 vicina
1983 1376 2078 1431 Sa-

483 1468 608 1522 talae
636 1468 881 1538 regione.
926 1465 1048 1532 Quo
1088 1481 1214 1520 cum
1257 1474 1404 1522 esset
1440 1481 1719 1526 reversus.
1751 1465 2077 1536 contagione

485 1575 586 1615 sua
619 1559 1056 1630 quatnplurirnos
1111 1559 1222 1613 illic
1253 1559 1459 1614 infecit.
1494 1557 1630 1612 Nam
1662 1574 1720 1613 se
1757 1559 1810 1611 in
1837 1558 2076 1628 locuple-

485 1660 603 1705 tum
664 1649 1064 1721 quorumdam,
1119 1664 1184 1702 ac
1239 1648 1500 1704 senatorii
1555 1648 1763 1704 ordinis
1824 1648 2073 1713 fctninae,

487 1742 836 1810 aliorumque
883 1740 1268 1810 primariorum
1306 1737 1604 1791 amicitiam
1641 1739 1948 1803 insinuans,
1981 1753 2078 1808 per

485 1850 582 1890 eos
609 1809 798 1903 utpote
832 1809 1111 1902 principes
1152 1832 1300 1887 viros
1335 1829 1565 1884 inlinitis
1608 1829 1927 1884 hominibus
1961 1830 2078 1883 exi-
2109 1809 2150 1864 Β

487 1927 623 1980 tium
665 1924 868 1978 attulit.
911 1921 1019 1978 Sed
1060 1936 1184 1978 eum
1223 1921 1490 1976 DominUS
1533 1921 1784 1976 celeriter
1819 1935 1853 1976 e
1899 1922 2080 1977 medio

485 2018 730 2082 sustulit,
765 2031 890 2071 cum
915 2015 1030 2086 jam
1063 2013 1271 2068 zizania
1303 2029 1402 2069 sua
1440 2013 1758 2084 sparsisset.

552 2109 619 2167 ll.
680 2110 951 2165 Caeterum
1013 2107 1105 2164 isti
1169 2107 1514 2178 apocryphos
1571 2105 1842 2176 quosdam
1909 2106 2080 2162 libros

484 2204 780 2259 tinxerunt.
799 2201 837 2254 E
853 2201 1050 2272 quibus
1068 2200 1323 2255 duosunt
1346 2197 1682 2270 Symphoniae
1701 2197 1944 2262 nomine,
1965 2213 2081 2251 ma-

480 2299 570 2368 jor
596 2294 852 2351 videlicet
884 2308 950 2348 ac
975 2293 1174 2347 minor.
1209 2290 1416 2347 Praeter
1445 2306 1586 2362 quos
1612 2291 1912 2346 nonnullos
1942 2291 2082 2348 alios

484 2386 553 2442 iis
589 2387 917 2457 quibuscum
952 2386 1133 2454 ‘agunt
1183 2397 1512 2453 percensere
1549 2385 1750 2448 solent,
1812 2391 1873 2437 ut
1926 2398 2080 2438 erro-

483 2493 600 2546 rem
646 2493 808 2534 suum
848 2476 1037 2531 multis
1077 2475 1500 2530 auctoritatibus
1526 2474 1802 2529 affirmare
1853 2489 1917 2529 ac
1952 2489 2082 2544 pro-

483 2571 616 2626 bare
671 2571 982 2626 videantur.
1019 2567 1231 2634 Habent
1284 2577 1334 2622 et
1381 2582 1522 2638 quos
1584 2566 1941 2634 Ἀλλογενεῖς,
1976 2567 2081 2620 hoc

484 2672 571 2718 est
605 2662 933 2731 alienigenas
963 2667 1182 2722 vocant,
1217 2660 1298 2714 sic
1333 2659 1631 2729 inscriptos
1667 2658 1904 2713 libellos.
1948 2657 2080 2713 Item

484 2769 552 2809 ex
590 2753 899 2808 Anabatico
929 2751 1104 2817 Isaiae,
1153 2759 1206 2806 et
1253 2751 1307 2804 id
1354 2765 1526 2822 genus
1560 2751 1890 2822 apocryphis
1920 2765 2083 2820 argu-

487 2853 672 2902 menta
718 2844 1068 2915 depromunt.
1125 2841 1232 2898 Sed
1287 2857 1353 2898 eo
1403 2842 1566 2906 libro,
1603 2843 1693 2897 cui
1745 2841 2082 2913 Symp/iouia

486 2951 685 2992 nomen
716 2944 820 3002 est,
852 2936 930 2989 uti
965 2933 1312 3004 potissimum
1350 2934 1532 2989 solent
1561 2953 1573 2989 :
1608 2936 1663 2989 in
1697 2951 1809 3004 quo
1827 2935 2082 2989 cmlcstes

485 3027 650 3084 erbes
698 3034 824 3081 octo
857 3027 941 3082 vel
990 3037 1197 3095 septem
1250 3040 1373 3080 esse
1422 3021 1713 3080 definiunt.
1769 3023 1979 3080 Horum
2023 3024 2078 3077 in

484 3117 720 3186 singulis
748 3118 991 3175 residere
1021 3117 1301 3189 principes
1328 3136 1342 3173 :
1369 3118 1445 3172 ita
1480 3125 1539 3172 ut
1569 3133 1666 3188 per
1695 3125 1952 3189 septenos
1981 3133 2078 3172 or-

483 3206 587 3265 bes
611 3209 894 3264 distributi
928 3211 1062 3278 sint,
1095 3217 1259 3281 atque
1287 3226 1430 3266 unus
1454 3211 1508 3266 in
1541 3210 1791 3281 Quolibet
1819 3211 2078 3282 princeps

485 3301 745 3358 exsistat.
777 3301 973 3358 Certos
1025 3317 1190 3372 porro
1241 3303 1536 3374 unicuique
1579 3302 1814 3373 principi
1860 3301 2084 3357 ordines

483 3410 610 3453 esse
637 3395 967 3466 descriptos.
1007 3395 1183 3464 Supra
1217 3410 1360 3464 quos
1388 3409 1580 3450 omnes
1609 3405 1809 3450 octavo
1850 3393 1906 3448 in
1941 3393 2083 3447 coelo

487 3486 730 3541 lucidam
774 3485 1001 3540 Matrem
1049 3497 1371 3539 camerarum
1426 3486 1710 3541 hmreseon
1749 3499 1902 3539 more
1946 3499 2082 3538 con-

489 3577 748 3634 stituunt.
802 3575 909 3632 Sed
943 3591 1135 3630 eorum
1185 3576 1354 3645 aliqui
1400 3575 1721 3632 fmdissimis
1760 3574 2082 3632 libidinibus

489 3681 724 3736 corpora
767 3681 868 3721 sua
910 3666 1312 3721 contaminant.
1347 3665 1453 3721 Alii
1499 3665 1708 3736 jejunia
1759 3666 2085 3723 simulantes

491 3757 892 3812 monachorum
931 3757 1117 3826 specie
1153 3755 1582 3827 simplicioribus
1618 3757 1880 3822 illudunt,
1914 3775 1980 3815 ac
2026 3776 2086 3816 se

491 3847 764 3901 bonorum
797 3849 1043 3902 omnium
1090 3847 1438 3903 abdicatione
1467 3849 1772 3904 venditant.
1803 3848 1923 3905 Jam
1956 3866 2086 3907 vero

494 3939 550 3992 in
594 3952 947 4010 unoquoque,
1003 3948 1064 3994 ut
1111 3940 1320 3995 dictum
1375 3952 1480 4007 est,
1518 3941 1661 3996 cmlo
1698 3943 2004 4012 principem
2032 3951 2089 3998 et

491 4039 820 4100 potestatem
856 4045 982 4085 cum
1016 4031 1225 4104 angelis
1260 4031 1470 4102 aliquot
1508 4034 1920 4112 apparitoribus
1967 4037 2084 4092 col-

491 4122 701 4177 locant.
756 4120 1065 4187 Quemlibet
1107 4123 1252 4176 enim
1297 4123 1605 4195 principem
1657 4140 1790 4180 suos
1841 4125 1946 4180 sibi
1994 4141 2087 4196 ge-

492 4214 684 4270 nuisse
760 4228 826 4269 ac
876 4229 1197 4283 procreasse
1249 4216 1538 4272 satellites.
1597 4216 1836 4273 Carnem
1886 4226 2089 4289 negant

493 4321 804 4378 resurgere,
841 4305 1006 4376 idque
1051 4305 1156 4361 soli
1197 4307 1394 4362 anima:
1427 4308 1698 4364 tribuunt.
1744 4308 2085 4381 Baptismum

491 4395 760 4450 damnant
793 4411 806 4447 :
847 4397 1066 4453 tametsi
1094 4396 1238 4451 inter
1265 4412 1360 4452 eos
1399 4398 1511 4454 sint
1561 4399 1657 4469 qui
1684 4400 1958 4471 baptismo
1986 4417 2088 4456 an-

493 4496 582 4542 tea
616 4487 815 4542 initiati
846 4486 1074 4542 fuerint.
1112 4487 1497 4558 Mysteriorum
1527 4493 1974 4548 communionem
2020 4508 2085 4550 ac
2113 4524 2164 4585 υ

494 4580 796 4635 bonitatem
844 4580 1160 4649 repudiant,
1210 4589 1468 4650 tanquam
1505 4581 1763 4649 alienam,
1799 4591 1854 4639 et
1887 4585 1942 4638 in
1979 4599 2082 4641 no-

495 4668 644 4724 mine
695 4667 859 4738 293
911 4667 1154 4723 Sabaoth
1199 4677 1494 4738 repertam.
1530 4669 1688 4726 Hunc
1721 4675 1888 4742 enim,
1923 4683 1983 4730 ut
2031 4686 2085 4732 et

497 4759 619 4814 aliae
666 4761 916 4830 quaedam
949 4759 1207 4823 hereses,
1244 4759 1478 4830 septimo
1509 4761 1566 4816 in
1595 4761 1728 4817 orbe
1755 4766 1984 4832 versari,
2020 4782 2086 4821 ac

498 4849 845 4923 tyrannidem
895 4864 1153 4906 exercere
1211 4851 1536 4921 praedicant,
1582 4861 1920 4925 caeterosque
1969 4857 2084 4912 vio-

495 4941 671 4996 lenter
699 4941 1032 5013 opprimere.
1073 4941 1491 5015 Principatuum
1533 4952 1978 5018 potestatumque
2005 4950 2084 5004 ci-

492 5034 625 5091 bum
672 5035 915 5090 animam
952 5036 1256 5106 appellant,
1290 5038 1410 5093 sine
1443 5037 1551 5109 qna
1582 5039 1766 5096 vivere
1809 5041 1934 5097 illos
1972 5058 2083 5098 non

494 5140 677 5195 posse,
709 5125 858 5198 quod
899 5142 930 5181 a
964 5128 1179 5184 ccelesti
1222 5145 1346 5185 rore
1386 5139 1671 5200 procreata
1713 5141 1924 5204 vegetet
1959 5135 2086 5191 illos

494 5231 560 5273 ac
585 5216 787 5275 foveat.
817 5217 951 5286 Quae
977 5235 1105 5275 cum
1143 5218 1211 5274 ad
1240 5221 1610 5292 cognitionem
1646 5225 1978 5294 pervenerit,
2021 5239 2086 5280 ac

496 5304 834 5379 baptismum
886 5310 1143 5367 Ecclesiae
1190 5328 1502 5385 nomenque
1545 5312 1812 5382 Sabaoth,
1857 5316 1951 5386 qui
1986 5331 2087 5370 au-

499 5406 617 5454 ctor
665 5403 804 5474 legis
850 5411 956 5474 est,
1008 5404 1280 5477 eil‘ugerit,
1315 5405 1383 5461 ad
1434 5407 1680 5479 singulos
1715 5407 1934 5464 evolare
1977 5423 2087 5464 coe-

573 5579 591 5610 ¹
617 5578 678 5635 F.
705 5579 958 5650 βεϐαίων.
1037 5589 1056 5620 ³
1088 5585 1150 5641 F.
1176 5587 1582 5659 κεχραμμὲνοι.

578 5752 690 5818 (35)
716 5755 952 5812 Είὸἐκαι
982 5759 1051 5815 δὲ
1075 5765 1205 5822 καθ’
1236 5766 1519 5826 ἕκαστον.
1551 5767 1614 5824 ι’.
1645 5767 1785 5826 εἶναι

2176 549 2302 620 σθη,
2327 549 2420 602 καὶ
2447 547 2771 618 ἐλήλεγκται
2803 545 2890 600 διὰ
2924 544 3214 616 τῆςήμῶν
3239 543 3582 616 βραχύτητος.
3621 546 3710 600 Καὶ

2173 639 2427 695 ἐκάθισεν
2462 642 2520 693 ἐν
2544 638 2623 711 τῷ
2649 636 2898 709 σπηλαίῳ
2927 635 3114 690 λοιπὸν
3145 635 3447 705 βδελυχθεὶς
3476 635 3574 689 ὑπὸ
3605 636 3713 689 πάν-

2173 752 2303 800 των,
2349 735 2444 789 καὶ
2491 733 2754 805 μονωθεὶς
2797 731 2907 786 ἀπὸ
2942 730 3044 801 τῆς
3083 728 3475 800 ἀδελφότητος,
3507 727 3595 782 καὶ
3627 728 3715 782 ἀπὸ

2176 825 2444 879 πλείστων
2503 825 2612 878 τῶν
2663 823 2767 894 τῆς
2814 821 2962 893 ζωῆς
3025 819 3236 874 ἑαυτῶν
3291 820 3714 891 ἐπιμελουμένων.

2176 915 2321 988 Πρὸς
2350 913 2539 969 τοῦτον
2571 914 2662 968 τὸν
2701 914 2935 986 γέροντα
2968 912 3262 983 καταχθεὶς
3299 914 3328 966 ὁ
3360 912 3718 984 προειρημένος

2175 1002 2472 1082 Εὑτακτος,
2500 1003 2614 1071 εἴγε
2649 1002 2946 1066 Εὑτακτος,
2975 1003 3083 1057 ἀπὸ
3109 1003 3210 1074 τῆς
3248 1001 3522 1071 Αἰγύπτου
3546 1003 3718 1073 διερχό·

2180 1112 2360 1166 μενος,
2385 1083 2479 1150 καὶ
2501 1094 2824 1166 μεταλαϐὼν
2847 1097 2944 1166 τῆς
2969 1094 3064 1148 τοῦ
3088 1095 3344 1166 γέροντος
3369 1094 3721 1148 κακοδιδασκα-

2176 1185 2316 1250 λίας,
2352 1185 2428 1250 ὠς
2465 1185 2709 1256 μεγάλην
2735 1185 3008 1256 ἐμπορίαν
3028 1185 3090 1238 τὸ
3126 1184 3450 1256 δηλητήριον
3477 1184 3619 1239 τοῦτο
3648 1185 3720 1240 λιι-

2176 1276 2308 1342 ϐὼν,
2326 1279 2406 1341 είς
2429 1277 2526 1346 τὴν
2547 1276 3001 1349 ἑαυτοῦ³πατρίδα
3020 1277 3381 1348 ἀπεκόμισεν.
3399 1274 3504 1330 Ἦν
3524 1275 3622 1348 γὰρ
3639 1279 3722 1331 ἀπὸ

2176 1374 2275 1443 τῆς
2294 1372 2498 1442 μικρᾶς
2521 1371 2838 1443 Ἀρμενίας,
2863 1371 2940 1436 ὡς
2971 1370 3130 1442 ἔφην,
3166 1369 3504 1442 ὁρμώμενος,
3526 1369 3624 1424 τῶν
3645 1371 3722 1422 Xa-

2177 1463 2344 1534 τάλης
2393 1462 2620 1534 πλησίον
2677 1463 2880 1516 τόπων.
2923 1461 3266 1516 Ἐπανελθὼν
3309 1463 3392 1525 εἰς
3434 1463 3531 1532 τὴν
3563 1460 3720 1514 ἑαυτοῦ

2179 1556 2436 1627 πατρίδα,
2471 1555 2700 1619 πολλοὺς
2735 1555 2932 1627 ἐχρανε
2971 1554 3071 1624 τῆς
3112 1555 3280 1625 αὐτῆς
3317 1556 3519 1626 μικρᾶς
3558 1555 3721 1624 Ἀρμε-

2178 1648 2317 1714 νίας,
2352 1648 2723 1720 προσφθαρείς
2746 1666 2856 1702 τισι
2880 1647 3177 1710 πλουσίοις,
3205 1647 3541 1718 συγκλητικῇ
3571 1648 3625 1699 τὲ
3642 1665 3721 1698 τινι

2181 1742 2276 1794 καὶ
2329 1740 2511 1804 ἄλλοις
2563 1739 2975 1814 περιϐλέπτοις,
3016 1740 3082 1793 δι’
3127 1733 3202 1791 ὧν
3246 1737 3518 1808 διαφανῶν
3553 1737 3722 1807 ἀνδρῶν

2181 1830 2412 1895 πολλοὺς
2449 1833 2628 1886 ἐκεῖσε
2679 1832 2949 1886 ἀπώλεσε.
2973 1832 3171 1901 Τάχιον
3212 1829 3270 1882 δὲ
3311 1830 3471 1883 αὐτὸν
3495 1831 3522 1882 ὁ
3558 1829 3722 1900 Κύριος

2179 1920 2272 1972 τοῦ
2310 1921 2424 1991 βίον
2451 1920 2720 1992 ἐξήλειψε,
2755 1919 2894 1994 πλὴν
2927 1922 3008 1975 ὅτι
3042 1920 3264 1991 ἔσπειρε
3295 1921 3358 1973 τὸ
3384 1918 3572 1974 ἑαυτοῦ
3609 1919 3726 1984 ζιζά-

2182 2028 2312 2065 νιον.

2253 2103 2327 2156 B’.
2359 2103 2468 2157 Καὶ
2499 2098 2642 2158 οὗτοι
2688 2104 2744 2157 δὲ
2797 2103 2947 2175 ὅμως
2989 2103 3203 2174 βίϐλους
3243 2103 3460 2166 ἑαυτοῖς
3504 2101 3723 2156 ἑπλαστο·

2181 2196 2473 2266 γράφησάν
2523 2212 2676 2258 τινας
2720 2193 3094 2266 ἀποκρύφους,
3125 2187 3200 2247 ὧν
3239 2192 3314 2246 τὰ
3362 2191 3596 2263 ὀνόματά
3635 2193 3722 2243 ἐστι
3819 2257 3822 2268 Ι

2181 2287 2373 2341 ταῦτα.
2395 2288 2437 2339 Τ
2441 2278 2468 2340 ὸ
2496 2289 2594 2358 μὲν
2625 2287 2735 2359 γάρ
2765 2288 3144 2358 Συμφωνίαν,
3167 2285 3366 2358 μικρὸν
3385 2285 3540 2357 δῆθεν
3563 2283 3724 2355 βιϐλίον

2182 2375 2431 2441 καλοῦσι,
2459 2377 2520 2428 τὸ
2549 2375 2604 2429 δὲ
2637 2376 2782 2448 μέγα
2804 2375 3161 2448 Συμερωνίαν.¹
3178 2375 3345 2430 Ἀλλά
3369 2376 3461 2429 καὶ
3486 2375 3607 2430 ἄλλα
3633 2374 3726 2426 τινὰ
3819 2425 3822 2432 ,

2185 2466 2366 2538 βιϐλία
2399 2460 2610 2531 ἑαυτοῖς
2658 2466 3109 2538 ἑπισωρεύουσιν,
3147 2462 3228 2531 οἷς
3267 2467 3367 2521 ἐὰν
3418 2466 3724 2535 συντὺχωσιν,
3819 2519 3822 2526 ,

2187 2561 2272 2614 ἵνα
2302 2561 2495 2627 δόξωσι
2530 2560 2626 2632 τὴν
2651 2559 2859 2613 ἑαυτῶν
2881 2559 3090 2631 πλάνην
3115 2559 3201 2612 διὰ
3237 2559 3452 2613 πολλῶν
3483 2557 3722 2629 βεϐαιοῦν¹

2187 2651 2762 2726 ἐπισυνεισφέρεσθαι.
2801 2652 2942 2722 Ἤδη
2991 2651 3048 2704 δὲ
3092 2653 3187 2705 καὶ
3231 2656 3348 2718 τοῖς
3382 2649 3726 2720 ’Λνιιοτενέσι

2184 2743 2540 2814 καλουμένοις
2579 2743 2905 2815 κέχρηνται·
2962 2743 3133 2814 βίϐλοι
3172 2744 3284 2816 γάρ
3321 2747 3459 2798 εἰσιν
3495 2741 3624 2796 οὑτω
3655 2757 3726 2794 κα-

2183 2835 2462 2906 λούμεναι.
2485 2837 2842 2908 Λαμϐάνουσι
2876 2837 2932 2890 δὲ
2967 2829 3137 2901 λαϐὰς
3160 2837 3270 2891 ἀπὸ
3297 2837 3394 2891 τοῦ
3417 2827 3725 2892 ’.ὶναϐατικοῦ
3819 2861 3822 2864 -

2197 2929 2420 2994 Ἦσαζίου
2441 2945 2457 2961 ⁸
2489 2928 2570 2982 ἑτι
2599 2928 2654 2982 δέ
2685 2930 2780 2983 καὶ
2807 2929 2982 2984 ἀλλων
3026 2928 3188 2984 τινῶν
3218 2927 3657 3056 ἀποκρύφἚτὺ
3685 2926 3726 2978 δὲ
3819 2925 3842 3056 i

2197 3023 2295 3056 ...τη
2335 3023 2398 3056 ιν
2451 3021 2543 3056 ...ηπ
2589 3015 2902 3056 ςά..,,.,...νυ.1η.
2947 3021 3286 3056 "Amulium.
3343 3023 3541 3056 meum
3615 3007 3664 3056 ιηλ
3694 3010 3726 3056 ἕ.

2185 3023 2295 3076 πᾶν
2334 3023 2399 3075 ἐκ
2451 3021 2543 3075 τοῦ
2579 3015 2904 3092 Συιιφωνία
2947 3021 3287 3092 καλουμένου
3341 3007 3726 3094 βιϐλίᾶβέιῷ

2184 3115 2416 3183 ὁγδοάδα
2468 3113 2594 3167 τινὰ
2625 3114 2878 3184 λέγουσιν
2899 3109 3040 3168 εἶναι
3072 3115 3326 3187 οὐρανὸν,
3353 3116 3448 3168 καὶ
3479 3110 3723 3183 ἑϐδομάδα.

2186 3206 2397 3261 Είδέναι
2425 3206 2480 3260 δὲ
2510 3207 2632 3260 καθ’
2659 3206 2893 3261 ἕκαστον
2923 3207 3033 3278 (55)
3065 3208 3296 3279 οὐρανὸν
3339 3210 3622 3280 ἄρχοντας·
3658 3202 3726 3257 καὶ

2183 3300 2312 3363 τοὺς
2349 3299 2448 3369 μέν
2473 3295 2613 3353 εἶναι
2637 3301 2763 3363 τοὺς
2795 3299 2935 3353 ἑπτὰ
2959 3300 3246 3372 οὐρανοὺς,
3275 3301 3400 3355 καθά
3432 3301 3522 3354 ἕνα
3541 3299 3727 3369 οὐρανὸν

2183 3390 2279 3444 ἕνα
2310 3392 2579 3463 ἄρχοντα·
2626 3390 2806 3457 τάξεις
2843 3390 2900 3444 δὲ
2931 3386 3072 3447 εἶναι
3115 3393 3338 3463 ἑκάστῳ
3377 3393 3604 3466 ἄρχοντι.
3644 3390 3728 3449 Καὶ

2184 3482 2283 3554 τὴν
2319 3484 2549 3556 Μητέρα
2589 3483 2686 3556 τὴν
2739 3484 3008 3556 φωτεινὴν
3061 3485 3329 3538 ἀνωτάτω
3371 3488 3429 3540 ἑν
3475 3485 3550 3555 τῷ
3592 3481 3729 3550 ὀγδόῳ

2185 3569 2362 3641 εἶναι,
2408 3575 2663 3648 καθάπερ
2699 3577 2755 3629 αἱ
2806 3576 2965 3630 ἄλλαι
3011 3576 3272 3650 αἱρέσεις.
3327 3579 3438 3632 Καὶ
3489 3565 3618 3637 τινὲς
3654 3573 3728 3644 μὲν

2185 3667 2367 3721 αὐτῶν
2417 3667 2556 3721 κατὰ
2616 3669 2687 3721 τὰ.
2736 3669 2969 3740 σώματα
3023 3670 3466 3741 κεχραμμένων²
3515 3665 3728 3734 ἀσελγείᾳ

2185 3763 2582 3831 τυγχάνουσιν
2619 3759 2768 3813 ἄλλοι
2815 3760 2873 3813 δὲ
2901 3759 3063 3830 δῆθεν
3097 3761 3478 3832 προσποιητὴν
3519 3757 3728 3830 νηστείαν

2185 3849 2606 3923 ὑποκρίνονται·
2649 3851 2901 3906 ἀπατῶσι
2942 3851 2998 3905 δὲ
3046 3851 3174 3915 τοὺς
3225 3852 3608 3924 ἀφελεστέρους
3656 3849 3728 3900 ἁν-

2188 3941 2443 4014 θρώπους
2494 3943 2846 4013 προσχήματι
2885 3942 3261 4012 μοναζόντων,
3309 3942 3599 4008 ἀποταξίαν
3637 3936 3730 3990 τινὰ

2190 4033 2600 4106 σεμνυνόμενοι.
2639 4035 2777 4086 Φασὶ
2822 4034 2880 4086 δὲ
2913 4030 3053 4088 εἶναι
3093 4035 3215 4090 καθ’
3249 4037 3480 4090 ἑκαστον
3523 4031 3728 4104 οὐρανὸν,

2187 4125 2265 4190 ὡς
2299 4128 2560 4197 προεῖπον
2581 4165 2597 4191 ,
2649 4125 2826 4198 ἀρχὴν
2872 4127 2968 4180 καλ⁸
3020 4125 3270 4192 ἐξουσίαν
3291 4169 3306 4194 ,
3339 4129 3436 4182 καὶ
3481 4123 3730 4196 ἀγγελικάς

2187 4233 2341 4281 τινας
2374 4216 2708 4290 ὑπηρεσίας,
2735 4218 2966 4272 ἑκάστου
2999 4218 3261 4290 ἄρχοντος
3298 4218 3478 4290 ἐαυτῷ
3516 4231 3728 4287 γεγεννη-

2189 4308 2348 4373 κότος
2377 4309 2474 4362 καὶ
2504 4309 2866 4380 πεποιηκότος
2907 4311 3234 4383 ὑπηρεσίαν.
3267 4313 3360 4384 Μὴ
3390 4309 3524 4365 εἶναι
3553 4310 3603 4363 δὲ
3631 4321 3730 4376 σαρ-

2190 4401 2286 4465 κὸς
2325 4402 2644 4470 ἀνάστασιν,
2689 4403 2824 4458 ἀλλά
2857 4403 3017 4475 μόνον
3058 4405 3258 4476 ψυχῆς.
3289 4395 3728 4476 Ἀναθεματίζουσί

2188 4512 2250 4548 τε
2283 4494 2344 4548 τὸ
2375 4494 2619 4566 λουτρὸν,
2649 4497 2751 4550 κᾶν
2777 4513 2836 4549 τε
2870 4492 2983 4550 εἶέν
3012 4515 3154 4561 τινες
3176 4499 3235 4552 ἑν
3261 4499 3446 4562 αὐτοῖς
3473 4493 3726 4568 προειλημ-

2194 4583 2346 4655 μένοι
2400 4586 2497 4639 καὶ
2544 4586 2984 4658 βεϐαπτισμένοι.
3028 4589 3140 4660 Τήν
3187 4605 3248 4642 τε
3298 4589 3410 4645 τῶν
3462 4583 3728 4659 μυστηρίων

2197 4679 2434 4749 μετοχὴν
2483 4681 2578 4733 καὶ
2629 4680 2944 4752 ἀγαθότητα
2997 4681 3318 4750 ἀθετοῦσιν,
3359 4683 3436 4746 ὡς
3488 4675 3728 4748 ἀλλοτρίαν

2189 4766 2376 4837 οὖσαν,
2415 4772 2511 4825 καὶ
2557 4774 2638 4836 είς
2671 4762 2847 4844 ὄνομα
2882 4773 3112 4828 Σαϐαὼθ
3140 4775 3538 4846 γεγενημένην·
3579 4769 3729 4825 τοῦτον
3839 4809 3842 4812 .

2190 4861 2301 4934 γάρ
2329 4862 2576 4916 θέλουσιν
2615 4861 2754 4918 εἶναι
2786 4865 2930 4920 κατά
2967 4883 3120 4931 τινας
3147 4866 3256 4922 τῶν
3293 4868 3469 4922 ἄλλων
3508 4863 3729 4936 αἱρέσεων

2195 4953 2253 5005 ἑν
2286 4952 2363 5023 τῷ
2387 4952 2601 5026 ἑϐδόμῳ
2651 4955 2868 5027 οὐρανῷ
2903 4958 3274 5028 τυραννοῦντα
3295 4999 3311 5026 ,
3345 4959 3439 5012 καὶ
3481 4955 3612 5010 κατὰ
3645 4947 3728 5002 τῶν

2190 5043 2364 5098 ἄλλων
2394 5045 2774 5116 κατισχύοντα.
2802 5047 3009 5120 Βρῶμα
3039 5049 3096 5102 δὲ
3135 5049 3382 5119 λέγουσιν
3411 5045 3544 5102 εἶναι
3578 5040 3728 5114 ἀρχῶν

2189 5135 2284 5188 καὶ
2308 5134 2568 5200 ἐξουσιῶν
2586 5137 2686 5210 τὴν
2715 5139 2916 5211 ψυχήν.
2942 5141 3106 5194 Ἄνευ
3133 5141 3190 5196 δέ
3218 5142 3383 5196 αὑτοῦ
3413 5142 3485 5213 μὴ
3508 5133 3726 5192 δύνασθαι

2187 5228 2386 5292 αὐτοὺς
2413 5229 2533 5302 ζῇν,
2567 5229 2656 5285 διὰ
2689 5231 2750 5284 τὸ
2796 5233 2905 5287 ἀπὸ
2946 5233 3046 5304 τῆς
3086 5235 3294 5288 ἄνωθεν
3337 5233 3554 5304 ἰκμάδος
3586 5223 3726 5291 αὐτὴν

2193 5317 2353 5389 εἶναι,
2382 5323 2478 5376 καὶ
2522 5322 2752 5397 δύναμιν
2793 5327 2978 5392 αὐτοῖς
3015 5328 3299 5401 παρέχειν.
3345 5329 3431 5380 Ἐν
3467 5320 3646 5393 γνώσει
3681 5314 3724 5366 δὲ

2191 5411 2398 5482 ταύτην
2423 5415 2742 5488 γενομένην,
2793 5420 2888 5472 καὶ
2931 5420 3209 5490 φυγοῦσαν
3245 5421 3307 5475 τὸ
3355 5419 3616 5486 Βάπτισμα
3650 5407 3723 5475 τῆς
