3934 6420
119 426 130 435 .
209 380 319 442 681

896 385 1269 443 ADVERSUS
1309 386 1646 443 ILERESES
1685 387 1816 445 LIB.
1856 388 1900 444 l.
1943 387 2111 445 TOM.
2155 388 2242 444 Ill.
2271 418 2337 429 -—
2378 386 2652 445 l-leRES.
2693 388 2806 442 XL.

3406 389 3517 446 682

231 495 588 566 Ἐκκλησίας,
621 497 798 552 καὶτὸ
831 497 1006 570 ὄνομα
1033 499 1128 553 τοῦ
1163 500 1388 555 Σαϐαὼθ
1423 501 1516 554 τοῦ
1543 501 1634 554 τὸν
1655 501 1817 572 νόμον

1932 503 2089 558 lestcs
2114 502 2299 573 orbes,
2335 516 2503 572 seque
2531 502 2674 572 apud
2700 516 3145 575 unamquamque
3183 511 3512 575 potestatem

207 588 540 653 δεδωκότος,
573 591 780 644 ἀνιέναι
810 591 933 646 καθ’
967 592 1199 646 ἕκαστον
1244 593 1494 665 οὐρανὸν,
1551 593 1643 647 καὶ
1675 596 1811 650 ἀπο-

215 681 415 750 λογίαν
456 681 655 735 διδόναι
694 683 900 755 ἑκάστῃ
924 683 1175 756 ἐξουσίᾳο
1209 686 1305 738 καὶ
1345 684 1518 751 οὕτως
1551 685 1812 757 ὑπερϐαί-

211 791 339 828 νειν
370 774 508 847 πρὸς
556 775 657 846 τὴν
702 776 983 849 ἀνωτέραν
1027 774 1259 851 Μητέρα
1306 778 1403 831 καὶ
1444 779 1667 849 Πατέρα
1705 777 1814 830 τῶν

209 867 383 931 ὅλων,
412 868 536 921 ὅθεν
579 868 644 939 δὴ
679 868 948 939 κατῆλθεν
989 869 1069 932 εἰς
1101 869 1252 923 τόνδε
1282 869 1373 923 τὸν
1409 870 1632 941 κόσμον.
1673 869 1811 940 Ἤδη

211 958 276 1012 δὲ
309 953 488 1024 εἷπον,
516 959 591 1024 ὡς
617 961 1074 1032 άναθεματίζουσι
1101 961 1162 1014 τὸ
1200 961 1503 1032 βάπτισμα,
1537 963 1618 1028 ὡς
1645 961 1815 1030 μυῖαι

213 1053 597 1107 θανατοῦσαι
630 1054 1000 1124 σαπριοῦσαι
1041 1056 1386 1109 σκευασίαν
1425 1055 1636 1109 ἐλαίου
1672 1053 1816 1124 ἠδύ-

212 1157 490 1213 σματος·
536 1143 612 1207 ὡς
648 1144 742 1196 ἐπεὶ
777 1143 986 1198 τούτων
1035 1145 1130 1198 καὶ
1163 1145 1273 1198 τῶν
1317 1144 1518 1216 ὁμοίων
1561 1146 1748 1210 αὐτοῖς
1781 1150 1815 1216 ἡ

216 1234 516 1307 παραϐολὴ
548 1235 626 1306 τῷ
649 1235 1051 1310 Ἐκκλησιαστῇ
1084 1238 1320 1309 εἴρηται.
1340 1239 1514 1291 Μυῖαι
1539 1238 1648 1307 γάρ
1678 1240 1816 1292 εἰσιν

213 1326 447 1398 ἀληθῶς
497 1326 855 1395 θανατοῦσαι,
905 1329 1002 1382 κοιλ⁴
1045 1328 1275 1384 θάνατον
1323 1329 1681 1400 ἐμποιοῦσαι,
1721 1332 1818 1385 καὶ

218 1419 590 1489 σαπρίζουσαι
614 1420 680 1474 τὸ
714 1421 1017 1492 μυρεψικὸν
1041 1421 1219 1476 ἔλαιον
1251 1422 1347 1476 τοῦ
1380 1423 1714 1494 ἡδύσματος,
1749 1424 1819 1476 τὰ

215 1511 360 1579 ἅγια
393 1514 488 1566 τοῦ
518 1512 654 1566 Θεοῦ
693 1515 970 1586 μυστήρια
1015 1514 1084 1568 τὰ
1110 1516 1169 1568 ὲν
1196 1513 1274 1586 τῷ
1319 1513 1532 1586 λουτρῷ
1571 1515 1704 1586 ἡμῖν
1737 1517 1816 1580 εἰς

214 1603 423 1670 ἄφεσιν
448 1602 734 1674 ἁμαρτιῶν
765 1605 1162 1676 κεχαρισμένα.

291 1695 372 1747 Γ’.
414 1693 728 1765 Θαυμάσειε
765 1697 809 1750 δ’
845 1695 910 1749 ἄν
947 1714 1030 1760 τις
1056 1697 1232 1768 εὑρὼν
1265 1698 1358 1752 καὶ
1388 1700 1538 1772 παρά
1575 1701 1688 1764 τοῖς
1717 1717 1818 1769 φυ-

222 1793 496 1862 σιολόγοις
527 1793 650 1847 τινά
675 1794 944 1865 ὠφελείας
967 1794 1201 1866 ἔμπλεα,
1233 1795 1589 1860 ἀπεικασθεὶς
1621 1799 1687 1867 τῇ
1719 1797 1819 1867 τῆς

1916 609 2240 651 excusare:
2293 595 2486 664 sicque
2546 594 2616 648 ad
2672 610 2992 666 supremam
3061 595 3291 652 Matrem
3350 607 3516 668 atque

1921 687 2172 743 omnium
2205 688 2495 758 pervenire
2517 687 2832 754 Parentem,
2862 704 2891 744 a
2926 705 3040 760 quo
3073 691 3130 746 in
3175 691 3325 746 hunc
3351 707 3514 746 mun.

1917 779 2049 834 dum
2101 779 2325 849 delapsa
2368 779 2460 835 sit.
2503 778 2755 836 Diximus
2799 781 3136 850 baptismum
3173 783 3242 837 ab
3273 782 3384 838 illis
3427 798 3517 839 re-

1913 870 2034 940 jici.
2072 869 2216 925 Nam
2245 887 2441 927 musca:
2472 873 2752 927 morientes
2780 873 3006 943 perdunt
3055 877 3372 931 suavitatem
3412 893 3515 931 un-

1915 960 2095 1030 guenti
2125 975 2143 1014 :
2175 962 2319 1031 quod
2347 961 2416 1017 de
2445 961 2565 1016 istis
2586 1004 2600 1028 ,
2633 978 2937 1033 eorumque
2969 964 3244 1021 similibus
3285 981 3517 1036 prover—

1920 1052 1996 1107 bii
2051 1053 2236 1122 specie
2257 1051 2618 1110 Ecclesiastes
2653 1056 3040 1124 pronuntiat'.
3085 1055 3284 1114 Musca:
3307 1059 3513 1130 quippe

1919 1153 2050 1202 sunt
2101 1144 2421 1208 mortiferae,
2473 1161 2598 1216 qua:
2623 1148 2907 1202 conditum
2951 1163 2982 1202 a
3030 1149 3364 1219 seplasiariis
3413 1167 3516 1205 un-
3599 1219 3608 1228 ἰ

1920 1240 2185 1304 guentum
2238 1233 2513 1301 inﬁciunt,
2541 1234 2751 1290 divina
2793 1235 3046 1292 videlicet
3081 1239 3360 1308 mysteria,
3393 1255 3516 1310 qua:
3548 1263 3557 1270 -

1920 1325 1989 1380 ad
2033 1332 2389 1394 peccatorum
2433 1326 2896 1383 condonationem
2946 1329 3106 1386 nobis
3140 1331 3204 1385 in'
3239 1331 3514 1402 baptismo

1920 1417 2121 1472 collata
2159 1426 2308 1474 sunt.

1992 1701 2077 1756 111.
2148 1700 2441 1757 Enimvero
2503 1702 2696 1758 mirari
2751 1704 3028 1775 quispiam
3093 1706 3231 1761 illud
3291 1711 3517 1777 poterit,

1921 1808 2088 1864 quam
2125 1793 2298 1854 multa
2329 1793 2383 1847 in
2418 1794 2754 1849 naturalium
2784 1811 2970 1851 rerum
3003 1798 3376 1869 scriptoribus
3412 1804 3521 1858 uti-

225 1886 490 1958 μελίττης
541 1863 796 1952 συνέσει,
835 1887 933 1956 τῆς
965 1863 1051 1957 étp’
1084 1887 1300 1942 ἅπαντα
1337 1888 1435 1958 μὲν
1465 1887 1535 1941 τὰ
1584 1863 1818 1959 βλάστη-

1932 1863 2096 1942 litatis
2122 1887 2285 1957 plena
2319 1886 2574 1957 reperiat,
2609 1886 2657 1943 si
2687 1888 2810 1958 apis
2834 1889 2966 1944 velit
3018 1863 3226 1947 imitari
3275 1894 3519 1963 pruden-

224 1995 382 2048 ματα
414 1976 815 2050 ὲφιζανούσης,
880 1978 951 2032 τά
985 1980 1235 2051 χρήσιμα
1280 1979 1338 2032 δὲ
1388 1980 1556 2051 ἑαυτῇ
1603 1981 1822 2034 ἐπισυν-

219 2070 490 2140 αγούσης.
535 2069 597 2124 Ὀ
643 2069 754 2142 γὰρ
793 2071 1012 2134 συνετὸς
1051 2071 1336 2143 ἄνθρωπος
1372 2072 1668 2144 οὐδαμόθεν
1722 2072 1822 2144 ζη-

225 2160 453 2230 μιοῦται
475 2199 490 2224 ,
525 2160 640 2214 ἀλλ’
666 2160 700 2226 ἢ
747 2161 1084 2232 πανταχόθεν
1113 2162 1388 2233 κερδαίνει
1413 2180 1426 2193 ⁸
1463 2163 1724 2226 ἀσύνετος
1766 2163 1824 2216 δὲ

223 2251 643 2324 ζημιωθήσεται
663 2293 678 2319 ,
707 2254 782 2318 ὡς
817 2254 912 2307 καὶ
949 2256 976 2307 ὁ
1000 2252 1155 2322 ἆγιος
1189 2256 1474 2326 προφήτης
1505 2255 1652 2324 λέγει
1676 2271 1689 2284 ·
1729 2255 1837 2328 Τίς¹

223 2345 510 2411 συνετὸς,
543 2345 644 2399 καὶ
669 2344 931 2414 συνήσει
950 2345 1137 2400 ταῦτα
1152 2361 1171 2410 ;
1195 2347 1295 2400 καὶ
1327 2350 1359 2401 ό
1386 2347 1570 2416 λόγος
1598 2347 1824 2415 Κυρίου

226 2433 406 2500 ἐστὶ,
442 2435 542 2489 καὶ
579 2434 872 2505 γνώσεται
921 2433 1113 2497 αὐτὰ,
1169 2435 1260 2490 ὅτι
1317 2436 1541 2491 εὐθεῖαι
1592 2438 1652 2490 αἱ
1699 2435 1826 2490 ὁδοὶ

228 2527 458 2594 Κυρίου
482 2545 494 2556 ·
549 2527 787 2594 ἀσεϐεῖς
822 2527 893 2580 δὲ
945 2527 1408 2594 ἀσθενήοόυσιν
1457 2530 1528 2583 ἐν
1578 2527 1826 2593 αὐταῖς;

229 2619 483 2690 Εῦρομεν
535 2618 643 2691 γάρ
678 2620 773 2673 καὶ
811 2618 963 2690 παρὰ
1015 2623 1128 2684 τοῖς
1166 2621 1524 2692 καλουμένοις
1576 2619 1827 2690 φυσιολό-

227 2729 386 2782 γοις,
441 2711 641 2782 μᾶλλον
690 2711 748 2764 δὲ
799 2713 958 2782 ἡμεῖς
991 2713 1146 2765 αὐτοὶ
1193 2712 1449 2786 ὁρῶμεν,
1498 2713 1574 2777 ὡς
1620 2713 1682 2766 τὸ
1719 2713 1828 2768 τῶν

231 2804 527 2878 κανθάρων
558 2804 714 2873 γένος
749 2804 862 2876 (56)
889 2804 950 2857 τὸ
980 2805 1131 2876 παρά
1157 2823 1266 2858 τισι
1308 2805 1540 2877 βυλάρον
1566 2805 1831 2877 καλούμε-

231 2914 325 2952 νον
347 2937 361 2961 ,
405 2897 692 2970 συνήθειαν
741 2897 854 2967 ἔχει
890 2898 948 2950 ἐν
978 2901 1045 2968 τῇ
1075 2897 1312 2968 δυσωδίᾳ
1340 2899 1436 2952 καὶ
1470 2900 1661 2971 κόπρῳ
1691 2901 1826 2953 άνα-

231 2991 521 3045 κυλίεσθαι
546 3033 561 3057 ,
598 2991 694 3044 καὶ
726 2989 865 3060 αὕτη
899 2991 1084 3054 αὐτοῖς
1114 2991 1284 3062 τροφή
1315 3007 1374 3044 τε
1414 2993 1510 3045 καὶ
1555 2991 1788 3064 ἐργασία
1814 3010 1826 3021 ·

231 3084 418 3149 ἄλλοις
467 3083 526 3138 δὲ
571 3082 670 3156 τὴν
711 3083 886 3154 αὐτὴν
918 3081 1109 3136 τούτου
1146 3081 1457 3155 βορϐορώδη
1485 3083 1712 3155 τροφὴν,
1751 3085 1830 3147 είς

237 3177 340 3248 μὲν
389 3174 686 3246 ὲπάχθειαν
735 3174 832 3229 καὶ
884 3174 1199 3245 δυσοδμίαν.
1241 3175 1353 3228 Καὶ
1406 3175 1692 3245 μελίσσαις
1731 3177 1828 3246 μὲν
1857 3206 1899 3262 C

234 3269 446 3341 αὖτηή
496 3269 700 3340 κόπρος
750 3268 842 3322 καὶ
890 3267 1124 3323 δυσωδία
1164 3266 1426 3332 θάνατος,
1469 3268 1724 3340 βυλάροις
1773 3269 1831 3321 δέ

236 3366 386 3416 ἐστιν
417 3361 652 3433 ἐργασία
700 3361 794 3414 καὶ
825 3360 998 3433 τροφὴ
1052 3361 1148 3414 καὶ
1181 3361 1560 3433 πραγματεία.
1599 3363 1735 3426 Ταῖς
1774 3363 1832 3416 δὲ

241 3455 527 3527 μελίσσαις
559 3455 866 3509 τούναντίον
894 3456 928 3522 ἡ
957 3453 1182 3524 εύοδμία
1212 3455 1307 3507 καὶ
1331 3453 1400 3506 τὰ
1430 3453 1564 3526 ἄνθη
1587 3495 1604 3521 ,
1644 3454 1739 3508 καὶ
1765 3453 1832 3506 τά

241 3548 392 3619 μύρα
445 3548 524 3611 εἰς
556 3544 871 3617 ἀναψυχὴν,
910 3544 1085 3598 κτίσιν
1113 3561 1173 3597 τε
1223 3543 1318 3596 καὶ
1359 3543 1558 3615 ἐδωδὴν
1580 3585 1595 3610 ,
1631 3547 1710 3608 είς
1740 3545 1833 3615 ἐρ-

234 3639 438 3708 γασίαν
471 3655 530 3690 τε
559 3638 655 3692 καὶ
697 3635 1083 3709 πραγματείαν
1102 3649 1116 3666 ⁸
1157 3637 1270 3697 τοῖς
1301 3633 1358 3687 δὲ
1389 3633 1683 3706 κανθάροις
1718 3637 1833 3699 τοῖς

235 3729 662 3802 προειρημένοις
687 3768 702 3794 ,
731 3729 829 3782 εἴτ’
858 3725 952 3782 οὖν
983 3728 1239 3801 βυλάροις
1257 3769 1271 3793 ,
1306 3727 1526 3781 ἐναντία
1552 3726 1622 3780 τά
1649 3727 1833 3781 τοιαῦ-

235 3839 328 3877 τα.
370 3823 429 3876 Ὀ
463 3822 572 3893 γάρ
605 3820 927 3893 βουλόμενος
956 3821 1180 3884 τούτους
1211 3820 1526 3891 δοκιμάσαι,
1562 3818 1639 3884 ὣς
1668 3837 1833 3889 φασιν

238 3916 290 3970 οἱ
315 3914 660 3984 φυσιολόγοι,
695 3913 803 3968 ἀπὸ
838 3913 1012 3984 μύρου
1033 3955 1048 3982 ,
1093 3913 1237 3984 φημὶ
1261 3913 1318 3966 δὲ
1347 3912 1731 3984 ὀποϐαλσάμου
1753 3952 1768 3976 ,
1797 3913 1830 3984 ἢ

240 4006 436 4079 νάρδου
460 4005 663 4068 λαϐὼν,
694 4005 787 4059 καὶ
821 4005 1192 4075 προσενέγκας
1220 4006 1335 4069 τοῖς
1375 4004 1670 4077 κανθάροις
1692 4045 1708 4069 ,
1737 4003 1832 4058 θά-

241 4116 400 4153 νατον
430 4097 613 4160 αὐτοῖς
636 4097 876 4167 ἐμποιεῖ.
917 4096 1095 4162 Εὐθὺς
1124 4098 1233 4169 γάρ
1271 4096 1587 4160 τελευτῶσι,
1631 4096 1708 4167 μὴ
1740 4095 1833 4166 φέ-

243 4206 431 4262 power;
456 4188 556 4260 τὴν
583 4189 830 4243 εὐωδίαν.
869 4187 1026 4242 Οὕτω
1057 4189 1152 4242 καὶ¹
1188 4179 1356 4252 οὗτοι,
1390 4187 1490 4257 τῆς
1533 4185 1633 4257 μὲν
1663 4187 1832 4258 γαλή-

239 4301 341 4353 νης
373 4284 415 4350 ¹,
449 4282 543 4335 καὶ
572 4280 828 4353 πορνείας
855 4320 868 4344 ,
897 4281 992 4335 καὶ
1022 4280 1221 4345 κακίας
1263 4280 1583 4352 ὀρεγόμενοι
1608 4318 1622 4344 ,
1655 4281 1734 4344 είς
1764 4279 1833 4334 τὰ

238 4373 457 4446 πονηρά
487 4373 670 4445 ἔχουσι
696 4373 793 4445 τὴν
840 4373 1048 4429 ἑαυτῶν
1074 4373 1265 4428 ἐλπίδα
1285 4390 1298 4404 ·
1337 4373 1737 4444 πλησιάσαντες
1775 4371 1833 4427 δὲ

237 4464 316 4535 τῷ
348 4464 486 4534 άγίῳ
510 4463 721 4534 λουτρῷ
742 4464 838 4517 καὶ
857 4466 924 4535 τῇ
955 4462 1203 4534 εύοδμίᾳ,
1239 4462 1676 4533 ἀποθνήσκουσιν
1700 4502 1714 4527 ,
1750 4463 1831 4524 εἰς

1925 1979 2076 2034 tiam.
2112 1992 2237 2046 qua:
2284 1976 2528 2033 ﬂosculis
2576 1979 2838 2034 omnibus
2873 1978 3119 2037 insidens
3153 1983 3522 2056 undecunque

1924 2069 2028 2124 sibi
2062 2069 2216 2124 utilia
2251 2070 2478 2139 colligit.
2511 2069 2726 2125 Etenim
2759 2070 2843 2124 vir
2874 2071 3118 2142 prudens
3137 2087 3202 2128 ac
3231 2076 3522 2146 perspicax

1925 2162 2074 2216 nulla
2107 2177 2173 2216 ex
2205 2177 2265 2217 re
2294 2162 2688 2218 detrimentum
2721 2163 2891 2244 capit,
2929 2164 3026 2219 sed
3073 2180 3142 2220 ex
3184 2168 3336 2222 omni
3367 2183 3523 2224 occa-

1924 2254 2079 2311 sione
2124 2253 2414 2321 lucratur;
2485 2254 2809 2324 imprudens
2879 2263 3072 2311 contra
3107 2257 3520 2314 incommodum

1926 2360 1990 2400 ac
2018 2347 2283 2401 damnum
2309 2346 2565 2418 percipit,
2599 2351 2678 2402 uti
2696 2354 2923 2403 sanctus
2947 2349 3214 2420 propheta
3241 2360 3478 2408 testatur
3505 2372 3520 2408 :

1927 2438 2062 2505 Quis
2083 2440 2316 2508 sapiens,
2357 2451 2405 2494 et
2431 2441 2684 2512 intelliget
2709 2441 2820 2496 haec
2838 2443 2863 2495 ?
2882 2452 2932 2496 et
2952 2444 3163 2497 verbum
3187 2443 3407 2499 Domini
3421 2455 3520 2509 est,

1927 2539 1973 2582 et
2002 2540 2274 2600 cognoscet
2297 2531 2449 2587 ista?
2483 2533 2735 2602 quoniam
2777 2542 2934 2588 recta:
2976 2534 3074 2588 vice
3100 2533 3314 2590 Domini
3337 2552 3354 2590 :
3377 2539 3526 2606 impii

1927 2632 2104 2677 autem
2128 2621 2544 2693 inﬁrmabuntur
2573 2626 2627 2679 in
2649 2626 2723 2679 eis
2742 2625 2802 2678 1'?
2833 2626 2994 2697 Apud
3019 2627 3142 2684 illos
3173 2629 3360 2698 igitur,
3385 2647 3525 2701 quos

1929 2715 2066 2785 dixi,
2101 2718 2436 2772 naturalium
2497 2733 2686 2773 rerum
2737 2719 3044 2790 scriptores
3078 2721 3413 2786 invenimus,
3441 2723 3525 2777 vel

1931 2811 2150 2880 ipsimet
2180 2811 2366 2881 potius
2393 2810 2703 2877 cernimus;
2729 2810 3136 2866 scarabaaorum
3165 2826 3358 2883 genus,
3379 2814 3525 2883 quod

1929 2916 1962 2954 a
1997 2901 2332 2972 quibusdam
2383 2901 2638 2974 bylarum
2687 2910 2940 2970 vocatur,
2977 2903 3032 2958 in
3067 2901 3242 2959 fetore
3286 2921 3352 2960 ac
3386 2915 3529 2960 ster-

1929 3008 2058 3048 core
2083 2993 2321 3048 volutari
2353 2995 2556 3061 solere,
2583 2995 2901 3065 unicunque
2927 2995 3037 3050 illis
3061 2996 3196 3067 ipsis
3217 3005 3274 3053 et
3296 2998 3528 3053 alimen-

1930 3093 2045 3139 tum
2077 3093 2133 3140 et
2161 3101 2299 3156 opus
2327 3102 2473 3152 esse,
2506 3102 2633 3142 cum
2671 3089 2796 3144 aliis
2826 3090 2985 3146 dirus
3030 3105 3096 3144 ac
3131 3091 3388 3148 sordidus
3439 3091 3530 3148 ille

1931 3179 2092 3234 cibus
2120 3180 2426 3238 molestiam
2467 3195 2532 3235 ac
2567 3197 2829 3238 nauseam
2865 3183 3064 3253 pariat.
3099 3181 3235 3237 Nam
3270 3184 3362 3254 qui
3399 3200 3530 3255 apes

1937 3271 2098 3328 limus
2133 3286 2199 3326 ac
2252 3271 2396 3327 fetor
2432 3273 2716 3337 interﬁcit,
2772 3273 3068 3330 searabaeis
3107 3274 3427 3330 alimentum
3463 3291 3528 3330 ac

1933 3365 2218 3421 materiam
2266 3365 2474 3437 praebet
2526 3367 2734 3437 operis,
2765 3377 2826 3421 ut
2858 3367 2968 3424 illis
2999 3365 3162 3424 ﬂores
3199 3377 3255 3422 et
3295 3369 3528 3423 odorum

1935 3457 2261 3529 fragrantia,
2313 3468 2481 3530 atque
2535 3467 2943 3530 unguentorum
3003 3463 3294 3517 suavitas:
3329 3461 3530 3532 quibus

1935 3549 2194 3606 omnibus
2217 3550 2283 3606 ad
2311 3551 2761 3617 oblectationem,
2791 3559 2846 3608 et
2867 3552 3227 3617 melliﬁcium,
3260 3567 3325 3608 ac
3345 3553 3529 3609 cibum

1935 3652 1992 3697 et
2041 3643 2223 3714 operis
2273 3642 2726 3699 exercitationem
2780 3650 3032 3699 utuntur.
3065 3644 3375 3700 Scarabaiis
3401 3659 3531 3700 vero

1934 3734 2096 3805 longe
2142 3734 2257 3789 haec
2302 3736 2584 3791 contraria
2623 3742 2772 3791 sunt.
2807 3736 2973 3809 294
3001 3738 3104 3803 Qui
3135 3739 3281 3793 enim
3313 3737 3532 3809 peri‘cu-

1933 3824 2046 3878 lum
2110 3824 2292 3881 facere
2335 3825 2591 3891 voluerit,
2625 3833 2684 3880 ut
2731 3826 3037 3898 physiologi
3070 3827 3314 3894 tradunt,
3351 3828 3397 3885 si
3429 3845 3533 3882 un-

1935 3925 2218 3986 guentum,
2258 3925 2390 3987 puta
2439 3919 2880 3989 opobalsamum,
2913 3927 3009 3974 aut
3052 3921 3286 3975 nardum
3339 3936 3528 3976 scara-

1933 4006 2070 4062 baeis
2125 4009 2454 4072 admoveat,
2527 4011 2693 4066 letum
2750 4012 2862 4066 illis
2910 4011 3087 4067 aﬂ‘ert.
3135 4011 3333 4066 Statim
3384 4013 3530 4068 enim

1935 4087 2209 4154 su'avitate
2240 4099 2428 4155 odoris
2457 4108 2778 4157 enecantur.
2801 4101 2894 4157 Sic
2922 4103 3167 4158 haeretici
3192 4103 3268 4158 illi
3303 4113 3529 4174 stupro-

1935 4203 2057 4242 rum
2090 4203 2156 4244 ac
2183 4189 2494 4255 libidinum,
2542 4196 2599 4246 et
2645 4191 2904 4261 nequitia
2954 4193 3136 4248 omnis
3186 4201 3528 4264 appetentes,

1934 4280 2189 4350 pessimis
2217 4281 2273 4335 in
2296 4281 2463 4337 rebus
2490 4297 2640 4353 spem
2673 4299 2827 4338 suam
2851 4285 3160 4351 collocant;
3192 4301 3318 4340 mox
3346 4293 3527 4341 autem

1935 4375 1996 4422 ut
2030 4369 2098 4422 ad
2130 4385 2350 4426 sacrum
2397 4371 2730 4442 baptismum
2763 4380 2818 4428 et
2849 4372 3205 4447 fragrantiam
3248 4377 3396 4430 illam
3434 4392 3524 4431 ac-

1934 4461 2226 4527 cesserint,
2261 4463 2596 4531 moriuntur,
2633 4466 3082 4536 blaSpliemantes
3116 4467 3308 4536 Deum,
3341 4485 3405 4525 ac
3439 4472 3530 4526 doc

239 4558 333 4609 τὸν
362 4555 495 4610 Θεὸν
530 4553 977 4627 βλασφημοῦντες
1000 4594 1014 4620 ,
1067 4555 1160 4608 καὶ
1193 4554 1290 4627 τὴν
1322 4555 1501 4609 αὐτῶν
1533 4556 1825 4626 κυριότητα

1936 4548 2296 4608 minationem
2329 4552 2453 4624 ejus
2484 4563 2832 4626 spernentes.

242 4648 582 4712 ἀθετοῦντες.

315 4745 390 4796 Δ’.
446 4743 541 4795 Ἐκ
577 4743 707 4814 μιᾶς
752 4741 810 4795 δὲ
835 4742 870 4813 ἢ
897 4741 989 4795 δύο
1023 4740 1339 4813 μαρτυριῶν
1369 4741 1569 4805 αὐτοὺς
1598 4740 1830 4813 ἀνατρέ-

240 4834 436 4905 ψομεν.
485 4834 550 4887 Εἰ
595 4834 704 4906 γὰρ
744 4834 839 4888 καὶ
870 4833 1053 4906 ’ἀρχαὶ
1085 4835 1177 4888 κα)⁸
1207 4833 1446 4900 ἐξουσίαι
1472 4833 1826 4904 καλούμεναι,

240 4927 344 4980 οὐκ
370 4925 526 4990 ἐκτὸς
557 4925 693 4979 Θεοῦ
731 4920 890 4980 αὗται
920 4925 1176 4996 γεγόνασι
1202 4967 1216 4991 ,
1252 4927 1486 4996 μάλιστα
1522 4928 1579 4981 ὲν
1605 4930 1716 4991 τοῖς
1742 4929 1832 4980 οὐ·

244 5019 449 5089 ρανοῖς.
491 5013 614 5070 Οἷδε
638 5017 748 5089 γάρ
777 5019 811 5089 ἡ
834 5017 1026 5089 Γραιρὴ
1063 5017 1242 5086 λέγειν
1280 5017 1546 5086 ἀγγέλους
1580 5019 1675 5072 καὶ
1700 5020 1834 5091 ἀρχ-

243 5109 549 5180 αγγέλους,
594 5111 696 5164 οὐκ
746 5111 826 5174 εἰς
864 5109 1218 5182 ἐναντιότητα
1250 5110 1620 5180 τεταγμένους
1645 5155 1658 5177 ,
1697 5111 1834 5164 ἀλλά

242 5201 591 5274 λειτουργικά
629 5201 921 5272 πνεύματα
963 5203 1044 5266 εἰς
1079 5200 1356 5254 διακονίαν
1388 5202 1834 5273 ἀποστελλόμενα

240 5295 330 5349 διὰ
359 5295 484 5358 τοὺς
521 5294 812 5362 μέλλοντας
845 5293 1201 5364 κληρονομεῖν
1223 5293 1520 5364 σωτηρίαν.
1565 5293 1678 5346 Καὶ
1721 5293 1832 5365 γὰρ

244 5387 334 5441 ἐπὶ
362 5387 463 5457 τῆς
495 5386 600 5457 γῆς
650 5385 773 5439 καθ’
804 5385 1045 5456 ἑκάστην
1089 5385 1366 5455 βασιλείαν
1411 5384 1604 5439 πολλαὶ
1639 5387 1826 5458 ἀρχαὶ,

317 5543 336 5574 ¹
363 5541 629 5615 Suspecta
653 5542 787 5598 milii
810 5557 914 5598 vox
933 5550 1018 5599 est
1045 5542 1309 5615 γαλήνης.
1387 5545 1408 5576 ⁸
1444 5542 1628 5602 Eccle.
1665 5561 1720 5611 x,
1753 5546 1807 5602 i.

2010 4737 2098 4794 IV.
2140 4738 2292 4807 Quos
2318 4741 2538 4812 quidem
2565 4759 2673 4800 uno
2705 4745 2786 4801 vel
2817 4747 2990 4803 altero
3023 4747 3341 4803 testimonio
3365 4746 3531 4820 jugu-

1934 4828 2198 4887 labimus.
2230 4831 2367 4888 Nam
2395 4835 2441 4891 si
2475 4851 2616 4908 quos
2639 4839 2984 4910 principatus
3008 4854 3074 4895 ac
3101 4849 3398 4910 potestates
3428 4856 3526 4896 vo-

1938 4937 2152 4991 camus,
2191 4925 2316 4982 sine
2370 4926 2482 4982 Deo
2517 4930 2742 4986 minime
2771 4933 3212 4998 constituuntur,
3249 4933 3300 4986 id
3327 4934 3381 4986 in
3418 4947 3528 4987 cm-

1937 5018 2006 5073 lis
2031 5019 2169 5089 ipsis
2199 5021 2381 5075 locum
2409 5023 2612 5080 habere
2643 5024 2882 5081 maxime
2906 5025 3087 5083 debet.
3124 5027 3358 5095 Angelos
3381 5025 3526 5080 enim

1939 5119 1991 5165 et
2026 5112 2390 5185 archangelos
2439 5114 2727 5186 Scriptura
2769 5125 3182 5182 commemorat,
3216 5133 3326 5172 non
3378 5117 3528 5186 ejus-

1937 5204 2085 5259 modi
2134 5212 2193 5259 ut
2242 5208 2504 5262 contrarii
2544 5208 2655 5264 Deo
2691 5210 2802 5266 sint
2837 5229 2852 5265 :
2889 5211 2988 5266 sed
3022 5210 3528 5266 administratorios

1933 5296 2164 5366 spiritus
2193 5297 2262 5353 ad
2293 5299 2658 5356 ministerium
2692 5303 2912 5369 missos,
2945 5309 3168 5373 propter
3188 5318 3282 5358 eos
3302 5304 3394 5374 qui
3427 5304 3526 5358 liae-

1933 5390 2220 5447 reditatem
2258 5393 2487 5464 capiunt
2530 5395 2727 5451 salutis
2756 5404 2797 5451 ⁵.
2837 5396 3140 5467 Siquidem
3181 5407 3234 5452 et
3283 5397 3337 5451 in
3379 5407 3526 5453 terra

1892 5546 1912 5578 ³
1943 5545 2069 5604 Ose.
2096 5564 2208 5616 xlv,
2234 5548 2323 5606 l0.
2401 5550 2424 5580 ⁸
2448 5550 2615 5607 Hebr.
2640 5552 2692 5618 VI,
2728 5553 2815 5608 M.

316 5697 429 5784 (Pili)
478 5698 577 5763 Ὠς
592 5699 658 5751 τὸ
690 5697 809 5784 τῶν
842 5695 1158 5767 κανθάρων
1187 5699 1382 5773 γένος.
1436 5700 1555 5756 Non
1579 5700 1825 5772 displicet

1937 5702 2107 5759 rnat‘ii
2142 5704 2324 5774 lectio,
2359 5707 2452 5777 qui
2510 5707 2876 5763 I’lnlularium
2922 5712 3068 5784 legit.
3101 5712 3232 5766 Nam
3286 5713 3528 5783 Βύλσρον

243 5770 376 5826 illud
403 5785 508 5827 non
536 5770 782 5836 expedio.

567 5861 834 5924 Parnm.
874 5863 990 5924 Gn.
1027 5861 1193 5925 XLI.

3117 5873 3195 5931 22
