3934 6430
463 389 573 446 685

1880 383 1939 441 S.
1979 378 2327 439 EPIPIIANII
3621 387 3702 442 681

465 508 751 580 quodlibet
781 522 1014 581 regnum
1036 509 1225 580 plures
1244 509 1413 567 habet
1440 507 1784 581 principatus
1815 507 1911 562 uni
1942 503 2058 575 regi

2174 506 2310 560 ἀλλὰ
2349 506 2454 561 ὑπὸ
2494 507 2592 562 ἕνα
2635 507 2878 580 βασιλέα.
2912 509 2980 562 Al
3027 507 3138 579 γὰρ
3168 500 3343 563 οὖσαι
3385 504 3705 572 ὲξουσιάιέλι

466 601 768 670 subjectos.
791 601 924 668 Quae
951 602 1091 656 enim
1115 611 1399 672 potestates
1429 611 1576 665 sunt,
1596 618 1629 654 a
1657 600 1763 656 Deo
1793 599 2059 654 ordinata:

466 700 610 753 sunt,
640 691 715 745 ait
731 691 1024 761 Apostolus
1041 692 1080 746 ¹.
1101 690 1290 762 Itaque
1315 692 1406 764 qui
1433 691 1684 761 potestati
1716 689 1940 750 resistit,
1964 686 2062 740 Dei

465 781 799 837 ordinationi
831 784 1052 838 resistit.
1091 782 1237 839 Nam
1275 784 1540 854 principes
1577 799 1682 838 non
1725 789 1847 836 sunt
1878 787 2062 834 contra

464 875 684 942 bonum,
720 874 810 930 sed
835 892 933 946 pro
969 875 1143 931 bona:
1176 892 1339 947 neque
1371 885 1496 930 sunt
1533 884 1722 930 contra
1764 874 2060 935 veritatem,

468 965 560 1020 sed
589 980 686 1035 pro
719 967 954 1021 veritate.
1001 965 1044 1021 γ
1047 968 1090 1021 is
1121 975 1298 1021 autem
1339 983 1447 1020 non
1497 967 1675 1020 timere
1708 972 2019 1034 potestatem
2039 965 2065 1018 7

471 1058 679 1112 Bonum
713 1058 821 1130 fac,
844 1068 894 1113 et
923 1058 1139 1114 habebis
1165 1059 1379 1114 laudem
1405 1074 1472 1112 ea:
1498 1058 1617 1112 illa.
1645 1055 1768 1111 Non
1793 1057 1933 1111 enim
1953 1057 2065 1110 sine

469 1167 634 1206 causa
649 1150 888 1222 gladium
907 1160 1108 1221 portat.
1131 1151 1231 1206 Dei
1253 1153 1394 1206 enim
1417 1152 1659 1205 minister
1679 1148 1748 1203 ad
1771 1148 1867 1203 hoc
1890 1149 2064 1218 ipsum

419 1261 438 1276 ο
467 1242 719 1296 adversus
740 1242 992 1296 scelerate
1015 1241 1290 1311 quidpiam
1319 1251 1583 1312 gerentem
1615 1257 1647 1293 a
1670 1238 1781 1294 Deo
1810 1237 2066 1291 constitu-

469 1341 575 1387 tus.
610 1331 851 1390 Videsne
877 1341 937 1388 ut
967 1333 1082 1389 haec
1111 1332 1302 1388 mundi
1331 1341 1580 1403 potestas
1610 1345 1642 1384 ιι
1675 1331 1787 1385 Deo
1820 1327 2064 1384 stabilita

466 1425 562 1491 sit,
595 1425 874 1495 gladiique
899 1425 994 1494 jus
1027 1425 1313 1480 obtineat?
1338 1423 1525 1495 Neque
1557 1436 1690 1478 vero
1733 1420 1790 1475 id
1818 1417 2064 1482 aliunde,

467 1533 634 1588 quam
665 1533 696 1572 a
730 1518 840 1573 Deo
868 1517 935 1572 ad
966 1517 1359 1572 vindicandum
1386 1516 1602 1585 accipit.
1621 1511 1894 1568 Caeterum
1918 1509 2066 1581 quod

470 1609 742 1680 ejusmodi
791 1609 903 1666 sint
941 1611 998 1663 in
1038 1609 1243 1664 mundo
1273 1607 1615 1679 principatus
1645 1621 1710 1661 ac
1743 1611 2066 1676 potestates,

472 1716 635 1758 nemo
667 1701 885 1756 illorum
922 1715 1104 1770 regem
1132 1707 1422 1770 propterea
1454 1715 1637 1770 regem
1672 1713 1798 1754 esse
1831 1711 2067 1767 negave-

472 1797 580 1862 rit;
618 1794 714 1850 sed
737 1785 1184 1866 ita‘principatus
1214 1795 1340 1850 illos
1370 1807 1434 1847 ac
1459 1799 1762 1864 potestates
1784 1791 1840 1845 in
1863 1788 2070 1844 mundo

2169 597 2318 652 Θεοῦ
2363 600 2714 670 τεταγμέναι
2742 642 2757 667 ,
2793 599 2868 664 ὡς
2913 600 3065 669 λέγει
3112 601 3141 653 ό
3189 599 3517 663 Ἀπόστολος.
3564 600 3709 656 Ὥστε

2170 683 2285 743 οὖν
2327 692 2362 745 ό
2393 690 2834 762 ἀνθιστάμενος
2883 691 2960 762 τῇ
3008 693 3296 761 ἐξουσίᾳ,
3343 691 3416 760 τῇ
3459 690 3560 746 τοῦ
3591 695 3711 747 Θεοῦ

2167 782 2422 856 διαταγῇ
2454 783 2848 853 ἀνθέστηκεν.
2901 787 2967 838 Ol
3000 785 3111 855 γὰρ
3145 784 3431 854 ἄρχοντες
3475 785 3578 839 οὐκ
3616 786 3710 838 eici

2169 875 2322 931 κατὰ
2373 876 2482 931 τοῦ
2515 876 2775 947 ἀγαθοῦ,
2827 876 2968 931 ἀλλ’
3009 876 3163 946 ὑπὲρ
3209 875 3314 931 τοῦ
3351 875 3567 946 ἀγαθοῦ
3590 893 3605 908 ·
3636 876 3714 929 καί

2168 969 2279 1022 οὐκ
2315 967 2437 1022 είσὶ
2470 968 2622 1022 κατὰ
2652 967 2766 1038 τῆς
2793 970 3085 1040 ἀληθείας
3103 1009 3118 1034 ,
3141 970 3280 1024 ἀλλ’
3307 967 3460 1037 ὑπὲρ
3480 966 3581 1037 τῆς
3597 968 3718 1034 ἀλη-

2169 1061 2353 1125 θείας.
2393 1059 2600 1127 Θέλεις
2627 1059 2697 1114 δὲ
2719 1103 2733 1128 ,
2771 1062 2907 1132 φησὶ
2931 1101 2946 1128 ,
2987 1060 3106 1130 τὴν
3131 1059 3422 1126 ἐξουσίαν
3441 1056 3524 1128 μὴ
3553 1057 3717 1126 φοϐεῖ-

2169 1156 2308 1208 σθαι
2327 1168 2347 1217 ;
2387 1152 2456 1206 Τὸ
2490 1151 2718 1222 ἀγαθὸν
2748 1154 2769 1184 ³
2809 1153 2966 1207 ποίει
2987 1191 3006 1220 ,
3069 1153 3170 1206 καὶ
3209 1150 3366 1217 ἔξεις
3401 1149 3634 1203 ἔπαινον
3665 1147 3720 1212 ἐξ

2168 1243 2381 1310 αὐτῆς.
2426 1245 2510 1298 Οὐ
2543 1243 2655 1314 γὰρ
2692 1241 2825 1312 είκῆ
2853 1242 3028 1312 φορεῖ
3053 1243 3169 1312 τὴν
3196 1241 3512 1312 μάχαιραν.
3545 1239 3719 1294 Διάκοο

2168 1351 2276 1399 νος
2307 1334 2418 1404 γάρ
2446 1335 2622 1389 ἐστιν
2663 1337 2753 1401 είς
2781 1335 2930 1389 αὐτὸ
2976 1335 3153 1389 τοῦτο
3190 1334 3259 1387 ἐκ
3299 1332 3448 1386 Θεοῦ
3483 1329 3722 1400 τεταγμέ-

2168 1445 2277 1495 νος
2306 1426 2386 1494 τῷ
2412 1426 2480 1482 τὸ
2505 1428 2695 1483 κακὸν
2726 1426 3066 1496 πράττοντι.
3100 1426 3212 1480 Καὶ
3233 1425 3366 1496 ὁρᾷς
3393 1465 3409 1492 ,
3441 1423 3514 1487 ὡς
3538 1426 3569 1493 ή
3594 1422 3720 1486 ἐξου-

2173 1521 2263 1576 σία
2295 1519 2436 1592 αὕτη
2472 1524 2504 1588 ή
2539 1522 2780 1594 κοσμικὴ
2813 1523 2877 1578 ἐκ
2903 1521 3039 1577 Θεοῦ
3059 1520 3341 1583 τέτακται,
3367 1518 3462 1572 καὶ
3487 1515 3721 1588 μαχαίρας

2170 1610 2331 1665 ἔλαϐε
2364 1611 2464 1684 τὴν
2499 1611 2778 1679 ὲξουσίαν;
2823 1612 2938 1664 Οὐκ
2968 1609 3263 1680 ἀλλαχόθεν
3306 1606 3365 1660 δέ
3407 1604 3562 1659 ποθεν
3585 1645 3599 1668 ,
3630 1603 3721 1657 ἀλλ’

2172 1704 2238 1756 ὲκ
2275 1701 2450 1766 Θεοῦ,
2501 1705 2582 1766 είς
2635 1703 2936 1774 ἐκδίκησιν.
2969 1701 3082 1754 Καὶ
3126 1701 3189 1752 οὐ
3231 1696 3507 1769 δυνάμεθα
3551 1695 3720 1763 λέγειν,
3832 1730 3840 1742 .

2172 1796 2260 1850 διὰ
2287 1796 2348 1850 τὸ
2368 1795 2508 1851 εἶναι
2543 1794 2718 1868 ἀρχὰς
2743 1796 2837 1850 καὶ
2871 1793 3117 1859 ἐξουσίας
3143 1794 3200 1847 ὲν
3235 1791 3457 1863 κόσμῳ,
3487 1789 3572 1842 τὸν
3601 1788 3724 1858 βασι-

471 1901 595 1942 esse
622 1864 906 1950 latebitur,
937 1895 1000 1939 ut
1025 1864 1248 1941 interim
1284 1886 1504 1942 illorum
1531 1901 1657 1941 esse
1685 1899 1867 1956 regem
1902 1897 2070 1954 agno-

2175 1889 2270 1942 λέα
2297 1888 2502 1942 τούτων
2543 1864 2796 1960 μήνείναι
2829 1887 3056 1958 βασιλέα
3079 1903 3092 1918 ’
3127 1885 3263 1941 ἀλλὰ
3293 1881 3433 1938 εἶναι
3466 1883 3559 1947 τὰς
3582 1880 3724 1952 ἀρχὰς

471 1987 610 2033 seat.
645 1977 814 2050 lgitur
837 1978 942 2033 hoc
976 1977 1179 2048 ipsum,
1214 1977 1362 2049 quod
1411 1977 1468 2032 in
1521 1977 1684 2033 terris
1713 1975 1937 2041 accidit,
1973 1975 2071 2030 de-

473 2069 934 2135 monstravimus;
959 2085 1071 2124 non
1091 2084 1215 2124 esse
1235 2071 1346 2140 regi
1373 2068 1713 2140 principatus
1734 2067 2068 2132 contrarios,

471 2163 567 2218 scd
609 2162 678 2216 ad
731 2162 945 2232 imperii
994 2163 1166 2217 totius
1206 2161 1750 2240 administrationem
1797 2171 2070 2232 terraeque

474 2253 901 2308 moderationem
958 2253 1280 2323 subjectos;
1318 2253 1412 2308 ubi
1465 2253 1646 2310 caedes
1697 2252 1957 2307 videlicet
2005 2265 2072 2306 ac

471 2345 659 2416 praelia
694 2346 825 2409 sint,
851 2344 1286 2416 ignorantiaeque
1318 2359 1384 2400 ac
1410 2345 1737 2417 disciplinae,
1758 2344 2070 2400 observatio

471 2437 709 2508 denique
743 2439 923 2510 legum
960 2453 1026 2493 ac
1053 2439 1442 2509 transgressio.
1461 2439 1638 2509 Cujus
1661 2439 1738 2493 rei
1767 2437 1944 2509 gratia
1970 2451 2071 2507 po-

472 2539 696 2586 testates
733 2531 1002 2586 instituta;
1053 2541 1208 2597 sunt,
1237 2539 1300 2586 ut
1344 2530 1412 2585 ad
1465 2537 1647 2600 aptam
1703 2529 1873 2584 totius
1916 2527 2070 2584 orbis

473 2626 944 2694 compositamque
970 2623 1428 2694 gubernationem
1463 2622 1727 2692 praeclare
1747 2636 1779 2674 a
1802 2623 1914 2676 Deo
1935 2635 2072 2675 con-

473 2715 776 2789 stituantur
830 2729 896 2769 ac
937 2722 1201 2786 regantur
1241 2714 1519 2770 universa.
1554 2711 1701 2768 Idem
1735 2720 1790 2768 et
1834 2712 1892 2768 in
1931 2711 2071 2767 coelo

475 2819 695 2876 quoque
741 2805 1064 2877 contingere
1103 2821 1334 2862 necesse
1361 2813 1446 2861 est
1476 2819 1654 2875 eoque
1690 2804 1890 2877 magis,
1925 2803 2071 2874 quod

473 2897 589 2952 illic
623 2912 725 2952 nec
753 2897 982 2964 invidia,
1019 2914 1119 2953 nec
1147 2898 1452 2965 aemulatio,
1487 2913 1666 2968 neque
1694 2897 1873 2970 legum
1908 2897 2074 2952 viola-

473 2988 574 3052 tio,
609 3003 712 3044 nec
758 2988 958 3044 seditio
1005 2990 1115 3044 ulla
1159 2989 1266 3056 sit;
1315 3005 1427 3045 non
1477 2989 1898 3060 jusjurandum,
1952 3003 2070 3043 non

472 3078 639 3150 295
670 3079 882 3150 rapina,
916 3094 1024 3134 non
1057 3079 1264 3150 aliquid
1299 3079 1594 3149 ejusmodi.
1631 3079 1812 3146 Quare
1842 3080 2072 3134 alterius

473 3169 679 3240 negotii
731 3185 897 3224 causa
945 3177 1246 3241 potestates
1277 3171 1548 3234 ,stahilitaz
1579 3178 1730 3228 sunt.
1767 3170 2069 3242 Cujusnam

475 3262 642 3317 vero?
673 3261 942 3316 Nimirum
979 3272 1200 3334 propter
1231 3263 1541 3318 divinarum
1575 3263 1798 3318 laudum
1835 3276 2074 3316 concen-

477 3365 615 3421 tum,
650 3364 704 3410 et
733 3356 1099 3410 immortalem
1133 3357 1282 3410 illam
1316 3357 1564 3411 numinis
1605 3355 2074 3426 pradicationem.

475 3448 647 3518 Cujus
688 3448 866 3518 gratia
904 3462 1158 3502 summus
1191 3447 1282 3501 ille
1319 3449 1462 3502 Deus
1494 3462 1559 3500 ac
1590 3448 1847 3518 princeps
1896 3446 2077 3501 omnis

475 3552 673 3608 expers
696 3537 912 3591 invidia:
933 3551 1093 3591 suum
1123 3537 1323 3608 cuique
1354 3539 1598 3602 illorum,
1623 3554 1764 3608 quos
1793 3539 2074 3610 produxit,

475 3635 862 3680 ornamentum
927 3641 992 3681 ac
1051 3627 1222 3684 decus
1283 3629 1558 3696 attribuit,
1597 3638 1655 3683 ut
1714 3629 1932 3700 imperii
1989 3631 2076 3689 sui

476 3718 760 3790 splendor.
792 3726 957 3788 atque
991 3720 1327 3788 sempiterna
1357 3722 1621 3792 dignitas,
1637 3730 1901 3792 perpetuo
1934 3724 2078 3778 cele-

475 3810 686 3866 bretur.
718 3810 992 3875 Quocirca
1049 3809 1401 3866 vehementer
1429 3821 1636 3882 .errant
1677 3814 1790 3879 isti,
1841 3816 1934 3885 qui
1978 3812 2076 3870 Dei

477 3902 714 3975 gratiam
754 3886 1035 3973 ignorant.
1931 3949 1939 3958 .

553 3990 616 4048 γ.
664 3993 798 4048 Illud
826 4009 956 4048 vero
991 3994 1219 4067 insuper
1247 3993 1540 4062 aliirmant,
1575 3997 1721 4067 quod
1751 4013 1780 4053 a
1805 4007 2074 4056 meamea

477 4084 688 4140 dictum
735 4093 842 4149 est.
874 4086 1155 4142 diabolum
1203 4088 1449 4158 septimae
1495 4089 1806 4159 potestatis,
1845 4091 1950 4146 hoc
1991 4101 2076 4148 est

481 4178 742 4244 Sabaoth,
776 4193 903 4234 esse
931 4179 1122 4234 lilium.
1145 4179 1384 4235 Sabaoth
1417 4196 1582 4252 porro
1607 4179 1923 4239 Iudaeorum
1953 4199 2075 4240 esse

480 4270 676 4338 Daum,
708 4271 868 4341 cujus
897 4271 1074 4327 malus
1102 4270 1247 4342 (ilius
1278 4273 1348 4327 sit
1377 4273 1632 4330 diabolus
1661 4293 1675 4329 τ
1711 4275 1896 4346 quiin
1925 4283 2073 4332 terra

481 4362 793 4417 consistens
839 4361 1064 4417 Parenti
1116 4377 1218 4418 suo
1271 4362 1592 4419 reluctetur.
1630 4362 1896 4421 Eumdem
1944 4382 2074 4422 vero

482 4453 772 4509 Parentem
820 4471 999 4525 neque
1045 4455 1339 4523 ejusmodi,
1371 4457 1476 4511 hoc
1525 4466 1610 4513 est
1660 4460 1888 4523 malum,
1925 4474 2068 4525 esse,

483 4559 662 4614 neque
708 4544 897 4637 Deum
922 4554 1111 4637 tamen
1154 4545 1308 4637 illum
1356 4562 1498 4611 esse,
1537 4548 1630 4617 qui
1681 4550 2070 4620 comprehendi
2104 4579 2151 4637 υ

484 4642 743 4704 nequeat.
795 4633 903 4690 Sed
953 4638 1022 4692 ad
1070 4636 1350 4691 sinistram
1395 4645 1724 4705 potestatem
1776 4641 2070 4711 pertinere.

486 4727 711 4792 Addunt
764 4733 820 4782 et
864 4726 1026 4780 aliam
1054 4728 1364 4783 istiusmodi
1398 4728 1661 4786 fabulam.
1689 4728 1976 4787 Diabolum
2006 4734 2076 4788 ad

485 4819 655 4874 Evam
687 4819 1037 4876 accedentem
1069 4834 1198 4874 cum
1231 4836 1294 4876 ea
1336 4822 1560 4892 perinde
1593 4839 1658 4880 ac
1689 4823 1774 4879 vir
1807 4841 1932 4880 cum
1962 4843 2077 4883 mu-

485 4911 622 4967 liere
657 4911 818 4976 solet,
846 4912 1302 4969 consuetudinem
1344 4915 1607 4972 habuisse
1647 4917 1823 4989 deque
1853 4935 1916 4975 ea
1949 4919 2078 4976 Cai-

484 5021 618 5060 num
663 5014 718 5062 et
758 5005 990 5062 Abelum
1039 5008 1370 5078 suscepisse.
1408 5008 1489 5064 Ex
1523 5025 1634 5080 quo
1675 5011 1884 5070 factum
1917 5029 2075 5077 asse-

485 5105 634 5163 runt,
672 5105 731 5153 ut
761 5097 815 5152 in
849 5099 1083 5154 alterum
1117 5115 1258 5155 unus
1285 5101 1613 5172 insurgeret,
1651 5120 1750 5174 pro
1779 5121 1843 5161 ea
1881 5106 2074 5163 videli-

485 5199 573 5245 cet
608 5190 834 5253 invidia,
854 5206 963 5262 qua
997 5191 1056 5246 in
1088 5206 1148 5246 se
1177 5200 1369 5247 mutuo
1394 5194 1933 5253 concitabanturzac
1961 5215 2072 5255 non

487 5283 610 5337 ideo
643 5285 788 5354 quod
821 5283 1028 5341 Abelus
1072 5282 1184 5340 Deo
1231 5294 1380 5342 esset
1421 5288 1732 5357 acceptior;
1783 5290 1862 5344 uti
1893 5306 1952 5346 se
1981 5306 2073 5348 res

483 5371 682 5440 habet;
711 5376 809 5431 sed
841 5391 984 5431 novo
1017 5375 1255 5447 quodam
1278 5376 1564 5433 mendacio
1591 5381 1874 5436 veritatem
1903 5381 2073 5438 dissi-

485 5465 717 5518 mulant.
737 5467 939 5524 Ambos
967 5471 1114 5525 enim
1147 5469 1302 5524 aiunt
1329 5465 1541 5527 sorOris
1567 5487 1754 5528 amore
1782 5471 2066 5545 ﬂagrasse.

485 5551 613 5608 ldco
643 5553 874 5611 Cainum
923 5559 977 5614 in
1024 5560 1253 5615 Abelum
1289 5551 1625 5617 concitatum
1659 5564 1834 5635 ipsum
1864 5565 2068 5622 intere-

569 5724 770 5820 ZPOT;
792 5747 934 5820 ,κων
967 5734 992 5789 ί
1022 5747 1144 5805 δίίίι·
1231 5729 1253 5763 ¹
1286 5735 1409 5794 Vat.
1444 5735 1503 5792 τὸ
1533 5736 1724 5797 καλόν.
1799 5739 1820 5776 ³
1859 5739 1988 5810 νει,
2013 5741 2070 5798 δέ

2174 5762 2275 5802 tta:
2313 5749 2442 5820 γάρ.

486 5796 651 5855 Carr.
704 5798 826 5867 γῆς.

2177 1979 2391 2045 καὶτὰς
2419 1980 2668 2046 ἐξουσίας
2699 1981 2757 2034 ὲν
2796 1980 3021 2051 κόσμῳ,
3057 1974 3196 2034 εἶναι
3223 1978 3283 2032 δὲ
3319 1977 3413 2031 καὶ
3447 1976 3534 2030 τὸν
3555 1973 3724 2027 τούτων

2175 2072 2419 2144 βασιλέα.
2463 2073 2550 2135 Ὠς
2599 2069 2692 2126 οὖν
2725 2073 2819 2126 ἐπὶ
2870 2073 2974 2144 γῆς
3022 2071 3239 2143 ὁρῶμεν
3283 2069 3578 2142 (δέδεικται
3605 2066 3724 2118 ὀὐκ

2172 2165 2422 2228 ἐναντίας
2453 2165 2553 2229 τὰς
2607 2165 2782 2237 ἀρχὰς
2811 2164 2888 2236 τῷ
2939 2163 3187 2234 βασιλεῖ,
3243 2163 3362 2217 ἀλλ’
3394 2157 3724 2228 ὑποτεταγμέ·

2173 2273 2271 2320 νας
2297 2257 2377 2320 είς
2400 2256 2665 2328 διοίκησιν
2693 2255 2900 2318 παντὸς
2926 2254 3021 2308 τοῦ
3051 2253 3322 2325 βασιλείου
3343 2293 3358 2317 ,
3385 2253 3479 2307 καὶ
3503 2253 3577 2315 εἰς
3597 2250 3726 2302 εὐτα-

2175 2349 2295 2414 ξίαν
2318 2350 2420 2421 γῆς
2440 2365 2453 2380 ·
2491 2349 2620 2404 ἔνθα
2651 2348 2803 2418 φόνοι
2828 2387 2844 2414 ,
2875 2347 2970 2402 καὶ
2999 2347 3168 2419 μάχαι
3194 2387 3209 2412 ,
3235 2346 3452 2415 ἄγνοιαι
3480 2362 3536 2397 τε
3563 2339 3644 2397 καὶ
3663 2341 3725 2395 δι-

2171 2441 2461 2496 δασκαλίαι
2487 2480 2503 2506 ,
2531 2441 2782 2511 εὐνομίαι
2813 2456 2874 2493 τε
2905 2439 3000 2492 καὶ
3031 2437 3409 2510 παρανομίαι·
3442 2436 3532 2491 καὶ
3568 2433 3725 2488 τούτου

2173 2535 2332 2606 χάριν
2365 2533 2504 2589 είσὶν
2530 2533 2771 2600 ἐξουσίαι
2793 2575 2808 2600 ,
2847 2531 2936 2588 ἵνα
2970 2533 3052 2596 είς
3089 2529 3354 2585 εὔτακτον
3386 2528 3619 2595 σύνταξιν
3646 2525 3724 2595 τῆς

2171 2627 2267 2681 τοῦ
2297 2627 2500 2690 παντὸς
2523 2626 2732 2696 κόσμου
2756 2624 3080 2696 διοικήσεως
3109 2623 3179 2677 τὰ
3209 2622 3394 2678 πάντα
3421 2623 3484 2676 ὲκ
3505 2618 3625 2674 Θεοῦ
3653 2635 3725 2671 κα-

2173 2719 2282 2785 λῶς
2307 2718 2622 2790 καταταχοῇ
2648 2717 2744 2772 καὶ
2783 2717 3117 2789 οἰκονομηθῇ
3137 2716 3157 2786 )
3176 2755 3192 2781 ,
3221 2715 3370 2769 οὕτω
3407 2714 3498 2768 καὶ
3519 2714 3570 2767 ὲν
3591 2710 3724 2782 οὐρα-

2173 2811 2250 2883 νῷ
2275 2852 2288 2875 ,
2323 2810 2558 2883 μάλιστα
2591 2809 2649 2863 δὲ
2682 2807 2978 2878 ἐξαιρέτως
3014 2808 3134 2860 ἐκεῖ
3157 2824 3168 2836 ·
3200 2805 3333 2860 ἔνθα
3355 2807 3416 2860 οὐ
3443 2803 3618 2876 φθόνος
3637 2841 3649 2865 ,
3676 2799 3724 2852 οὐ

2173 2902 2338 2974 ζῆλος
2359 2942 2374 2967 ,
2412 2903 2472 2956 οὐ
2507 2899 2825 2974 παρανομία
2851 2941 2866 2964 ,
2902 2900 3003 2954 οὐκ
3054 2899 3371 2970 ἐναντιότης
3395 2936 3411 2961 ,
3454 2897 3512 2950 οὐ
3550 2894 3722 2955 στάσις,

2173 2995 2272 3065 οὐχ
2294 2995 2483 3065 ὅρκος,
2515 2993 2613 3063 οὐχ
2640 2991 2870 3064 ἁρπαγὴ
2887 3033 2901 3057 ,
2929 2991 3050 3045 οὐδέ
3071 3008 3122 3044 τι
3145 2991 3337 3062 ἕτερον
3359 2990 3464 3044 τῶν
3488 2986 3723 3045 τοιούτων.

2174 3085 2415 3154 ἐξουσίαι
2468 3084 2804 3155 τεταγμέναι
2857 3085 2964 3137 εἰσὶ
3012 3065 3105 3137 διἸ
3133 3083 3302 3152 ἄλλην
3365 3077 3722 3154 πραγματείαν.

2102 3217 2144 3274 c
2177 3177 2347 3231 Ποίαν
2396 3177 2454 3230 δέ
2507 3193 2686 3249 φημι,
2717 3176 2832 3230 ἀλλ’
2865 3175 2909 3247 ’ἢ
2941 3175 3031 3229 διὰ
3067 3173 3156 3228 τὸν
3186 3173 3396 3246 ῥυθμὸν
3446 3170 3536 3226 τοῦ
3567 3168 3724 3274 ὓμνωῖ

2179 3271 2268 3326 διὰ
2296 3271 2396 3340 τὴν
2432 3269 2546 3324 ἄνω
2575 3269 2855 3340 ἀκήρατον
2878 3266 3190 3336 δοξολογίαν
3210 3306 3226 3330 ,
3255 3266 3324 3318 δι’
3359 3267 3425 3338 ήν
3453 3257 3726 3335 ἠθέλησε-ιδ

2179 3365 2411 3436 ἄφθονος
2435 3363 2592 3436 ἡμῶν
2620 3362 2754 3426 Θεὸς
2789 3361 2884 3415 καὶ
2910 3361 3168 3432 βασιλεὺς
3193 3359 3523 3433 χαρίσασθαι
3549 3355 3726 3421 ἑκάστῳ

2179 3457 2289 3512 τῶν
2337 3457 2429 3511 ὑπ’
2485 3454 2652 3527 αὐτοῦ
2701 3453 3114 3524 γεγεννημένων
3146 3452 3306 3518 δόξαν
3351 3450 3723 3523 προσήκουσαν

2180 3549 2268 3603 ἵνα
2300 3549 2398 3619 τῆς
2431 3547 2597 3601 αὐτοῦ
2628 3544 2906 3616 βασιλείας
2941 3544 3002 3598 τὸ
3030 3543 3257 3615 φαιδρὸν
3295 3543 3398 3597 καὶ
3445 3535 3724 3602 ἀκατάπλη-

2178 3660 2308 3698 κτον
2355 3643 2377 3674 ⁶
2408 3642 2496 3695 ἀεὶ
2530 3638 2858 3711 ansatum;
2893 3637 3088 3708 Σαφῶς
3118 3636 3300 3692 τοίνυν
3333 3638 3526 3690 ἐκεῖνοι
3557 3629 3729 3687 πεπλὰ·

2176 3751 2390 3807 νηνται,
2420 3733 2520 3789 τὴν
2549 3733 2710 3804 χάριν
2744 3730 2840 3784 τοῦ
2863 3728 3001 3783 Θεοῦ
3027 3728 3418 3799 ἀγνοήσαντες.

2246 4017 2324 4074 Ε’.
2363 4017 2500 4073 Φασὶ
2545 4015 2602 4070 δὲ
2627 4012 2770 4073 οὗτοι
2789 4061 2803 4086 ,
2835 4017 2912 4081 ὡς
2943 4016 3037 4071 καὶ
3062 4016 3178 4071 ἂνω
3209 4031 3300 4086 μοι
3343 4011 3725 4085 προδεοήλωταιν

2175 4120 2269 4176 τὸν
2300 4119 2546 4174 διάϐολον
2567 4115 2718 4174 ἐἶναι
2759 4117 2873 4172 υἱὸν
2910 4119 3009 4189 τῆς
3037 4117 3272 4187 ἑϐδόμης
3301 4114 3546 4179 ἐξουσίας
3565 4154 3578 4177 ,
3603 4124 3728 4162 τουτ-

2176 4213 2288 4268 έστι
2343 4210 2438 4266 τοῦ
2487 4209 2739 4265 Σαϐαὼθ.
2790 4205 2946 4263 Εἶναι
2996 4208 3056 4262 δὲ
3101 4207 3192 4262 τὸν
3226 4205 3455 4262 Σαϐαὼθ
3488 4203 3590 4258 τῶν
3625 4201 3727 4254 Ἰον-

2175 4319 2340 4373 δαίων
2363 4335 2377 4348 ·
2417 4316 2508 4371 τὸν
2536 4316 2594 4371 δὲ
2619 4304 2864 4371 διάϐολον
2900 4313 3140 4387 πονηρὸν
3171 4313 3341 4368 αὐτοῦ
3375 4313 3515 4366 υἱόν·
3549 4309 3663 4364 ὄντα
3683 4300 3727 4354 δὲ

2176 4422 2268 4476 ἐπὶ
2296 4425 2396 4494 τῆς
2429 4423 2450 4454 ⁵
2503 4418 2881 4475 ἐναντιοῦσθαι
2911 4417 2990 4490 τῷ
3023 4417 3138 4489 ἰδίῳ
3173 4417 3370 4488 Πατρί.
3405 4415 3512 4470 Καὶ
3551 4412 3629 4466 τὸν
3652 4407 3728 4462 ai:-

2176 4525 2272 4580 τοῦ
2310 4525 2532 4597 Πατέρα
2565 4527 2702 4597 μήτε
2739 4523 2980 4578 τοιοῦτον
3025 4518 3164 4576 εῖναι
3192 4563 3210 4589 ,
3252 4523 3394 4595 μήτε
3425 4521 3580 4575 πάλιν
3616 4512 3727 4594 εἶναι

2177 4618 2269 4672 τὸν
2295 4619 2678 4690 ἀκατάληπτον
2706 4616 2862 4681 Θεὸν,
2892 4616 2952 4669 δν
2982 4615 3201 4687 Πατέρα
3239 4615 3405 4684 φασίν
3430 4631 3443 4644 ο
3474 4610 3600 4666 ἀλλὰ
3633 4609 3729 4677 apt-

2181 4711 2379 4781 περᾶς
2412 4705 2551 4762 εἶναι
2579 4707 2849 4773 ἔξουσίας.
2877 4706 3102 4778 Ἕτερον
3129 4706 3186 4760 δὲ
3210 4705 3374 4760 πάλιν
3394 4703 3554 4776 μῦθον
3572 4699 3728 4765 λέγουο

2182 4816 2265 4854 σιν
2301 4801 2352 4853 οἱ
2408 4798 2681 4854 τοιοῦτοι·
2726 4801 2892 4864 Ὅτι,
2952 4798 3120 4870 φησὶν
3145 4840 3161 4866 ,
3199 4799 3228 4852 ό
3275 4796 3542 4858 διάϐολος,
3589 4783 3727 4843 ἐλθὼν

2180 4890 2318 4964 πρὸς
2363 4891 2463 4963 τὴν
2497 4890 2684 4956 Εὔαν,
2723 4890 2968 4964 συνήφθη
3013 4893 3152 4963 αὐτῇ
3208 4891 3283 4954 ὡς
3333 4889 3468 4960 ἀνὴρ
3520 4877 3726 4954 γυναικὶ,

2181 4983 2278 5038 καὶ
2310 4983 2598 5054 ἐγέννησεν
2627 4983 2689 5048 ἐξ
2739 4983 2906 5038 αὐτοῦ
2937 4983 3029 5037 τόν
3061 5000 3122 5036 τε
3155 4981 3291 5036 Κάῖν
3324 4979 3528 5035 καὶτὸν
3571 4970 3723 5027 Ἅϐελ.

2182 5076 2274 5130 Διὸ
2314 5075 2590 5148 ἐπανέστη
2625 5078 2654 5130 ό
2686 5071 2768 5140 εἷς
2799 5075 2877 5147 τῷ
2905 5076 2986 5131 ὲνλ⁸
3027 5075 3116 5129 διὰ
3155 5074 3316 5146 ζῆλον
3355 5074 3413 5127 δν
3445 5067 3580 5142 εἶχον
3617 5063 3727 5135 πρὸς

2179 5179 2445 5252 ἀλλήλους
2469 5220 2484 5245 ,
2508 5180 2629 5252 οὐχὶ
2659 5181 2749 5234 διὰ
2775 5181 2837 5235 τὸ
2869 5180 2994 5255 [ὡς]
3021 5178 3566 5254 εὑηρεστηκέναιτὸν
3586 5168 3724 5234 ¹Ἅϐελ

2179 5271 2331 5344 Θεῷ,
2368 5273 2444 5338 ὡς
2492 5273 2608 5345 ἔχει
2642 5275 2676 5345 ή
2719 5273 2980 5345 ἀλήθεια,
3010 5274 3150 5328 ἀλλὰ
3197 5275 3383 5345 ἕτερον
3429 5268 3722 5338 πλαζόμενον

2177 5359 2334 5430 λόγον
2361 5362 2628 5431 λέγουσιν.
2672 5363 2918 5434 Ἐπειδὴ,
2953 5366 3117 5434 φασιν
3143 5405 3158 5430 ,
3207 5364 3439 5436 ἐρῶντες
3477 5358 3606 5433 ἦσαν
3635 5357 3722 5426 ἀμ·

2179 5465 2305 5534 φότε
2317 5483 2397 5535 ροι
2429 5467 2528 5536 τῆς
2563 5464 2801 5536 ἀδελφῆς
2830 5465 3011 5520 αὐτῶν
3048 5467 3149 5538 τῆς
3183 5469 3320 5532 ίδίας
3342 5510 3355 5534 ,
3385 5466 3564 5520 τούτου
3591 5461 3721 5532 χάριν

2178 5571 2450 5644 ἐπανέστη
2482 5576 2509 5627 ό
2539 5571 2681 5627 Κάῖν
2710 5571 2788 5644 τῷ
2841 5572 3008 5625 Ἀϐελ
3029 5615 3044 5641 ,
3093 5575 3188 5628 καὶ
3230 5573 3537 5628 ἀπέκτεινεν
3565 5561 3715 5620 αὐτόν.

2555 5755 2576 5784 δ
2607 5748 2670 5806 F.
2702 5751 3104 5825 ἀκατάληκτον.
3187 5753 3209 5786 ⁸
3238 5751 3357 5810 νει.
3393 5750 3476 5805 ἐπὶ
3501 5744 3590 5817 τῆς
3613 5738 3708 5810 63¢-
