3934 6424
223 425 262 476 (ἶ
273 426 353 484 85

943 421 1314 481 ADVERSUS
1352 421 1693 513 HIEBESES
1731 421 1860 478 LIB.
1895 421 1934 476 Ι.
1976 419 2140 478 τοιι.
2181 422 2355 477 111.-
2395 423 2664 481 HASRES.
2708 424 2818 478 XL.

3414 427 3522 484 686

233 545 408 600 Φύσει
448 540 556 614 γάρ
589 540 783 607 αύτούς
809 559 972 612 φασιν
1001 544 1067 598 ὲκ
1103 546 1198 599 τοῦ
1237 545 1551 616 σπέρματος
1584 541 1680 596 τοῦ
1720 542 1834 598 δια-

1945 541 2133 598 misse.
2166 541 2301 597 Nam
2333 553 2627 616 utrumque
2656 543 2858 602 diaboli
2893 559 2923 600 e
2953 544 3124 616 stirpe
3148 555 3521 618 procreatum,

231 636 402 690 ϐόλου
428 676 444 697 ,
476 633 552 695 ὼς
573 635 864 702 προεῖπον,
894 633 1275 705 γεγενῆσθαι.

309 726 546 796 Φέρουσι
593 723 652 778 δὲ
710 724 1048 795 μαρτυρίας,
1105 725 1236 780 ὅταν
1269 725 1571 795 θελήσωσιν
1619 727 1834 798 ἀπατᾷν

233 835 398 882 τινας
417 857 432 880 ,
463 815 572 870 ἀπὸ
601 815 711 870 τῶν
740 815 901 870 θείων
928 815 1148 887 βιϐλίων
1177 857 1191 883 ,
1229 817 1305 881 ὼς
1350 817 1444 870 καὶ
1475 819 1534 872 ὲν
1571 817 1706 890 ἄλλῃ
1744 835 1833 888 μοι

231 910 456 982 αἱρέσει
511 907 669 963 τοῦτο
722 908 976 981 εἴρηται’
1017 910 1046 961 ὁ
1085 909 1275 981 Σωτὴρ
1328 910 1464 981 πρὸς
1513 911 1643 974 τοὺς
1705 911 1838 964 Ἰου-

231 1001 430 1064 δαίους
461 1001 647 1070 ἔλεγεν
671 1016 684 1032 ⁸
731 1000 918 1071 Ὑμεῖς
963 1001 1033 1056 ἐκ
1078 1000 1186 1055 τσῦ
1213 1001 1452 1056 Σατανᾶ
1488 1002 1630 1055 ἐστε
1649 1017 1663 1031 ·
1715 1002 1829 1064 καὶ,

233 1093 426 1147 Ὅταν
457 1091 622 1162 λαλῇ
654 1092 720 1146 τὸ
746 1091 976 1161 ψεῦδος
996 1130 1011 1155 ,
1046 1092 1114 1146 ἐκ
1147 1091 1269 1146 τῶν
1307 1091 1471 1145 ἰδίων
1499 1089 1708 1146 λαλεῖ*
1745 1089 1835 1143 ὅτι

232 1185 341 1238 καὶ
374 1187 408 1240 ό
432 1184 630 1254 πατὴρ
655 1185 842 1239 αὐτοῦ
871 1184 1148 1252 ψεύστης
1171 1180 1252 1254 ἦν
1269 1200 1283 1213 ’
1315 1183 1402 1238 ἴνα
1427 1182 1588 1254 δῆθεν
1614 1181 1832 1248 εἴπωσι,

233 1275 331 1331 τὸν
383 1277 628 1332 διάϐολον
678 1273 816 1330 εἶναι
865 1276 958 1330 τὸν
1011 1271 1407 1346 Κάῖνο-ὲπειδὴ
1462 1277 1716 1349 εἴρηκεν,
1751 1275 1833 1328 ὅτι

250 1367 374 1420 Ἀπ’
395 1366 590 1437 ἀρχῆς
613 1365 1102 1436 ἀνθρωποκτόνος
1168 1361 1249 1436 ἦν
1267 1380 1282 1396 ο
1313 1366 1408 1418 καὶ
1441 1365 1529 1418 ἵνα
1551 1364 1699 1439 δείξῃ
1729 1383 1834 1418 πα-

233 1457 379 1528 τέρα
406 1459 506 1529 μὲν
543 1457 708 1511 αὑτοῦ
760 1455 901 1511 εἶναι
933 1456 1024 1510 τὸν
1060 1456 1306 1530 διάϐολον
1325 1469 1338 1484 °
1370 1455 1464 1510 τοῦ
1496 1457 1553 1509 δὲ
1584 1457 1832 1511 διαϐόλου

235 1546 386 1605 εἶναι
418 1551 630 1624 πατέρα
660 1550 752 1605 τὸν
790 1551 1028 1623 ἄρχοντα
1051 1550 1142 1604 τὸν
1184 1550 1426 1621 ψεύστην
1453 1591 1468 1614 ,
1502 1551 1562 1604 ὃν
1593 1551 1833 1622 βλασφη-

241 1625 478 1713 μοῦντες
503 1642 646 1697 κατὰ
683 1643 783 1714 τῆς
812 1643 1020 1697 ἑαυτῶν
1047 1642 1292 1713 κεφαλῆς
1313 1681 1326 1708 ,
1360 1643 1525 1710 φασὶν
1553 1629 1716 1695 αὐτὸν
1749 1637 1830 1694 εἷ-

235 1752 329 1787 ναι
362 1735 455 1788 τὸν
481 1733 708 1788 Σαϐαὼθ
757 1735 807 1788 ol
847 1735 1065 1807 ἀνόητοι
1092 1776 1106 1799 ,
1143 1733 1457 1806 νομίζοντες
1487 1733 1659 1804 ὄνομα
1694 1729 1831 1787 εἶναι

235 1827 335 1882 τοῦ
377 1826 514 1881 Θεοῦ
549 1826 692 1891 τινὲς
738 1828 755 1860 ί
802 1827 894 1881 τὸν
945 1826 1173 1882 Σαϐαὼθ
1201 1868 1216 1892 ,
1243 1827 1319 1891 ὼς
1358 1827 1458 1898 ἤδη
1503 1827 1598 1879 καὶ
1625 1826 1683 1877 ὲν
1712 1828 1832 1889 ταῖς

237 1919 510 1990 πρότερον
552 1917 799 1991 αἱρέσεσι
827 1918 918 1973 διὰ
950 1919 1187 1984 πλάτους
1217 1922 1351 1992 ἡμῖν
1399 1917 1832 1990 πεπραγμάτευ-

234 2028 331 2064 ται
362 2010 490 2082 περὶ
523 2010 817 2082 ἑρμηνείας
848 2009 942 2064 τοῦ
975 2011 1200 2066 Σαϐαὼθ
1226 2050 1241 2074 ,
1272 2011 1368 2066 καὶ
1409 2009 1582 2065 ἄλλων
1631 2009 1831 2080 ὀνομα-

236 2101 397 2166 σιῶν,
435 2101 530 2156 τοῦ
558 2119 618 2154 τε
657 2103 786 2156 Ἠλὶ
828 2102 1038 2157 καὶτοῦ
1071 2103 1248 2158 Ἐλωτ
1270 2143 1286 2170 ,
1325 2101 1422 2156 τοῦ
1447 2118 1508 2154 τε
1557 2101 1827 2169 Ἰσραὴλ,

234 2192 338 2248 καὶ
386 2191 481 2246 τοῦ
518 2192 707 2249 Σαδατ
721 2233 736 2259 ,
763 2193 856 2248 τοῦ
885 2211 946 2246 τε
981 2193 1232 2248 Ἑλλιὼν
1251 2234 1266 2258 ,
1310 2191 1404 2248 τοῦ
1428 2209 1489 2246 τε
1535 2191 1828 2257 Ῥαϐϐωνί,

233 2282 336 2336 τοῦ
362 2299 420 2336 τε
467 2284 561 2348 ’1ὰ,
593 2281 689 2336 τοῦ
717 2301 778 2337 τε
825 2284 1068 2338 Ἂδωναῒ
1089 2324 1104 2350 ,
1143 2282 1238 2337 τοῦ
1270 2301 1330 2336 τε
1365 2282 1508 2337 Ἰάϐει
1546 2283 1681 2353 (57).
1743 2281 1832 2346 Ὠς

237 2375 528 2446 ὀνομασίαι
577 2374 686 2428 sla).
741 2375 1061 2445 δοξολογιῶν
1115 2374 1324 2428 άπασαι
1374 2372 1832 2445 ἐρμηνευόμεναι,

240 2467 340 2522 καὶ
372 2467 473 2521 οὐκ
507 2465 754 2538 ὀνόματά
787 2468 907 2521 ἐστὶ
955 2467 1117 2534 θετά,
1150 2467 1227 2531 ὡς
1264 2468 1440 2520 εἰπεῖν
1467 2505 1484 2530 ,
1521 2468 1592 2537 τῇ
1630 2464 1835 2534 Θεότη-

235 2575 317 2613 τι.
359 2559 551 2611 ’Δτινα
577 2559 671 2612 καὶ
702 2558 952 2614 ἐνταυθοῖ
985 2557 1488 2631 σπουδασθήσονται
1511 2599 1526 2626 ,
1562 2559 1834 2631 ἑρμηνευ-

239 2647 406 2702 θέντα
437 2649 649 2704 κεῖσθαι
673 2666 689 2681 ·
723 2651 786 2704 τὸ
836 2651 1077 2721 Ἰσραὴλ
1125 2651 1286 2716 Θεὸς,
1317 2651 1380 2704 τὸ
1427 2651 1674 2720 Ἐλωεὶμ
1702 2650 1838 2714 Θεὸς

238 2739 331 2794 ἀεὶ
357 2779 374 2804 ,
405 2740 468 2794 τὸ
513 2741 644 2797 Ἠλὶ
681 2741 815 2807 Θεός
858 2760 997 2814 μου,
1051 2743 1114 2796 τὸ
1157 2742 1381 2798 Σαὸδαῒ
1431 2743 1460 2794 ὁ
1498 2743 1678 2807 ἱκανὸς
1705 2782 1720 2806 ,
1775 2742 1837 2795 τὸ

251 2831 529 2887 Ῥαϐεωνὶ
573 2835 602 2887 ὀ
639 2834 882 2906 Κύριος,
926 2834 989 2889 τὸ
1028 2836 1114 2890 ‘Ia
1141 2834 1378 2907 Κύριος,
1423 2835 1484 2888 τὺ
1528 2834 1776 2890 Ἀδωναῒ
1809 2836 1838 2888 ὁ

240 2922 320 2977 ὢν
350 2924 584 2996 Κύριος,
615 2926 676 2979 τὸ
722 2926 893 2994 Ἰάϐε,
925 2927 983 2990 ὃς
1006 2923 1076 2999 ἦν
1104 2929 1197 2980 καὶ
1219 2927 1334 2980 ἐστι
1374 2927 1470 2980 καὶ
1494 2927 1579 2979 ἀεὶ
1616 2925 1691 2979 ὢν
1711 2943 1725 2958 ο
1761 2927 1837 2990 ὼς

239 3018 541 3090 ἑρμηνεύει
574 3019 654 3090 τῷ
681 3021 891 3093 Μωῡσῇ
913 3062 927 3086 ,
981 3021 1035 3074 '0
1064 3018 1150 3074 ὢν
1180 3020 1530 3076 ἀπέσταλκέ
1547 3038 1626 3090 με
1645 3061 1660 3084 ,
1683 3021 1838 3091 ἐρεῖς

239 3112 395 3176 πρὸς
411 3111 637 3177 αὐτούς
659 3127 673 3142 ·
711 3113 805 3165 καὶ
841 3113 904 3166 τὸ
937 3112 1194 3168 Ἐλλιὼν
1230 3111 1472 3183 ὕψιστος,
1511 3115 1604 3167 καὶ
1636 3113 1698 3166 τὸ
1727 3117 1838 3167 Σα-

1943 640 2004 688 ut
2043 634 2306 703 diximus,
2343 636 2635 692 alIirmant.

1997 723 2194 806 Neque
2223 726 2421 783 desunt
2449 727 2556 784 illis
2576 729 2888 785 testimonia
2917 730 3091 786 sacris
3123 745 3153 786 e
3179 727 3399 786 Litteris
3430 729 3524 785 de-

1937 823 2213 886 prompta,
2257 819 2456 888 quibus
2488 819 2554 874 ad
2588 821 2894 878 illudendos
2927 823 3176 880 homines
3199 808 3520 879 abutuntur.

1939 904 2262 975 Cujusmodi
2295 909 2443 965 istud
2473 917 2558 966 est
2584 911 2640 966 in
2670 911 2775 966 alia
2803 927 2833 967 a
2860 928 2948 970 me
2970 914 3164 970 haeresi
3191 928 3514 970 commemo-

1938 1003 2142 1062 ratum,
2176 1001 2322 1070 quod
2355 1000 2558 1057 Judaais
2583 1003 2833 1060 Salvator
2867 1005 3005 1061 dixit
3042 1024 3056 1062 :
3104 1006 3206 1061 Vos
3222 1021 3287 1061 ea:
3311 1005 3522 1062 Satana

1936 1089 2062 1144 estis
2097 1089 2138 1145 ⁵.
2175 1089 2238 1145 Et
2269 1109 2282 1144 :
2319 1093 2542 1158 Quando
2567 1096 2796 1166 loquitur
2820 1100 3171 1164 mendacium,
3202 1114 3268 1152 ex
3291 1099 3522 1169 propriis

1940 1181 2174 1258 loquitur
2196 1201 2214 1238 :
2235 1188 2486 1254 quoniam
2509 1197 2559 1243 et
2589 1199 2740 1259 pater
2765 1190 2879 1258 ejus
2901 1191 3135 1245 mendax
3156 1201 3234 1246 est
3261 1192 3301 1247 ⁸.
3337 1191 3410 1248 Ut
3437 1192 3524 1247 ni-

1938 1273 2138 1327 mirum
2171 1275 2449 1332 diabolum
2483 1294 2606 1336 esse
2631 1280 2862 1336 Cainum
2892 1282 3154 1350 elﬁciant;
3183 1298 3248 1338 ex
3284 1299 3348 1338 eo
3377 1283 3525 1354 quod

1939 1364 2175 1422 dixerit:
2199 1370 2488 1425 Homicida
2508 1381 2584 1426 est
2609 1373 2674 1426 ab
2703 1375 2859 1428 initio
2878 1376 2897 1405 ⁷
2927 1393 2940 1428 :
2977 1382 3140 1446 atque
3170 1382 3376 1446 patrem
3403 1376 3524 1446 ejus

1938 1474 2061 1515 esse
2089 1459 2366 1517 diabolum
2393 1466 2724 1533 ostendant;
2757 1466 2961 1523 diaboli
2988 1485 3114 1524 vero
3144 1477 3351 1540 patrem
3382 1485 3526 1524 men-

1936 1551 2129 1607 dacem
2151 1553 2299 1609 illum
2327 1557 2652 1628 principem,
2723 1575 2886 1629 quem
2920 1560 2973 1614 in
3008 1569 3174 1632 caput
3216 1577 3376 1616 suum
3407 1561 3527 1615 bla~

1940 1645 2290 1714 sphemantes
2319 1648 2495 1719 ipsum
2531 1665 2652 1706 esse
2699 1649 2941 1706 Sabaoth
2973 1651 3315 1708 stolidissimi
3351 1651 3526 1706 homi-

1938 1751 2038 1792 nes
2087 1744 2313 1806 putant;
2361 1740 2506 1810 quod
2555 1756 2756 1796 nomen
2791 1741 2887 1798 Dei
2921 1743 3207 1812 cujusdam
3240 1743 3526 1813 proprium

1937 1843 2062 1884 esse
2090 1831 2301 1886 volunt.
2336 1830 2412 1886 De
2453 1847 2561 1903 qua
2607 1849 2666 1888 re
2701 1835 2755 1888 in
2791 1835 3172 1905 superioribus
3227 1835 3528 1890 lueresibus

1935 1918 2152 1976 abunde
2168 1920 2568 1992 disputavimus
2588 1943 2603 1993 ;
2623 1925 2714 1980 ubi
2741 1934 2794 1982 et
2817 1925 3058 1981 Sabaoth
3079 1928 3420 1998 aliorumque
3436 1942 3529 1981 no-

1932 2011 2140 2066 minum
2161 2012 2667 2085 interpretationem
2691 2019 2995 2081 attulimus,
3014 2017 3159 2072 velut
3183 2017 3292 2081 Eli,
3309 2026 3363 2073 et
3383 2016 3523 2080 Eloi,

1933 2101 2101 2175 296
2123 2103 2318 2170 Israel,
2356 2104 2619 2171 Sadadai,
2654 2107 2855 2176 Elliou,
2882 2107 3145 2173 Rabboni,
3186 2107 3272 2173 la,
3298 2107 3525 2173 Adonai,

1935 2189 2084 2246 labe.
2115 2191 2267 2259 Quas
2308 2194 2529 2265 quidem
2578 2212 2746 2254 voces
2794 2199 2840 2254 si
2888 2206 3036 2254 recte
3075 2200 3520 2268 interpretemur,

1934 2283 2120 2341 varias
2164 2284 2235 2340 ad
2286 2287 2691 2356 praedicandam
2724 2289 2819 2346 Dei
2859 2290 3090 2361 gloriam
3137 2291 3529 2362 appellationes

1934 2389 2078 2439 esse,
2112 2391 2223 2431 non
2264 2377 2370 2448 ipsi
2403 2378 2677 2440 divinitati
2734 2380 3112 2453 significanda:
3137 2381 3393 2452 imposita
3423 2395 3528 2435 no-

1937 2466 2086 2521 mina
2118 2467 2426 2527 docuimus.
2458 2471 2537 2526 Ac
2560 2487 2662 2528 nos
2690 2473 2813 2528 illas
2857 2473 3055 2528 iterum
3084 2473 3188 2530 hoc
3219 2474 3338 2528 loco
3367 2487 3528 2542 repe-

1937 2562 2135 2612 temus.
2153 2561 2247 2614 Est
2275 2559 2442 2630 igitur
2458 2559 2634 2616 Israel
2666 2561 2848 2618 Deus:
2875 2561 3070 2629 Eloim,
3099 2561 3243 2618 Deus
3271 2577 3528 2632 semper:

1939 2642 2052 2712 Eli,
2075 2644 2219 2704 Deus
2241 2665 2397 2706 meus
2426 2667 2440 2705 :
2474 2649 2700 2714 Saddai.
2725 2649 3009 2708 sufﬁciens
3039 2668 3054 2704 :
3080 2649 3319 2705 Rabboni
3346 2649 3532 2704 Domi-

1941 2753 2046 2794 nus
2075 2755 2089 2793 :
2121 2737 2188 2794 Ia
2217 2739 2484 2798 Dominus
2513 2758 2525 2796 :
2558 2741 2769 2797 Δάοηαὶ
2793 2743 2886 2813 qui
2921 2749 3008 2798 est
3040 2741 3308 2796 Dominus
3335 2759 3347 2796 :
3371 2739 3530 2806 Jabe,

1940 2831 2035 2900 qui
2063 2837 2204 2896 erat,
2233 2841 2289 2888 et
2317 2839 2422 2901 est,
2456 2840 2512 2888 et
2537 2849 2753 2905 semper
2772 2833 3027 2902 exsistit;
3065 2833 3527 2904 quemadmodum

1943 2920 2114 2992 Moysi
2144 2921 2262 2992 ipse
2295 2924 2540 2979 declarat
2571 2941 2586 2980 :
2621 2925 2725 2992 Qui
2752 2934 2830 2980 est
2860 2927 3006 2979 misit
3032 2941 3114 2979 me
3147 2925 3217 2978 ad
3245 2942 3354 2986 vos,
3389 2924 3529 2980 dices

1939 3011 2010 3065 ad
2039 3012 2162 3067 illos
2187 3013 2209 3045 ⁸
2236 3033 2250 3068 :
2285 3013 2462 3070 Ellion
2499 3015 2831 3072 altissimum
2860 3022 3022 3070 sonat
3051 3033 3064 3068 :
3101 3014 3358 3078 Sabaoth,
3381 3029 3532 3069 exer-

1940 3107 2170 3162 cituum.
2208 3107 2390 3175 Quare
2435 3108 2696 3163 Dominus
2728 3109 2988 3174 Sabaoth,
3027 3110 3172 3165 idem
3204 3120 3289 3167 est
3320 3125 3384 3168 ac
3423 3109 3531 3164 Do-

240 3201 400 3255 ϐαὼθ
439 3201 724 3273 δυνάμεων
769 3203 1153 3276 ἑρμηνεύεται.
1179 3203 1400 3273 Κύριος
1435 3200 1529 3259 οὖν
1567 3204 1832 3270 Σαϐαὼθ,

1942 3200 2126 3256 minus
2163 3200 2528 3256 exercituum.
2561 3201 2694 3268 Quae
2725 3217 2830 3256 vox
2862 3201 3144 3267 Dominus,
3173 3201 3298 3256 addi
3336 3217 3529 3272 perpe-

243 3292 450 3365 Κύριος
479 3293 588 3348 τῶν
619 3294 923 3366 δυνάμεων.
956 3296 1127 3350 Παντὶ
1157 3297 1178 3326 ¹
1213 3295 1324 3368 γὰρ
1351 3297 1672 3368 πρόσκειται
1701 3297 1834 3349 ὅπου

1942 3299 2036 3344 tuo
2082 3290 2241 3354 solet,
2269 3291 2584 3361 ubicunque
2631 3290 2871 3347 Sabaoth
2925 3307 3129 3346 nomen
3179 3293 3527 3356 exprimitur.

240 3387 336 3440 τοῦ
369 3387 596 3441 Σαϐαὼθ
625 3389 797 3458 ὄνομα
821 3388 968 3457 λέγει
996 3391 1030 3455 ἡ
1064 3390 1278 3460 Γραφή.
1303 3387 1381 3444 Ού
1416 3388 1576 3460 μόνον
1608 3389 1629 3420 ³
1660 3391 1838 3459 ἐκφω-

240 3483 325 3533 νεί
347 3479 581 3547 λέγουσα
600 3495 616 3512 ⁸
640 3475 778 3534 Εἷπέ
810 3497 900 3551 μοι
923 3479 1150 3534 Σαϐαὼθ
1172 3497 1186 3510 ·
1214 3480 1270 3549 ἢ,
1307 3480 1566 3549 Ἐλάλησε
1588 3479 1834 3534 Σαϐαὼθ·

240 3571 360 3625 ἀλλ’
411 3571 575 3635 εὐθὺς
630 3570 821 3639 λέγει,
876 3569 1082 3642 Κύριος
1139 3567 1389 3624 Σαϐαὼθ.
1435 3568 1593 3623 Οὕτω
1635 3569 1745 3641 γὰρ
1802 3571 1836 3641 ἡ

256 3659 477 3731 Ἐϐραῖς
509 3661 710 3729 φάσκει
729 3676 745 3692 ·
797 3657 1025 3712 Ἀδωναῒ
1054 3658 1284 3712 Σαϐαὼθ
1312 3676 1326 3689 ο
1369 3659 1510 3729 ὅπερ
1540 3658 1838 3730 ἑρμηνεύε-

238 3770 333 3808 ται
362 3742 565 3822 Κύριος
589 3749 700 3804 τῶν
725 3749 1032 3820 δυνάμεων.

318 3847 410 3913 εἶ’.
443 3845 556 3899 Καὶ
587 3843 727 3916 μετὰ
749 3843 849 3915 τὴν
869 3843 891 3875 ⁵
915 3845 1045 3918 παρ’
1077 3842 1261 3906 αὐτοῖς
1284 3860 1345 3896 τε
1369 3844 1597 3908 καὶτοῖς
1629 3843 1836 3915 ὁμοίοις

242 3937 391 3992 κατὰ
433 3937 533 4008 τὴν
577 3935 856 4006 τύφλωσιν
893 3935 993 4006 τῆς
1023 3935 1264 3999 διανοίας
1309 3935 1492 3989 αὐτῶν
1537 3936 1608 3988 τὰ
1653 3935 1836 3998 καλῶς

245 4029 513 4100 εἰρημένα
534 4029 973 4098 συκοφαντεῖται.
1011 4024 1149 4079 Οὔτε
1179 4027 1288 4098 γὰρ
1319 4027 1448 4099 περὶ
1481 4026 1730 4080 διαϐόλου
1758 4027 1838 4098 τῷ

245 4121 462 4193 Σωτῆρι
507 4122 565 4174 ὲν
611 4119 688 4191 τῷ
737 4119 876 4192 πρὸς
928 4119 1218 4183 Ἰουδαίους
1269 4118 1415 4190 λόγῳ
1463 4119 1718 4192 εἴρηται,
1759 4119 1837 4184 ὠς

245 4209 410 4264 παντί
455 4227 534 4282 τῳ
565 4210 735 4280 σαφὲς
766 4210 1084 4280 εὑρίσκεται
1129 4209 1209 4281 τῷ
1241 4212 1306 4281 τῇ
1335 4208 1562 4282 ἀληθείᾳ
1610 4210 1838 4264 ἀκολου·

245 4299 457 4354 θοῦντι·
500 4299 638 4354 ἀλλὰ
679 4300 768 4354 διὰ
795 4300 888 4353 τὸν
929 4299 1133 4353 Ἰούδαν
1167 4299 1351 4362 αὐτοῖς
1383 4298 1536 4368 ἔλεγε
1567 4301 1627 4353 τὸ
1661 4300 1832 4372 ῥῆμα.

244 4393 362 4448 Οὐκ
393 4388 532 4464 ἦσαν
558 4393 667 4464 γὰρ
689 4393 854 4447 τέκνα
881 4391 975 4446 τοῦ
1023 4391 1296 4463 Ἀϐραὰμ,
1323 4389 1418 4444 τοῦ
1441 4391 1614 4470 αὐτὸν
1642 4393 1839 4446 ἀποδε-

248 4485 482 4556 ξαμένου
523 4485 629 4538 ὑπὸ
661 4485 760 4556 τὴν
787 4485 920 4556 δρῦν
948 4484 1048 4556 τὴν
1078 4483 1320 4555 Μαμϐρῆ
1369 4484 1478 4555 πρὸ
1507 4483 1608 4554 τῆς
1638 4483 1836 4556 ὲνσάρ-

1938 3378 2059 3434 Non
2106 3381 2250 3436 enim
2305 3381 2422 3436 sola
2453 3379 2694 3436 Sabaoth
2723 3381 2894 3436 dictio
2916 3382 3346 3452 poniturhputa,
3385 3382 3532 3435 Dixit

1941 3473 2073 3528 mihi
2092 3473 2333 3529 Sabaoth
2360 3493 2372 3529 :
2410 3473 2772 3542 aut,Locutus
2801 3483 2885 3529 est
2912 3473 3182 3540 Sabaoth;
3219 3475 3313 3529 sed
3344 3474 3530 3529 statim

1942 3564 2279 3636 adjungitur,
2310 3564 2574 3622 Dominus
2622 3564 2887 3620 Sabaoth.
2937 3563 3014 3618 lta
3067 3565 3214 3620 enim
3267 3563 3533 3620 Hebraice
3577 3585 3579 3588 ·

1941 3654 2230 3724 scriptum,
2267 3653 2480 3710 Adonai
2517 3653 2781 3720 Sabaoth,
2823 3654 2929 3710 hoc
2975 3663 3062 3711 est
3117 3654 3381 3712 Dominus
3430 3653 3529 3708 Sa-

1941 3747 2128 3802 baotb.

2012 3837 2103 3893 Vl.
2148 3837 2253 3894 Sed
2283 3854 2406 3910 qua:
2433 3840 2696 3910 praeclare
2725 3839 2952 3896 omnino
2981 3839 3126 3895 dicta
3151 3846 3300 3904 sunt,
3325 3837 3440 3894 haec
3464 3839 3534 3892 ab

1941 3929 2072 3993 illis,
2097 3937 2152 3986 et
2178 3930 2397 3984 illorum
2421 3931 2698 3987 similibus
2720 3931 2930 3986 frustra
2954 3946 3066 4001 pra:
3089 3931 3258 3985 animi
3287 3930 3535 3984 caecitate

1942 4037 2039 4092 per
2085 4022 2418 4077 calumniam
2473 4037 2539 4077 ac
2586 4023 2853 4077 malitiam
2901 4024 3293 4093 depravantur.
3321 4020 3534 4077 Etenim

1941 4113 2195 4168 Salvator
2221 4121 2409 4168 noster
2444 4113 2499 4168 in
2531 4129 2599 4170 eo
2638 4129 2802 4183 quem
2829 4113 2897 4168 ad
2925 4113 3148 4168 Iudaeos
3181 4113 3375 4168 habuit
3412 4125 3534 4166 ser-

1940 4219 2123 4271 mone,
2157 4213 2504 4276 nequaquam
2533 4203 2602 4260 de
2630 4204 2850 4259 diabolo
2883 4205 3102 4259 locutus
3135 4211 3240 4270 est,
3272 4210 3333 4258 ut
3370 4217 3534 4258 nemo

1938 4313 2051 4354 non
2096 4306 2286 4369 aperte
2333 4298 2504 4363 videt,
2565 4298 2658 4370 qui
2695 4297 2966 4353 inhaerere
3007 4297 3228 4352 veritati
3275 4296 3530 4362 studeat;

1939 4391 2036 4447 sed
2083 4400 2308 4462 propter
2354 4389 2552 4446 Iudam
2604 4391 2658 4446 id
2707 4391 2777 4447 ab
2813 4406 2880 4446 eo
2919 4399 3246 4460 usurpatum
3281 4395 3388 4444 est.
3412 4387 3532 4442 Non

1939 4485 2084 4541 enim
2124 4485 2422 4541 Abrahami
2442 4483 2536 4540 lilii
2565 4493 2742 4549 erant,
2771 4483 2864 4554 qui
2897 4498 2958 4538 se
2981 4489 3276 4552 antequam
3308 4496 3532 4536 carnem

253 4594 345 4630 κου
377 4577 542 4631 αὐτοῦ
566 4578 872 4648 παρουσίας
892 4593 909 4610 ο
940 4575 1078 4630 ἀλλὰ
1105 4576 1255 4640 υἱοὺς
1288 4577 1512 4640 ἑαυτοὺς
1543 4575 1834 4630 κατεδίκα-

1943 4577 2195 4634 indueret
2223 4579 2328 4634 sub
2370 4579 2462 4632 illa
2503 4575 2746 4632 Mambre
2791 4591 2996 4647 quercu
3042 4575 3172 4631 olim
3220 4581 3532 4644 exceperat,

249 4688 351 4724 σαν
379 4669 630 4738 γενέσθαι
657 4669 756 4741 τῆς
779 4668 875 4723 τοῦ
907 4669 1080 4723 Ἰούδα
1103 4667 1397 4740 προδοσίας
1415 4709 1430 4733 ,
1466 4667 1563 4721 τοῦ
1604 4669 1712 4724 ὑπὸ
1746 4669 1839 4722 τοῦ

249 4761 455 4833 Κυρίου
483 4761 698 4816 Σατανᾶ
745 4760 842 4816 καὶ
873 4760 1120 4815 διαϐόλου
1167 4758 1571 4832 ὀνομαζομένου
1591 4801 1606 4825 ,
1646 4759 1723 4824 ὼς
1754 4759 1841 4813 λέ-

245 4869 364 4923 γει’
400 4853 548 4924 Οὐχὶ
587 4853 818 4907 δώδεκα
847 4851 1006 4922 ὑμᾶς
1035 4851 1446 4923 ἐξελεξάμην,
1484 4851 1581 4907 καὶ
1629 4847 1721 4918 εἷς
1767 4852 1838 4917 ἐξ

245 4941 416 5013 ὑμῶν
459 4943 592 4998 ἐστι
624 4942 943 5010 ὃιάϐολος;
997 4943 1109 5010 Καὶ
1153 4943 1347 4997 τούτου
1401 4943 1568 4998 ἕνεκα
1619 4944 1689 4998 τὰ
1734 4943 1838 5014 τῆς

247 5035 414 5091 αὐτοῦ
449 5037 818 5110 κακοτροπίας
851 5038 880 5091 ὁ
908 5036 1110 5107 Κύριος
1148 5035 1467 5108 ἑρμηνεύων
1500 5036 1686 5105 ἔλεγεν
1705 5077 1720 5102 ,
1751 5037 1834 5090 ὅτι

249 5129 437 5182 ὀταν
468 5127 634 5197 λαλῇ
662 5128 730 5182 τὸ
759 5127 985 5198 ψεῦδος
1003 5168 1018 5193 ,
1053 5128 1123 5182 ἐκ
1163 5128 1282 5181 τῶν
1312 5128 1479 5182 ἰδίων
1501 5127 1716 5183 dulei“
1757 5129 1833 5192 ὼς

247 5220 344 5274 καὶ
390 5220 624 5291 ἀλλαχοῦ
679 5220 741 5274 τὸ
774 5220 1104 5290 Εὐαγγέλιον
1153 5219 1338 5288 λέγει’
1382 5219 1514 5272 Ὅτι
1566 5219 1834 5287 κλέπτης

245 5309 363 5385 ἤν,
407 5313 506 5366 καὶ
544 5313 614 5367 τὸ
657 5314 1096 5384 γλωσσόκομον
1131 5311 1316 5378 αὐτὸς
1347 5308 1689 5371 ἐϐάσταζεν.
1726 5307 1832 5365 Οὗ-

245 5419 339 5466 τος
363 5398 455 5458 οὖν
481 5405 511 5456 ὁ
535 5403 780 5468 διάϐολος
813 5403 1035 5475 κληθεὶς
1072 5402 1273 5466 Ἰούδας
1297 5444 1311 5469 ,
1340 5400 1556 5473 πατέρα
1585 5401 1712 5473 ἔσχε
1741 5402 1833 5456 τὸν

1328 5578 1436 5635 'F.

340 5583 358 5614 ⁸
385 5582 544 5638 Corr.
585 5582 747 5646 τινός.
842 5585 863 5615 ³
901 5580 962 5636 F.
991 5583 1190 5653 πάντη.
1328 5581 1348 5612 ³
1375 5580 1436 5635 F.
1475 5580 1508 5652 ἢ
1538 5581 1598 5633 οὐ
1632 5599 1669 5650 μ

340 5655 471 5707 xod.
509 5651 592 5707 ui.
617 5654 671 5707 ι.
743 5655 764 5688 ⁹
787 5651 947 5707 Joan.
975 5669 1051 5707 vr.
1085 5653 1172 5707 71.
1253 5652 1297 5683 ¹⁰
1321 5650 1481 5707 Joan.
1512 5666 1607 5707 xu.
1635 5653 1669 5706 6

1468 5691 1481 5705 ο
1513 5686 1607 5720 ιλιι,
1636 5686 1690 5706 υ.

251 5655 273 5685 ⁸
295 5653 471 5709 Exod.
509 5651 592 5720 Ili,
617 5654 671 5712 ι.
743 5655 764 5688 ⁹
787 5651 947 5708 Joan.
975 5669 1051 5718 vr,
1085 5651 1172 5707 7i.

321 5811 434 5884 (57)
467 5812 580 5867 Τοῦ
603 5829 664 5866 τε
715 5811 882 5869 Ἰάϐε.
911 5810 1018 5868 Pro
1041 5809 1264 5869 Jehova.

1475 5580 1508 5652 ἢ
1538 5581 1598 5633 οὐ
1632 5599 1741 5655 μοι.
1835 5582 1856 5614 ⁸
1887 5581 2040 5638 Corr.
2079 5583 2282 5655 μάτην.

1941 4670 2036 4726 sed
2069 4668 2312 4741 perﬁdiae
2351 4667 2507 4725 Iudae
2539 4668 2702 4734 (Ilios,
2736 4675 2797 4724 ut
2841 4669 2915 4724 ita
2949 4668 3150 4731 dicam,
3178 4683 3278 4724 sua
3319 4679 3378 4724 se
3409 4682 3534 4722 sen.

1939 4762 2108 4817 tentia
2152 4761 2589 4828 declaraverant,
2636 4777 2799 4832 quem
2847 4759 3113 4818 Dominus
3164 4759 3424 4815 Satanam
3469 4775 3533 4815 ac

1937 4835 2218 4910 diabolum
2249 4855 2521 4920 nominat,
2553 4854 2640 4909 his
2674 4853 2897 4911 verbis:
2930 4852 3120 4907 Nonne
3145 4850 3420 4906 duodecim
3444 4866 3532 4903 vos

1933 4945 2086 5016 elegi,
2115 4954 2164 4999 et
2212 4961 2350 4999 unus
2395 4961 2461 5000 ex
2502 4944 2648 4999 vobis
2693 4944 2936 4998 diabolus
2977 4941 3133 4998 est”?
3159 4942 3334 5012 Cujus
3366 4941 3531 4996 etiam

1934 5039 2012 5092 rel
2048 5051 2215 5091 causa
2258 5035 2525 5091 Dominus
2569 5035 2816 5106 ejusdem
2859 5033 3264 5104 improbitatem
3301 5046 3532 5101 exagge-

1933 5140 2064 5181 rans
2093 5144 2106 5181 :
2132 5125 2266 5180 Cum
2303 5127 2554 5196 loquitur,
2583 5126 2783 5196 inquit,
2809 5123 3158 5189 mendacium,
3199 5123 3262 5176 de
3301 5122 3531 5190 propriis
3599 5147 3603 5150 -

1933 5218 2188 5289 loquitur.
2220 5217 2340 5283 Quo
2369 5218 2606 5288 pertinet
2658 5217 2814 5283 illud,
2844 5215 2989 5287 quod
3021 5216 3076 5269 in
3112 5215 3219 5269 alio
3250 5213 3532 5284 Evangelii

1933 5309 2055 5364 loco
2081 5309 2346 5379 scriptum
2383 5315 2489 5376 est,
2527 5309 2778 5378 quoniam
2811 5308 2902 5377 fur
2924 5314 3059 5373 erat,
3090 5315 3138 5360 et
3169 5305 3369 5360 loculos
3404 5321 3533 5374 por-

1935 5401 2084 5456 tabat
2108 5403 2174 5458 “.
2204 5401 2302 5458 Hic
2330 5401 2498 5475 igitur
2527 5401 2728 5457 diaboli
2761 5401 3060 5473 insignitus
3096 5400 3320 5454 nomine
3357 5397 3530 5453 Judas

2445 5581 2648 5638 'Joan.
2686 5597 2804 5647 γιιι,
2841 5581 2930 5636 Η.
3053 5586 3076 5618 ⁸
3107 5577 3241 5633 ibid.
3336 5577 3356 5607 ⁷
3390 5565 3528 5627 ibid.
