3934 6432
477 409 581 466 887

1911 396 1974 454 s.
2013 395 2355 454 EPIPHANII
3634 409 3718 467 δεε

483 524 715 598 Cainum
750 525 973 591 .patrem
1013 515 1230 582 habuit,
1259 513 1351 585 qui
1387 511 1618 568 Abelum
1647 510 1874 566 fratrem
1921 526 2077 566 men-

2195 513 2322 566 Kaiv
2347 553 2361 577 ,
2399 511 2489 566 διὰ
2512 513 2740 583 ψεύδους
2777 514 3138 587 ἀπατήσαντα
3186 515 3276 571 τὸν
3318 518 3539 589 ἀδελφὸν
3584 521 3720 579 αὐτοῦ

482 615 643 670 dacio
673 626 774 667 suo
809 607 1264 677 circumscripsit,
1300 612 1354 659 et
1399 603 1621 657 occidit.
1654 601 1758 668 Qui
1789 602 1955 656 etiam
1986 600 2074 653 in-

481 701 782 772 terroganti
815 699 1045 754 Domino
1072 716 1086 752 :
1136 683 1235 750 Ubi
1265 705 1342 750 est
1376 695 1503 748 Abel
1533 693 1700 762 frater
1727 693 1894 746 tuus?
1923 705 2076 744 men-

486 794 622 847 titus
651 790 936 862 respondit
969 807 983 842 :
1017 786 1264 841 Nescio‘.
1300 784 1494 838 Merito
1531 783 1716 854 itaque
1754 782 1921 836 etiam
1950 781 2074 845 iste,

485 885 580 954 qui
617 899 803 940 verum
849 881 1131 937 diabolum
1179 879 1428 934 moribus
1460 884 1546 932 est
1575 876 1843 940 imitatus,
1868 873 1990 943 ejus
2016 873 2079 926 li-

482 975 594 1030 lius
631 971 844 1030 Domini
867 986 970 1027 ore
997 970 1410 1042 pronuntiatur.
1445 967 1490 1019 A
1519 980 1630 1036 quo
1665 965 1810 1020 enim
1839 964 2078 1034 quisque

487 1072 779 1134 superatus
827 1074 933 1126 est,
970 1062 1020 1116 ei
1058 1068 1112 1115 et
1141 1059 1335 1115 servit.
1365 1058 1448 1112 Ac
1474 1071 1577 1111 nos
1610 1055 1746 1110 adeo
1787 1055 2076 1126 quodcun-

487 1172 594 1227 que
622 1155 843 1210 demum
875 1152 1172 1222 egerimus,
1209 1165 1304 1204 eos
1341 1155 1526 1218 patres
1555 1145 1904 1210 habebimus,
1938 1159 2080 1214 quo-

488 1263 612 1302 rum
635 1245 882 1315 exempla
911 1243 1108 1298 iisdem
1137 1239 1297 1293 factis
1325 1227 1725 1308 expressimus.
1743 1234 1905 1304 297
1932 1231 2082 1299 Quo-

488 1341 637 1394 circa
667 1337 958 1408 perspicue
980 1334 1092 1404 jam
1138 1333 1230 1385 illa
1275 1329 1496 1384 Domini
1536 1335 1622 1384 est
1651 1326 1932 1381 declarata
1958 1341 2084 1381 sen-

487 1432 696 1487 tentia:
743 1427 842 1482 Vos
889 1428 1014 1481 estis
1061 1425 1162 1494 ﬁlii
1205 1421 1429 1476 diaboli.
1472 1419 1628 1484 Item,
1664 1418 1798 1472 Cum
1853 1418 2085 1486 loquitur

490 1522 846 1585 mendacium,
879 1534 945 1573 ea:
973 1516 1196 1588 propriis
1229 1515 1479 1585 loquitur,
1503 1512 1746 1582 quoniam
1773 1521 1923 1578 pater
1969 1509 2083 1578 ejus

490 1613 722 1668 mendax
755 1620 854 1667 est.
887 1610 1100 1676 Quibus
1127 1607 1312 1661 verbis
1341 1603 1539 1658 Judam
1576 1611 1628 1656 et
1659 1600 1891 1656 Cainum
1919 1601 2084 1655 intel-

491 1705 632 1774 ligit.
668 1703 802 1758 Illud
831 1717 960 1756 vero
991 1719 1004 1756 :
1042 1697 1186 1752 Nam
1217 1707 1266 1751 et
1296 1707 1445 1767 pater
1470 1695 1586 1764 ejus
1615 1693 1842 1747 mendax
1885 1703 1986 1757 est,
2018 1695 2084 1748 ad

485 1796 769 1851 diabolum
799 1793 1144 1848 referendum
1171 1798 1278 1854 est,
1303 1787 1449 1858 quod
1475 1787 1542 1841 ad
1575 1785 1697 1855 ejus
1725 1785 2085 1839 imitationem

488 1888 563 1943 ab
591 1887 700 1942 illis
745 1887 857 1942 sint
899 1892 1208 1956 perpetrata
1246 1883 1530 1936 nonnulla.
1572 1895 1862 1953 Siquidem
1895 1895 1991 1950 per
2021 1892 2084 1932 os

493 1977 770 2050 serpentis
814 1976 1092 2046 inspirans
1143 1975 1394 2029 diabolus
1447 1973 1580 2028 falsa
1639 1973 1822 2027 omnia
1869 1972 2085 2023 locutus

495 2079 579 2124 est
609 2089 622 2124 :
655 2070 843 2138 sicque
873 2076 1003 2122 tunc
1045 2067 1211 2121 Evam
1243 2065 1455 2122 fefellit.
1493 2067 1670 2137 Atque
1697 2065 1848 2119 hunc
1883 2063 1936 2116 in
1967 2077 2086 2114 mo-

495 2165 625 2218 dum
653 2171 767 2218 tota
793 2162 861 2215 ab
889 2161 1010 2216 istis
1044 2159 1280 2214 conﬁcta
1310 2159 1496 2216 fabula
1533 2159 1752 2230 penitus
1782 2154 2079 2212 evanescit.

494 2255 653 2322 Quod
686 2269 816 2308 vero
840 2253 908 2308 de
935 2252 1109 2307 Caino
1147 2250 1434 2322 Scriptura
1479 2257 1736 2314 testatur,
1773 2249 1926 2304 illum
1974 2246 2082 2300 fra-

495 2359 635 2402 trem
680 2345 954 2402 occidisse
1006 2360 1189 2408 suum,
1227 2344 1374 2415 quod
1428 2352 1576 2401 esset
1627 2360 1695 2400 ex
1742 2341 1981 2406 diabolo,
2031 2341 2085 2396 id

495 2440 722 2494 omnino
773 2439 1209 2494 demonstratum
1259 2444 1373 2502 est;
1423 2453 1532 2492 non
1587 2453 1655 2494 ex
1706 2435 1909 2490 diaboli
1962 2441 2084 2490 satu

495 2540 822 2602 conceptum
845 2530 914 2585 ab
937 2531 1048 2584 Eva
1077 2529 1248 2587 fuisse
1276 2529 1447 2585 fetum
1480 2531 1751 2600 aliquem;
1787 2531 1861 2584 ita
1890 2537 1951 2582 ut
1976 2529 2087 2583 vel-

498 2631 558 2677 ut
587 2623 842 2692 conjugio
875 2620 1114 2692 quodam
1141 2622 1457 2693 congressis
1487 2621 1870 2692 copulatisque
1890 2634 2087 2690 corpo-

497 2717 652 2770 ribus
683 2714 916 2772 Cainum
953 2722 1005 2769 et
1021 2713 1254 2770 Abelum
1282 2713 1579 2784 pepererit,
1613 2720 1672 2767 ut
1695 2713 1818 2768 istis
1848 2711 2085 2783 placuit;

499 2807 594 2861 sed
631 2806 702 2862 ob
729 2819 943 2859 morum
979 2802 1419 2871 similitudinem,
1456 2818 1885 2873 expressamque
1912 2803 2088 2857 imita-

500 2899 648 2954 tione
677 2896 880 2952 diaboli
911 2896 1212 2966 nequitiam
1249 2896 1418 2948 lilium
1452 2895 1575 2964 ejus
1605 2895 1889 2965 appellari.

571 2989 685 3046 VII.
727 2987 869 3055 Quin
900 2987 1035 3042 illud
1059 2987 1224 3042 etiam
1251 2987 1322 3041 ab
1356 2987 1481 3041 istis
1501 2986 1788 3050 asseritur,
1817 2984 2086 3040 Adamum

498 3098 563 3138 ex
602 3081 711 3135 Eva
742 3080 976 3151 conjuge
1007 3079 1235 3134 Sethum
1272 3093 1597 3150 germanam
1657 3077 1970 3147 suscepisse
1996 3093 2087 3132 so—

2176 602 2270 655 τὸν
2313 601 2478 655 Ἀϐελ
2504 645 2517 668 ,
2571 605 2666 657 καὶ
2693 603 3113 659 ἀποκτείναντα.
3157 607 3252 669 Ὃς
3282 608 3375 660 καὶ
3407 608 3722 680 ἐρωτώμενος

2178 691 2284 744 ὑπὸ
2307 693 2401 744 τοῦ
2431 693 2638 764 Κυρίου
2675 712 2689 726 ·
2731 695 2857 748 Ποῦ
2890 695 3065 749 Ἅϐελ
3093 698 3127 749 ό
3154 694 3418 766 ἀδελφός
3449 713 3589 763 σου;
3616 700 3722 769 ψευ-

2177 786 2400 857 δόμενος
2442 786 2629 856 ἔλεγεν
2654 804 2668 818 ο
2707 789 2829 842 Οὐκ
2869 784 3022 842 οἴδα.
3065 789 3302 853 Εἰκότως
3335 786 3427 844 οὖν
3455 792 3542 844 καὶ
3577 785 3721 857 οὗτος,

2177 876 2270 930 τὸν
2317 876 2477 946 φύσει
2507 877 2754 930 διάϐολον
2787 879 3168 950 μιμησάμενος
3201 883 3309 943 τοῖς
3345 882 3559 952 τρόποις
3583 923 3596 948 ,
3635 886 3725 949 υἱὸς

2180 965 2344 1020 αὐτοῦ
2375 970 2497 1021 κατ’
2527 966 2684 1032 ἀξίαν
2730 968 3095 1039 ἀνηγόρευται
3139 969 3245 1022 ὑπὸ
3273 970 3365 1023 τοῦ
3394 971 3643 1043 Σωτῆρος.
3672 970 3728 1046 ᾮ

2181 1060 2290 1128 γὰρ
2333 1059 2563 1129 ἦττηταί
2608 1076 2692 1123 τις
2714 1101 2728 1124 ,
2766 1059 2945 1130 τούτῳ
2977 1060 3070 1113 καὶ
3098 1061 3439 1116 δεδούλωται.
3476 1065 3580 1117 Kal
3601 1067 3729 1135 ἡμῶν

2181 1150 2237 1202 δὲ
2260 1149 2522 1214 ἕκαστος,
2553 1150 2730 1204 ὁτιοῦν
2760 1149 2827 1204 ἂν
2859 1152 3146 1224 ἐπιτελέσῃ
3171 1196 3185 1218 ,
3214 1155 3340 1218 τοὺς
3364 1154 3522 1207 τοῦτο
3559 1173 3732 1226 προτε-

2182 1239 2470 1304 τελεκότας
2496 1241 2739 1312 πατέρας
2780 1239 2892 1305 ἔξει
2939 1242 3340 1312 μιμησάμενος.
3371 1243 3560 1312 Σαφῶς
3584 1246 3732 1297 τοίνυν

2184 1330 2430 1402 ἐφράσθη
2451 1334 2484 1401 ἠ
2512 1332 2661 1402 παρά
2674 1332 2768 1385 τοῦ
2781 1335 2984 1404 Κυρίου
3002 1334 3253 1404 λεχθεῖσα
3277 1338 3453 1406 ῥῆσις·
3476 1336 3554 1390 ὅτι
3580 1338 3734 1406 Ὑμεῖς

2185 1423 2372 1477 τέκνα
2402 1422 2545 1476 ἐστὲ
2578 1423 2686 1477 τοῦ
2718 1422 3003 1478 διαϐόλου
3031 1442 3043 1455 ·
3078 1427 3173 1479 καὶ
3203 1427 3366 1480 πάλιν
3389 1443 3404 1457 ο
3446 1427 3619 1480 Ὅταν
3649 1432 3735 1482 λα-

2184 1512 2269 1581 λῇ
2295 1512 2361 1566 τὸ
2389 1513 2617 1582 ψεῦδος
2636 1553 2651 1578 ,
2681 1514 2750 1568 ἐκ
2790 1512 2912 1567 τῶν
2957 1513 3124 1567 ἰδίων
3148 1515 3356 1570 λαλεῖ·
3397 1515 3484 1570 ὅτι
3517 1520 3548 1570 ό
3572 1517 3737 1587 πατὴρ

2187 1605 2374 1659 αὑτοῦ
2405 1607 2680 1673 ψεύστης
2705 1606 2878 1660 ἐστίν
2899 1624 2912 1637 ·
2945 1608 3032 1660 ἴνα
3057 1608 3185 1678 εῐπῃ
3229 1607 3432 1662 Ἰούδαν
3473 1611 3560 1662 καὶ
3583 1610 3730 1662 Κάῑν”

2189 1695 2342 1761 εἶτα,
2382 1700 2491 1753 Kal
2513 1700 2638 1768 ’γὰρ
2688 1703 2721 1754 ὁ
2770 1699 2969 1768 πατὴρ
3013 1701 3200 1755 αὐτοῦ
3257 1703 3531 1770 ψεύστης
3574 1702 3734 1761 ἐστιν.

2190 1789 2280 1844 ἵνα
2307 1789 2434 1859 εἴπῃ
2471 1789 2634 1842 αὑτὸν
2661 1789 2753 1844 τὸν
2801 1789 3046 1844 διάϐολον
3067 1830 3083 1855 ,
3113 1790 3202 1844 διὰ
3240 1791 3311 1844 τὰ
3342 1792 3537 1862 ὁμοίως
3562 1809 3736 1859 πεπρα-

2191 1881 2549 1952 γματευμένα
2575 1883 2794 1952 ἑκάστῳ
2821 1882 3046 1937 τούτων.
3066 1883 3412 1953 Ἐμπνεύσας
3438 1884 3542 1954 γὰρ
3568 1885 3619 1938 ὲν
3647 1885 3738 1937 στό-

2189 1991 2320 2043 ματι
2341 1974 2434 2027 τοῦ
2465 1975 2642 2044 ὄφεως
2665 2015 2680 2038 ,
2724 1975 2894 2048 ψευδῆ
2926 1977 3103 2032 πάντα
3128 1977 3428 2048 λελάληκεν
3454 1979 3482 2030 ὁ
3509 1978 3736 2040 διάϐολοςο

2186 2067 2280 2120 καὶ
2313 2066 2485 2130 οὕτως
2513 2069 2632 2122 τότε
2671 2068 2988 2140 ἐξηπάτησε
3025 2071 3124 2142 τὴν
3154 2069 3329 2124 Εὕαν.
3376 2072 3485 2124 Kal
3509 2071 3739 2143 ἀνῄρηται

2186 2157 2340 2230 παρὰ
2379 2159 2588 2224 τούτοις
2619 2162 2653 2230 ἡ
2701 2161 3092 2234 πεπλανημένη
3132 2163 3446 2232 μυθοποιία.
3477 2163 3590 2217 Κάν
3621 2163 3739 2229 λέγει

2185 2251 2219 2330 ᾖ
2252 2249 2442 2322 Γραφὴ
2465 2290 2479 2313 ,
2507 2250 2584 2314 ὡς
2610 2253 2640 2304 ὁ
2681 2251 2822 2305 Κάῖν
2851 2254 3140 2306 ἀπέκτεινε
3176 2254 3268 2309 τὸν
3316 2253 3540 2324 ἀδελφὺν
3583 2252 3738 2316 αὐτοῦ,

2186 2340 2267 2393 ὅτι
2310 2341 2376 2393 ὲκ
2424 2342 2518 2394 τοῦ
2567 2342 2814 2396 διαϐόλου
2860 2341 2960 2417 ἦν’
2996 2346 3210 2417 ἐδείχθη
3252 2346 3369 2417 γὰρ
3417 2347 3738 2407 παντάπασιν,

2186 2431 2307 2500 οὐχὶ
2335 2431 2424 2486 διὰ
2454 2432 2514 2485 τὸ
2546 2434 2646 2506 τὴν
2675 2434 2820 2487 Εὔαν
2848 2438 2913 2489 ὲκ
2946 2437 3039 2489 τοῦ
3080 2438 3398 2508 σπέρματος
3421 2436 3512 2490 τοῦ
3536 2435 3739 2490 διαϐόλου

2189 2522 2565 2578 συλλαϐοῦσαν
2591 2565 2606 2589 ,
2655 2527 2731 2589 ὼς
2775 2527 2916 2580 κατά
2963 2527 3228 2596 συζυγίαν
3279 2529 3462 2600 γάμου
3510 2529 3599 2582 καὶ
3643 2544 3740 2578 συν-

2189 2613 2385 2684 ἀφ-ειαν
2404 2615 2672 2685 σωμάτων
2684 2619 3073 2690 γεγεννηκέναι
3095 2620 3185 2673 τὸν
3205 2621 3348 2674 Κάῖν
3371 2620 3465 2673 καὶ
3487 2619 3572 2674 τὸν
3591 2617 3738 2680 Ἀϐελ,
3804 2670 3808 2676 .

2188 2707 2264 2772 ὡς
2295 2706 2506 2772 τούτοις
2535 2707 2712 2774 ἔδοξεν
2737 2725 2752 2740 ⁸
2809 2712 2946 2765 ἀλλὰ
2991 2713 3082 2768 διὰ
3114 2713 3175 2766 τὸ
3209 2715 3514 2786 ὁμότροπον
3544 2716 3628 2768 καὶ
3673 2713 3742 2782 μί·

2193 2817 2351 2871 μημα
2401 2800 2501 2871 τῆς
2555 2799 2652 2854 τοῦ
2709 2802 2959 2858 διαϐόλου
3022 2806 3401 2877 κακοτροπίας
3461 2807 3567 2870 υἱὸς
3611 2802 3740 2859 αὑτοῦ

2190 2891 2392 2961 ἢκουσε
2402 2931 2414 2943 .

2249 2978 2322 3034 Ζ’.
2341 2982 2505 3036 [Ιάλιν
2523 2982 2578 3036 δὲ
2595 2982 2842 3052 λέγουσιν
2860 2985 2908 3037 οἱ
2929 2985 3100 3050 αὐτοὶ,
3118 2985 3212 3040 τὸν
3229 2988 3357 3042 Ἀδά
3364 3005 3423 3058 μ,
3453 2984 3743 3056 συναφθέντα

2193 3073 2259 3142 τῇ
2292 3071 2405 3144 Εὖᾳ
2430 3076 2495 3144 τῇ
2526 3074 2632 3145 ἰδίᾳ
2659 3077 2895 3146 γαμετῇ,
2930 3077 3321 3148 γεγεννηκέναι
3344 3079 3437 3131 τὸν
3467 3077 3588 3148 Σὴθ,
3619 3075 3743 3144 φύσει

498 3173 700 3228 bolem.
736 3170 874 3225 Tum
910 3184 1040 3226 vero
1068 3183 1381 3238 supremam
1409 3169 1561 3222 illam
1595 3169 1860 3222 virtutem
1897 3167 2078 3222 ferunt

2201 3163 2332 3216 ἴδιον
2366 3166 2530 3218 αὐτοῦ
2565 3166 2700 3220 υίόν.
2733 3169 2844 3220 Kal
2866 3169 2987 3222 τότε
3009 3169 3142 3238 φασὶ
3169 3169 3268 3240 τὴν
3294 3170 3410 3224 ἀνω
3438 3169 3650 3239 δύναμιν
3671 3166 3744 3218 σὺν

499 3283 626 3322 cum
685 3263 1030 3319 administris
1099 3260 1192 3317 Dei
1255 3262 1500 3316 melioris
1551 3261 1760 3330 angelis
1809 3259 2088 3329 delapsam

501 3356 728 3413 Sethum
759 3356 938 3426 ipsum
969 3353 1242 3424 rapuisse,
1262 3367 1426 3422 quem
1449 3359 1504 3407 et
1521 3351 1807 3421 ἀλλογενῆ,
1860 3351 1965 3404 hoc
2007 3358 2094 3404 est

500 3450 853 3518 alienigenam
882 3453 1102 3501 vocant.
1141 3444 1315 3511 Quem
1362 3459 1489 3498 cum
1526 3459 1748 3500 sursum
1780 3442 2017 3513 aliquem
2038 3443 2092 3496 in

501 3542 684 3597 locum
715 3537 1055 3600 sustulisset,
1105 3550 1171 3590 ac
1201 3537 1466 3590 diuturno
1523 3543 1790 3604 tempore,
1834 3550 1902 3588 ne
1954 3533 2094 3590 forte

503 3629 924 3693 interﬁceretur,
960 3629 1210 3694 aluisset,
1239 3627 1401 3697 longo
1439 3627 1660 3683 demum
1709 3625 2000 3680 intervallo
2037 3627 2090 3680 in

505 3726 653 3780 hunc
679 3725 869 3779 orbem
921 3722 1211 3787 intulisse,
1255 3722 1531 3792 simulque
1591 3731 1646 3778 et
1691 3721 1994 3792 spiritalem
2043 3730 2098 3777 et

504 3832 834 3889 corporeum
894 3815 1242 3879 reddidisse,
1304 3830 1373 3870 ne
1435 3830 1466 3868 a
1507 3813 1720 3881 Caino,
1751 3815 1836 3869 vel
1880 3816 2095 3870 caeteris

501 3910 822 3966 Conditoris
877 3909 1067 3964 mundi
1137 3908 1503 3978 potestatibus
1573 3924 1635 3965 ac
1698 3909 2097 3980 principatibus

507 4001 928 4070 opprimeretur.
990 3999 1256 4055 Eumdem
1323 4015 1490 4070 porro
1535 3998 1856 4056 Creatorem
1933 4010 2098 4069 atque

508 4091 770 4162 Opilicem
804 4092 1038 4148 desiisse
1066 4094 1338 4157 venerari,
1367 4100 1421 4148 et
1459 4093 1609 4147 illam
1645 4093 1938 4164 agnovisse
1972 4091 2099 4146 Vir-

509 4188 704 4248 tutem,
735 4196 858 4251 quae
880 4182 1032 4236 nullo
1059 4181 1456 4251 comprehendi
1484 4182 1708 4236 nomine
1736 4188 1916 4251 potest
1943 4196 1958 4234 :
1995 4195 2100 4236 nec

509 4287 620 4327 non
648 4272 914 4328 adversus
951 4281 1231 4330 auctorem
1251 4274 1462 4339 mundi,
1483 4273 1714 4344 ejusque
1746 4274 2097 4344 principatus

507 4368 562 4415 et
603 4369 904 4430 potestates
936 4362 1195 4432 pleraque
1225 4360 1519 4416 detexisse.
1557 4359 1696 4416 Ilinc
1727 4363 1893 4417 etiam
1925 4363 2098 4416 libros

511 4453 720 4524 aliquot
761 4454 1051 4510 ediderunt
1109 4453 1261 4510 Scthi
1317 4455 1540 4510 nomine
1600 4455 1920 4524 inscriptos,
1957 4470 2099 4524 quos

2197 3259 2310 3320 τοῖς
2345 3258 2640 3328 ὑπουργοίς
2673 3259 2765 3313 τοῦ
2796 3260 3003 3328 ἀγαθοῦ
3032 3261 3167 3315 Θεοῦ
3197 3264 3455 3332 ἀγγέλοις
3487 3259 3744 3328 καταϐεϐη-

2197 3345 2372 3412 κὲναι,
2401 3349 2498 3400 καὶ
2523 3350 2832 3420 ήρπακέναι
2865 3352 3029 3405 αὐτὸν
3052 3353 3144 3405 τὸν
3165 3354 3294 3424 Σὴθ,
3321 3354 3382 3407 δν
3409 3355 3500 3408 καὶ
3523 3334 3744 3419 ἀλλογενῆ

2199 3438 2440 3492 καλοῦσι.
2486 3442 2596 3494 Καὶ
2627 3443 3008 3513 ἀνενηνοχεναι
3043 3445 3156 3498 ἀνω
3196 3463 3322 3511 που,
3367 3448 3460 3500 καὶ
3488 3441 3746 3514 ἀναθρέψαι

2198 3531 2375 3602 χρόνῳ
2419 3532 2607 3602 ἱκανῷ,
2645 3535 2731 3587 ἵνα
2766 3536 2841 3604 μὴ
2890 3536 3238 3607 ἀποκτανθῇ·
3281 3537 3380 3592 καὶ
3424 3536 3556 3607 μετά
3594 3533 3747 3605 χρόνον

2201 3621 2370 3675 πολὺν
2394 3625 2816 3695 κατενηνοχέναι
2840 3627 2919 3690 είς
2949 3626 3098 3680 τόνδε
3129 3631 3222 3680 τὸν
3242 3628 3469 3699 κόσμον,
3508 3629 3594 3682 καὶ
3621 3642 3745 3680 πνευ-

2203 3715 2434 3784 ματικὸν
2477 3717 2899 3787 ἀπεργάσασθαι
2948 3719 3135 3785 αὑτὸν,
3184 3719 3278 3774 καὶ
3325 3719 3642 3792 σωματικὸν,
3687 3717 3747 3775 εἰς

2197 3805 2260 3859 τὸ
2288 3806 2362 3877 μὴ
2393 3808 2708 3878 κατισχύειν
2738 3809 2828 3862 τόν
2871 3799 2938 3863 τε
2959 3811 3078 3864 κατ’
3107 3810 3273 3864 αὑτοῦ
3299 3813 3342 3876 ³,
3373 3813 3467 3866 καὶ
3497 3809 3589 3874 τὰς
3617 3809 3747 3867 ἄλλας

2199 3895 2469 3961 ἐξουσίας,
2517 3900 2611 3952 καὶ
2652 3900 2828 3972 ἀρχὰς
2874 3900 2969 3954 τοῦ
3009 3903 3346 3972 κοσμοποιοῦ
3370 3901 3528 3957 Θεοῦ.
3571 3897 3746 3970 Μηκέτι

2199 3989 2255 4044 δὲ
2290 3991 2452 4045 αὐτόν
2496 4009 2628 4060 φασι
2657 3993 3079 4064 λελατρευκέναι
3114 3995 3192 4065 τῷ
3224 3996 3434 4067 Ποιητῇ
3471 4013 3526 4048 τε
3561 3994 3644 4048 καὶ
3670 3994 3748 4058 Δη·

2203 4101 2324 4155 μιου
2335 4085 2467 4156 ργῷ,
2495 4087 2868 4154 ἐπεγνωκέναι
2887 4087 2944 4140 δὲ
2967 4087 3064 4158 τὴν
3086 4089 3526 4159 ἀκατονόμαστον
3541 4087 3747 4154 δύναμιν.

2202 4177 2297 4228 καὶ
2331 4176 2421 4228 τὸν
2447 4177 2558 4230 ἀνω
2587 4178 2792 4246 ἀγαθὸν
2823 4177 2956 4232 Θεόν
2973 4196 2986 4208 ·
3036 4179 3196 4234 τοῦτο
3220 4180 3642 4253 λελατρευκέναι,
3671 4167 3748 4228 ’καὶ

2202 4268 2346 4322 κατὰ
2375 4269 2467 4322 τοῦ
2503 4271 2726 4342 ποιητοῦ
2754 4271 2847 4324 τοῦ
2879 4273 3106 4343 κόσμου,
3137 4275 3233 4328 καὶ
3259 4276 3470 4346 ἀρχῶν,
3507 4274 3598 4327 καὶ
3626 4269 3747 4335 ἐξου-

2201 4361 2333 4415 σιῶν
2364 4362 2533 4416 πολλά
2557 4364 3057 4435 ἀποκεκαλυφέναι.
3099 4359 3169 4436 ᾯ
3187 4366 3251 4437 δὴ
3283 4368 3382 4421 καλ⁴
3410 4366 3612 4437 βίϐλους
3630 4359 3748 4419 τινὲς

2203 4454 2549 4519 ὲξετύπωσαν
2591 4457 2672 4518 εἰς
2699 4457 2872 4526 ὄνομα
2900 4456 3066 4510 αὑτοῦ
3107 4455 3200 4510 τοῦ
3233 4458 3344 4528 Σὴθ
3375 4452 3746 4529 γεγραμμένας,

510 4545 582 4600 ab
619 4560 684 4600 eo
721 4545 952 4600 traditos
975 4560 1038 4600 ac
1072 4546 1295 4600 relictos
1326 4544 1620 4600 aliirmant.
1639 4547 1773 4600 Item
1801 4547 1939 4601 alios
1970 4560 2089 4599 cum

2205 4549 2334 4619 παρ’
2365 4547 2528 4601 αὑτοῦ
2572 4549 2741 4612 αὐτὰς
2772 4549 3018 4604 δεδόσθαι
3059 4550 3331 4618 λέγοντες.
3389 4549 3579 4610 Ι’Δλλας
3607 4545 3656 4599 δὲ
3689 4541 3747 4599 εἰς

513 4634 696 4699 illius,
741 4641 860 4688 tum
896 4642 1105 4705 septem
1137 4634 1262 4703 ejus
1303 4631 1606 4687 liberorum
1667 4632 1910 4688 nomine.
1945 4633 2100 4686 Toti-

512 4726 637 4780 dem
673 4725 818 4781 enim
870 4724 938 4778 ab
1000 4739 1067 4780 eo
1115 4732 1434 4794 procreatos
1486 4724 1711 4789 volunt,
1756 4739 1901 4795 quos
1944 4723 2104 4777 ἀλλο-

510 4817 691 4886 γενεῖς
766 4815 1075 4883 nominant,
1117 4825 1175 4870 ut
1208 4815 1264 4870 in
1295 4815 1418 4871 aliis
1457 4814 1765 4872 harcsibus
1796 4857 1811 4883 ,
1874 4815 2100 4872 Gnosii-

510 4925 706 4967 corum
788 4909 1035 4974 scilicet,
1114 4922 1180 4963 ac
1231 4907 1662 4974 Sethianorum,
1729 4888 2098 4966 ostendimus.

510 5003 784 5059 Creterum
811 5001 900 5057 isti
926 5001 1220 5071 prophetas
1250 5000 1388 5056 alios
1441 5010 1903 5066 commemorant;
1951 5000 2099 5056 Mar-

511 5093 712 5148 tiadem
730 5093 919 5149 nescio
947 5106 1134 5162 quem,
1154 5099 1209 5148 et
1242 5089 1600 5156 Marsianum,
1645 5108 1786 5164 quos
1818 5093 1874 5147 in
1895 5093 2097 5148 caelum

511 5193 704 5254 raptos
732 5185 897 5239 tertio
940 5183 1029 5239 die
1086 5183 1443 5240 descendisse
1503 5185 1734 5256 lingunt.
1793 5185 2017 5240 Addunt
2047 5194 2100 5240 et

516 5277 653 5333 alias
682 5278 974 5349 plerasque
1017 5277 1426 5332 commentitias
1458 5291 1523 5330 ac
1557 5276 1824 5331 ridiculas
1857 5275 2098 5344 fabulas,

514 5375 570 5422 et
604 5369 659 5422 in
687 5384 878 5423 verum
928 5376 1092 5440 atque
1121 5368 1550 5436 omnipotentem
1585 5367 1755 5438 298
1793 5367 1963 5424 Deum
1993 5369 2100 5424 Pa-

516 5467 655 5514 trem
708 5459 923 5516 Domini
976 5461 1151 5517 nostri
1213 5459 1346 5517 Jesu
1425 5459 1636 5516 Christi
1699 5463 2101 5518 contumeliose

519 5550 695 5604 multa
744 5550 1022 5618 iactitant.
1060 5551 1372 5624 Principem
1436 5552 1608 5617 hunc,
1649 5559 1706 5607 et
1755 5552 2097 5610 inventorem

517 5640 700 5695 omnis
735 5655 856 5698 esse
892 5644 1170 5712 nequitiae,
1222 5653 1284 5700 ut
1327 5645 1414 5703 vel
1445 5645 1566 5715 ipsa
1617 5660 1719 5702 sua
1748 5645 2096 5706 confessione

519 5727 854 5799 iugulentur.

593 5839 614 5871 ί
647 5837 778 5897 Gen.
805 5861 876 5915 tv,
907 5847 964 5905 9.
1043 5845 1063 5874 ¹
1085 5843 1144 5900 F.
1177 5849 1336 5904 Κάῖν.

2205 4642 2377 4712 ὄνομα
2405 4641 2590 4705 αὑτοῦ,
2629 4641 2724 4695 καὶ
2765 4640 2875 4696 τῶν
2907 4642 3048 4695 ἑπτά
3083 4641 3216 4695 υἱῶν
3263 4641 3450 4696 αὐτοῦ.
3507 4639 3632 4692 Φασὶ
3665 4631 3747 4701 γὰρ

2206 4732 2368 4786 αὐτὸν
2429 4732 2815 4802 γεγεννηκέναι
2869 4733 3009 4788 ἑπτὰ
3056 4734 3364 4804 ἀλλογενείς
3409 4729 3746 4800 καλουμέναις.

2206 4822 2282 4886 ὡς
2331 4823 2425 4876 καὶ
2464 4825 2521 4876 ὲν
2547 4823 2736 4888 ἄλλαις
2784 4824 3062 4894 αἱρέσεσιν
3105 4827 3430 4897 εἰρήκαμεν,
3475 4815 3747 4877 Γνωστικῶν

2209 4932 2352 4986 φημι
2382 4915 2476 4970 xal
2507 4915 2807 4986 Σηθιανῶν.
2864 4911 3023 4971 Οὗτοι
3052 4917 3109 4969 δὲ
3154 4918 3248 4972 καὶ
3279 4902 3470 4980 ἀλλους
3505 4910 3747 4984 προφήτας

2209 5007 2374 5077 φασὶν
2402 5005 2564 5073 εἶναι,
2595 5009 2918 5081 Μαρτιάδην
2951 5011 3094 5074 τινὰ,
3125 5010 3221 5062 καὶ
3250 5005 3574 5081 Μαρσιανὸν,
3604 5003 3745 5070 ἅρπαι

2209 5099 2406 5168 γέντας
2429 5099 2509 5163 εἰς
2535 5100 2662 5163 τοὺς
2676 5100 2960 5171 οὐρανοὺς,
2977 5101 3072 5154 καὶ
3093 5101 3181 5154 διὰ
3200 5099 3421 5172 ἡμερῶν
3436 5096 3593 5169 τριιῖιν
3609 5104 3743 5146 κατα-

2210 5189 2533 5261 ϐεϐηκότας.
2586 5191 2696 5245 Kal
2732 5190 2904 5245 πολλά
2939 5195 3086 5246 ἐστιν
3128 5193 3165 5246 ἃ
3213 5190 3616 5264 μυθοποιοῦντες
3646 5185 3742 5235 πλα-

2212 5282 2353 5346 στῶς
2401 5282 2696 5336 ὲκτυποῦσι
2731 5283 3031 5356 βλάσφημά
3067 5303 3126 5339 τε
3176 5286 3496 5347 πλάττοντες
3527 5275 3652 5335 κατά
3671 5269 3742 5325 τοῦ

2208 5375 2362 5440 ὄντος
2388 5375 2522 5429 Θεοῦ
2552 5378 3013 5450 παντοκράτορος,
3045 5378 3258 5451 Πατρὺς
3281 5378 3371 5432 τοῦ
3402 5375 3594 5447 Κυρίου
3619 5364 3744 5440 ἡμῶν

2223 5465 2397 5538 Ἰησοῦ
2444 5466 2704 5539 Χριστοῦ,
2755 5469 2831 5533 ὡς
2874 5470 3134 5542 ἄρχοντος
3170 5471 3340 5537 ὄντος,
3389 5469 3482 5524 καὶ
3525 5457 3744 5542 πονηρὶᾲς

2211 5558 2456 5630 εὑρετοῦ,
2497 5558 2572 5623 ὡς
2602 5560 2697 5613 ἀπ’
2726 5559 2908 5616 αὐτῶν
2948 5560 3058 5615 τῶν
3091 5565 3222 5634 παρ’
3259 5563 3440 5625 αὐτοῖς
3471 5557 3625 5625 λόγων
3652 5540 3739 5603 ἁλί·

2213 5665 2450 5705 σκονται.
