  <div class='ocr_page' id='page_1' title='image "/cluster/home/n/w/nwhite01/storage/ocr_20150623/41:no.1/coo.31924054869387/350.png"; bbox 0 0 3934 6424; ppageno 0'>
   <div class='ocr_carea' id='block_1_1' title="bbox 211 391 327 449">
    <p class='ocr_par' dir='ltr' id='par_1_1' title="bbox 211 391 327 449">
     <span class='ocr_line' id='line_1_1' title="bbox 211 391 327 449; baseline 0.026 -3"><span class='ocrx_word' id='word_1_1' title='bbox 211 391 327 449; x_wconf 83' lang='grc'><strong>689</strong></span> 
     </span>
    </p>
   </div>
   <div class='ocr_carea' id='block_1_2' title="bbox 939 388 1811 455">
    <p class='ocr_par' dir='ltr' id='par_1_2' title="bbox 939 388 1811 455">
     <span class='ocr_line' id='line_1_2' title="bbox 939 388 1811 455; baseline -0.006 -2"><span class='ocrx_word' id='word_1_2' title='bbox 939 396 1309 455; x_wconf 82' lang='lat' dir='ltr'><strong>ADVERSUS</strong></span> <span class='ocrx_word' id='word_1_3' title='bbox 1342 388 1685 452; x_wconf 57' lang='lat' dir='ltr'><strong>HIERESES</strong></span> <span class='ocrx_word' id='word_1_4' title='bbox 1722 391 1811 448; x_wconf 79' lang='lat' dir='ltr'><strong>LII</strong></span> 
     </span>
    </p>
   </div>
   <div class='ocr_carea' id='block_1_3' title="bbox 1921 388 2833 455">
    <p class='ocr_par' dir='ltr' id='par_1_3' title="bbox 1921 392 2833 455">
     <span class='ocr_line' id='line_1_3' title="bbox 1921 392 2833 455; baseline 0.003 -4"><span class='ocrx_word' id='word_1_5' title='bbox 1921 435 1930 451; x_wconf 90' lang='lat'><strong>.</strong></span> <span class='ocrx_word' id='word_1_6' title='bbox 1963 392 2129 453; x_wconf 84' lang='lat' dir='ltr'><strong>TOM.</strong></span> <span class='ocrx_word' id='word_1_7' title='bbox 2171 395 2258 452; x_wconf 87' lang='lat' dir='ltr'><strong>lll.</strong></span> <span class='ocrx_word' id='word_1_8' title='bbox 2295 428 2366 439; x_wconf 98' lang='lat'><strong>—</strong></span> <span class='ocrx_word' id='word_1_9' title='bbox 2402 395 2678 455; x_wconf 63' lang='lat' dir='ltr'><strong>HERES.</strong></span> <span class='ocrx_word' id='word_1_10' title='bbox 2719 395 2833 454; x_wconf 83' lang='lat' dir='ltr'><strong>XL.</strong></span> 
     </span>
    </p>
   </div>
   <div class='ocr_carea' id='block_1_4' title="bbox 3409 397 3524 454">
    <p class='ocr_par' dir='ltr' id='par_1_4' title="bbox 3409 397 3524 454">
     <span class='ocr_line' id='line_1_4' title="bbox 3409 397 3524 454; baseline -0.017 0"><span class='ocrx_word' id='word_1_11' title='bbox 3409 397 3524 454; x_wconf 79' lang='lat'><strong>690</strong></span> 
     </span>
    </p>
   </div>
   <div class='ocr_carea' id='block_1_5' title="bbox 299 512 1811 591">
    <p class='ocr_par' dir='ltr' id='par_1_5' title="bbox 299 512 1811 591">
     <span class='ocr_line' id='line_1_5' title="bbox 299 512 1811 591; baseline -0.002 -21"><span class='ocrx_word' id='word_1_12' title='bbox 299 516 368 570; x_wconf 82' lang='lat' dir='ltr'><strong>Ei</strong></span> <span class='ocrx_word' id='word_1_13' title='bbox 394 516 504 590; x_wconf 71' lang='grc' dir='ltr'>γὰρ</span> <span class='ocrx_word' id='word_1_14' title='bbox 529 517 785 590; x_wconf 79' lang='grc' dir='ltr'>πονηρῶν</span> <span class='ocrx_word' id='word_1_15' title='bbox 815 519 962 574; x_wconf 81' lang='grc' dir='ltr'>ἐστιν</span> <span class='ocrx_word' id='word_1_16' title='bbox 983 518 1213 591; x_wconf 82' lang='grc' dir='ltr'>εὑρετὴς</span> <span class='ocrx_word' id='word_1_17' title='bbox 1240 518 1336 572; x_wconf 76' lang='grc' dir='ltr'><strong>καὶ</strong></span> <span class='ocrx_word' id='word_1_18' title='bbox 1357 514 1672 579; x_wconf 79' lang='grc' dir='ltr'><strong>κακοποιὸς,</strong></span> <span class='ocrx_word' id='word_1_19' title='bbox 1705 512 1811 577; x_wconf 78' lang='grc' dir='ltr'><strong>πῶς</strong></span> 
     </span>
    </p>
   </div>
   <div class='ocr_carea' id='block_1_6' title="bbox 1921 512 3512 591">
    <p class='ocr_par' dir='ltr' id='par_1_6' title="bbox 1997 515 3512 580">
     <span class='ocr_line' id='line_1_6' title="bbox 1997 515 3512 580; baseline -0.002 -7"><span class='ocrx_word' id='word_1_20' title='bbox 1997 517 2133 574; x_wconf 89' lang='lat' dir='ltr'><strong>Nam</strong></span> <span class='ocrx_word' id='word_1_21' title='bbox 2183 520 2229 576; x_wconf 90' lang='lat' dir='ltr'><strong>si</strong></span> <span class='ocrx_word' id='word_1_22' title='bbox 2261 520 2528 576; x_wconf 90' lang='lat' dir='ltr'><strong>malorum</strong></span> <span class='ocrx_word' id='word_1_23' title='bbox 2580 517 2834 573; x_wconf 84' lang='lat' dir='ltr'><strong>inventor</strong></span> <span class='ocrx_word' id='word_1_24' title='bbox 2875 517 2922 574; x_wconf 90' lang='lat' dir='ltr'><strong>is</strong></span> <span class='ocrx_word' id='word_1_25' title='bbox 2968 531 3031 573; x_wconf 87' lang='lat' dir='ltr'><strong>ac</strong></span> <span class='ocrx_word' id='word_1_26' title='bbox 3084 515 3366 573; x_wconf 78' lang='lat' dir='ltr'><strong>maleilcus</strong></span> <span class='ocrx_word' id='word_1_27' title='bbox 3405 527 3512 580; x_wconf 82' lang='lat' dir='ltr'><strong>est,</strong></span> 
     </span>
    </p>
   </div>
   <div class='ocr_carea' id='block_1_7' title="bbox 218 610 1818 686">
    <p class='ocr_par' dir='ltr' id='par_1_7' title="bbox 218 610 1818 686">
     <span class='ocr_line' id='line_1_7' title="bbox 218 610 1818 686; baseline -0.002 -21"><span class='ocrx_word' id='word_1_28' title='bbox 218 612 394 676; x_wconf 79' lang='grc' dir='ltr'>εὐθὺς</span> <span class='ocrx_word' id='word_1_29' title='bbox 449 613 550 667; x_wconf 85' lang='grc' dir='ltr'><strong>οὐκ</strong></span> <span class='ocrx_word' id='word_1_30' title='bbox 590 612 793 682; x_wconf 82' lang='grc' dir='ltr'>ἀγαθὸς</span> <span class='ocrx_word' id='word_1_31' title='bbox 849 613 1122 686; x_wconf 73' lang='grc' dir='ltr'>εὑρεθείη,</span> <span class='ocrx_word' id='word_1_32' title='bbox 1173 613 1251 676; x_wconf 84' lang='grc' dir='ltr'>ὡς</span> <span class='ocrx_word' id='word_1_33' title='bbox 1274 613 1368 666; x_wconf 76' lang='grc' dir='ltr'><strong>καὶ</strong></span> <span class='ocrx_word' id='word_1_34' title='bbox 1401 614 1457 665; x_wconf 79' lang='grc' dir='ltr'>ὲν</span> <span class='ocrx_word' id='word_1_35' title='bbox 1485 612 1605 674; x_wconf 77' lang='grc' dir='ltr'>ταῖς</span> <span class='ocrx_word' id='word_1_36' title='bbox 1630 610 1818 672; x_wconf 82' lang='grc' dir='ltr'>ἄλλαις</span> 
     </span>
    </p>
   </div>
   <div class='ocr_carea' id='block_1_8' title="bbox 215 701 1819 776">
    <p class='ocr_par' dir='ltr' id='par_1_8' title="bbox 215 701 1819 776">
     <span class='ocr_line' id='line_1_8' title="bbox 215 701 1819 776; baseline -0.003 -18"><span class='ocrx_word' id='word_1_37' title='bbox 215 704 504 774; x_wconf 76' lang='grc' dir='ltr'>αἱρέσεσιν</span> <span class='ocrx_word' id='word_1_38' title='bbox 537 705 789 776; x_wconf 81' lang='grc' dir='ltr'>είπαμεν,</span> <span class='ocrx_word' id='word_1_39' title='bbox 817 703 961 758; x_wconf 87' lang='grc' dir='ltr'><strong>κατά</strong></span> <span class='ocrx_word' id='word_1_40' title='bbox 990 704 1272 776; x_wconf 80' lang='grc' dir='ltr'>πορνείας,</span> <span class='ocrx_word' id='word_1_41' title='bbox 1303 703 1400 757; x_wconf 69' lang='grc' dir='ltr'>καὶ</span> <span class='ocrx_word' id='word_1_42' title='bbox 1433 702 1700 775; x_wconf 82' lang='grc' dir='ltr'>μοιχείας,</span> <span class='ocrx_word' id='word_1_43' title='bbox 1725 701 1819 754; x_wconf 77' lang='grc' dir='ltr'><strong>καὶ</strong></span> 
     </span>
    </p>
   </div>
   <div class='ocr_carea' id='block_1_9' title="bbox 213 793 1820 868">
    <p class='ocr_par' dir='ltr' id='par_1_9' title="bbox 213 793 1820 868">
     <span class='ocr_line' id='line_1_9' title="bbox 213 793 1820 868; baseline -0.001 -19"><span class='ocrx_word' id='word_1_44' title='bbox 213 795 511 868; x_wconf 83' lang='grc' dir='ltr'>ἁρπαγῆς,</span> <span class='ocrx_word' id='word_1_45' title='bbox 559 797 655 850; x_wconf 77' lang='grc' dir='ltr'>καὶ</span> <span class='ocrx_word' id='word_1_46' title='bbox 709 796 1022 862; x_wconf 77' lang='grc' dir='ltr'>πλεονεξίας</span> <span class='ocrx_word' id='word_1_47' title='bbox 1079 797 1480 868; x_wconf 74' lang='grc' dir='ltr'>νομοθετήσαςς</span> <span class='ocrx_word' id='word_1_48' title='bbox 1539 794 1671 849; x_wconf 83' lang='grc' dir='ltr'>Θεὸν</span> <span class='ocrx_word' id='word_1_49' title='bbox 1709 793 1820 864; x_wconf 84' lang='grc' dir='ltr'>γὰρ</span> 
     </span>
    </p>
   </div>
   <div class='ocr_carea' id='block_1_10' title="bbox 213 886 1822 956">
    <p class='ocr_par' dir='ltr' id='par_1_10' title="bbox 213 886 1822 956">
     <span class='ocr_line' id='line_1_10' title="bbox 213 886 1822 956; baseline 0 -18"><span class='ocrx_word' id='word_1_50' title='bbox 213 887 388 940; x_wconf 83' lang='grc' dir='ltr'>αὑτὸν</span> <span class='ocrx_word' id='word_1_51' title='bbox 429 886 537 940; x_wconf 89' lang='grc' dir='ltr'><strong>τῶν</strong></span> <span class='ocrx_word' id='word_1_52' title='bbox 581 887 852 942; x_wconf 83' lang='grc' dir='ltr'>Ἰουδαίων</span> <span class='ocrx_word' id='word_1_53' title='bbox 895 887 989 941; x_wconf 80' lang='grc' dir='ltr'>καὶ</span> <span class='ocrx_word' id='word_1_54' title='bbox 1035 887 1192 941; x_wconf 78' lang='grc' dir='ltr'>αὐτοὶ</span> <span class='ocrx_word' id='word_1_55' title='bbox 1232 886 1471 956; x_wconf 88' lang='grc' dir='ltr'>λέγουσι.</span> <span class='ocrx_word' id='word_1_56' title='bbox 1525 886 1651 950; x_wconf 87' lang='grc' dir='ltr'>Τοῖς</span> <span class='ocrx_word' id='word_1_57' title='bbox 1691 887 1822 939; x_wconf 85' lang='grc' dir='ltr'>Ἰου-</span> 
     </span>
    </p>
   </div>
   <div class='ocr_carea' id='block_1_11' title="bbox 213 972 1820 1052">
    <p class='ocr_par' dir='ltr' id='par_1_11' title="bbox 213 972 1820 1052">
     <span class='ocr_line' id='line_1_11' title="bbox 213 972 1820 1052; baseline 0 -20"><span class='ocrx_word' id='word_1_58' title='bbox 213 979 398 1044; x_wconf 87' lang='grc' dir='ltr'>δαίοις</span> <span class='ocrx_word' id='word_1_59' title='bbox 432 979 490 1033; x_wconf 84' lang='grc' dir='ltr'>δὲ</span> <span class='ocrx_word' id='word_1_60' title='bbox 522 979 612 1034; x_wconf 89' lang='grc' dir='ltr'><strong>τὸν</strong></span> <span class='ocrx_word' id='word_1_61' title='bbox 650 981 813 1052; x_wconf 88' lang='grc' dir='ltr'>νόμον</span> <span class='ocrx_word' id='word_1_62' title='bbox 853 979 1074 1047; x_wconf 74' lang='grc' dir='ltr'>ἔδωκεν,</span> <span class='ocrx_word' id='word_1_63' title='bbox 1114 981 1172 1044; x_wconf 67' lang='grc' dir='ltr'>ἐν</span> <span class='ocrx_word' id='word_1_64' title='bbox 1196 972 1242 1048; x_wconf 82' lang='grc' dir='ltr'>ᾧ</span> <span class='ocrx_word' id='word_1_65' title='bbox 1281 981 1458 1035; x_wconf 80' lang='grc' dir='ltr'>πάντα</span> <span class='ocrx_word' id='word_1_66' title='bbox 1497 979 1669 1034; x_wconf 91' lang='grc' dir='ltr'>ταῦτα</span> <span class='ocrx_word' id='word_1_67' title='bbox 1710 980 1820 1033; x_wconf 90' lang='grc' dir='ltr'>ἀπ-</span> 
     </span>
    </p>
   </div>
   <div class='ocr_carea' id='block_1_12' title="bbox 214 1065 1821 1144">
    <p class='ocr_par' dir='ltr' id='par_1_12' title="bbox 214 1065 1821 1144">
     <span class='ocr_line' id='line_1_12' title="bbox 214 1065 1821 1144; baseline 0.001 -20"><span class='ocrx_word' id='word_1_68' title='bbox 214 1071 548 1144; x_wconf 84' lang='grc' dir='ltr'>ηγόρευσεν,</span> <span class='ocrx_word' id='word_1_69' title='bbox 574 1065 650 1127; x_wconf 83' lang='grc' dir='ltr'>ὧν</span> <span class='ocrx_word' id='word_1_70' title='bbox 684 1072 913 1144; x_wconf 76' lang='grc' dir='ltr'>εὑρετὴν</span> <span class='ocrx_word' id='word_1_71' title='bbox 945 1073 1110 1128; x_wconf 85' lang='grc' dir='ltr'>αὐτὸν</span> <span class='ocrx_word' id='word_1_72' title='bbox 1132 1071 1385 1141; x_wconf 86' lang='grc' dir='ltr'>λέγουσιν</span> <span class='ocrx_word' id='word_1_73' title='bbox 1413 1069 1572 1127; x_wconf 76' lang='grc' dir='ltr'>εἶναι.</span> <span class='ocrx_word' id='word_1_74' title='bbox 1609 1071 1734 1136; x_wconf 86' lang='grc' dir='ltr'>Πῶς</span> <span class='ocrx_word' id='word_1_75' title='bbox 1763 1072 1821 1126; x_wconf 82' lang='grc' dir='ltr'>δὲ</span> 
     </span>
    </p>
   </div>
   <div class='ocr_carea' id='block_1_13' title="bbox 217 1163 1822 1237">
    <p class='ocr_par' dir='ltr' id='par_1_13' title="bbox 217 1163 1822 1237">
     <span class='ocr_line' id='line_1_13' title="bbox 217 1163 1822 1237; baseline 0.001 -20"><span class='ocrx_word' id='word_1_76' title='bbox 217 1164 412 1236; x_wconf 84' lang='grc' dir='ltr'>πατὴρ</span> <span class='ocrx_word' id='word_1_77' title='bbox 440 1165 534 1218; x_wconf 87' lang='grc' dir='ltr'><strong>τοῦ</strong></span> <span class='ocrx_word' id='word_1_78' title='bbox 554 1165 771 1219; x_wconf 87' lang='grc' dir='ltr'>Σατανᾶ</span> <span class='ocrx_word' id='word_1_79' title='bbox 801 1164 1050 1237; x_wconf 79' lang='grc' dir='ltr'>κληθείη,</span> <span class='ocrx_word' id='word_1_80' title='bbox 1082 1167 1110 1220; x_wconf 98' lang='lat'><strong>6</strong></span> <span class='ocrx_word' id='word_1_81' title='bbox 1141 1167 1264 1219; x_wconf 84' lang='grc' dir='ltr'>κατ’</span> <span class='ocrx_word' id='word_1_82' title='bbox 1293 1163 1458 1218; x_wconf 82' lang='grc' dir='ltr'>αὐτοῦ</span> <span class='ocrx_word' id='word_1_83' title='bbox 1487 1164 1555 1218; x_wconf 87' lang='grc' dir='ltr'>τὰ</span> <span class='ocrx_word' id='word_1_84' title='bbox 1584 1163 1822 1218; x_wconf 91' lang='grc' dir='ltr'>τοσαῦτα</span> 
     </span>
    </p>
   </div>
   <div class='ocr_carea' id='block_1_14' title="bbox 217 1256 1822 1330">
    <p class='ocr_par' dir='ltr' id='par_1_14' title="bbox 217 1256 1822 1330">
     <span class='ocr_line' id='line_1_14' title="bbox 217 1256 1822 1330; baseline 0.001 -22"><span class='ocrx_word' id='word_1_85' title='bbox 217 1256 520 1322; x_wconf 84' lang='grc' dir='ltr'>ὑποδείξας</span> <span class='ocrx_word' id='word_1_86' title='bbox 550 1257 646 1311; x_wconf 73' lang='grc' dir='ltr'><strong>καὶ</strong></span> <span class='ocrx_word' id='word_1_87' title='bbox 680 1257 728 1311; x_wconf 89' lang='grc' dir='ltr'><strong>εί</strong></span> <span class='ocrx_word' id='word_1_88' title='bbox 760 1257 1038 1330; x_wconf 86' lang='grc' dir='ltr'>ἀλλότριὸς</span> <span class='ocrx_word' id='word_1_89' title='bbox 1073 1260 1191 1311; x_wconf 77' lang='grc' dir='ltr'>ἐστι</span> <span class='ocrx_word' id='word_1_90' title='bbox 1220 1257 1314 1311; x_wconf 89' lang='grc' dir='ltr'><strong>τοῦ</strong></span> <span class='ocrx_word' id='word_1_91' title='bbox 1345 1257 1457 1312; x_wconf 81' lang='grc' dir='ltr'><strong>ἀνω</strong></span> <span class='ocrx_word' id='word_1_92' title='bbox 1485 1257 1615 1328; x_wconf 81' lang='grc' dir='ltr'>παρ’</span> <span class='ocrx_word' id='word_1_93' title='bbox 1639 1258 1822 1322; x_wconf 80' lang='grc' dir='ltr'>αὐτοῖς</span> 
     </span>
    </p>
   </div>
   <div class='ocr_carea' id='block_1_15' title="bbox 218 1346 1822 1418">
    <p class='ocr_par' dir='ltr' id='par_1_15' title="bbox 218 1346 1822 1418">
     <span class='ocr_line' id='line_1_15' title="bbox 218 1346 1822 1418; baseline -0.001 -18"><span class='ocrx_word' id='word_1_94' title='bbox 218 1347 526 1418; x_wconf 80' lang='grc' dir='ltr'>λεγομένου</span> <span class='ocrx_word' id='word_1_95' title='bbox 547 1347 704 1415; x_wconf 91' lang='grc' dir='ltr'>Θεοῦ,</span> <span class='ocrx_word' id='word_1_96' title='bbox 737 1349 830 1402; x_wconf 72' lang='grc' dir='ltr'>καὶ</span> <span class='ocrx_word' id='word_1_97' title='bbox 857 1349 958 1402; x_wconf 83' lang='grc' dir='ltr'><strong>οὐκ</strong></span> <span class='ocrx_word' id='word_1_98' title='bbox 982 1348 1145 1413; x_wconf 87' lang='grc' dir='ltr'>αὐτός</span> <span class='ocrx_word' id='word_1_99' title='bbox 1175 1348 1326 1404; x_wconf 74' lang='grc' dir='ltr'>ἐστιν</span> <span class='ocrx_word' id='word_1_100' title='bbox 1355 1349 1383 1400; x_wconf 88' lang='lat'><strong>6</strong></span> <span class='ocrx_word' id='word_1_101' title='bbox 1407 1346 1539 1412; x_wconf 88' lang='grc' dir='ltr'>Θεὸς</span> <span class='ocrx_word' id='word_1_102' title='bbox 1564 1347 1592 1400; x_wconf 89' lang='lat'><strong>6</strong></span> <span class='ocrx_word' id='word_1_103' title='bbox 1623 1363 1822 1400; x_wconf 85' lang='grc' dir='ltr'>παντο-</span> 
     </span>
    </p>
   </div>
   <div class='ocr_carea' id='block_1_16' title="bbox 219 1439 1822 1513">
    <p class='ocr_par' dir='ltr' id='par_1_16' title="bbox 219 1439 1822 1513">
     <span class='ocr_line' id='line_1_16' title="bbox 219 1439 1822 1513; baseline -0.001 -20"><span class='ocrx_word' id='word_1_104' title='bbox 219 1441 475 1512; x_wconf 85' lang='grc' dir='ltr'>κράτωρ,</span> <span class='ocrx_word' id='word_1_105' title='bbox 509 1441 539 1494; x_wconf 87' lang='lat'><strong>6</strong></span> <span class='ocrx_word' id='word_1_106' title='bbox 572 1440 824 1512; x_wconf 84' lang='grc' dir='ltr'>βασιλεὺς</span> <span class='ocrx_word' id='word_1_107' title='bbox 852 1442 947 1497; x_wconf 75' lang='grc' dir='ltr'><strong>καὶ</strong></span> <span class='ocrx_word' id='word_1_108' title='bbox 971 1440 1175 1513; x_wconf 81' lang='grc' dir='ltr'>Κύριος</span> <span class='ocrx_word' id='word_1_109' title='bbox 1198 1440 1360 1512; x_wconf 78' lang='grc' dir='ltr'>ἡμῶν</span> <span class='ocrx_word' id='word_1_110' title='bbox 1403 1439 1646 1512; x_wconf 83' lang='grc' dir='ltr'>[Ἰησοῦς</span> <span class='ocrx_word' id='word_1_111' title='bbox 1681 1440 1822 1511; x_wconf 87' lang='grc' dir='ltr'>Χρι-</span> 
     </span>
    </p>
   </div>
   <div class='ocr_carea' id='block_1_17' title="bbox 221 1529 1822 1604">
    <p class='ocr_par' dir='ltr' id='par_1_17' title="bbox 221 1529 1822 1604">
     <span class='ocr_line' id='line_1_17' title="bbox 221 1529 1822 1604; baseline -0.002 -20"><span class='ocrx_word' id='word_1_112' title='bbox 221 1531 412 1604; x_wconf 80' lang='grc' dir='ltr'>στὸς],</span> <span class='ocrx_word' id='word_1_113' title='bbox 443 1532 473 1583; x_wconf 92' lang='lat'><strong>6</strong></span> <span class='ocrx_word' id='word_1_114' title='bbox 500 1532 556 1585; x_wconf 77' lang='grc' dir='ltr'>ὲν</span> <span class='ocrx_word' id='word_1_115' title='bbox 589 1531 761 1603; x_wconf 83' lang='grc' dir='ltr'>νόμῳ,</span> <span class='ocrx_word' id='word_1_116' title='bbox 803 1531 900 1585; x_wconf 76' lang='grc' dir='ltr'>καὶ</span> <span class='ocrx_word' id='word_1_117' title='bbox 938 1533 998 1584; x_wconf 85' lang='grc' dir='ltr'>ὲν</span> <span class='ocrx_word' id='word_1_118' title='bbox 1027 1531 1405 1599; x_wconf 81' lang='grc' dir='ltr'>Εὐαγγελίοις,</span> <span class='ocrx_word' id='word_1_119' title='bbox 1451 1529 1547 1582; x_wconf 77' lang='grc' dir='ltr'><strong>καὶ</strong></span> <span class='ocrx_word' id='word_1_120' title='bbox 1590 1530 1647 1582; x_wconf 86' lang='grc' dir='ltr'>ὲν</span> <span class='ocrx_word' id='word_1_121' title='bbox 1685 1545 1822 1601; x_wconf 87' lang='grc' dir='ltr'>προ-</span> 
     </span>
    </p>
   </div>
   <div class='ocr_carea' id='block_1_18' title="bbox 216 1619 1825 1696">
    <p class='ocr_par' dir='ltr' id='par_1_18' title="bbox 216 1619 1825 1696">
     <span class='ocr_line' id='line_1_18' title="bbox 216 1619 1825 1696; baseline -0.001 -20"><span class='ocrx_word' id='word_1_122' title='bbox 216 1624 447 1696; x_wconf 80' lang='grc' dir='ltr'>φήταις,</span> <span class='ocrx_word' id='word_1_123' title='bbox 479 1624 571 1677; x_wconf 76' lang='grc' dir='ltr'><strong>καὶ</strong></span> <span class='ocrx_word' id='word_1_124' title='bbox 603 1623 920 1688; x_wconf 85' lang='grc' dir='ltr'>ἀποστόλοις</span> <span class='ocrx_word' id='word_1_125' title='bbox 944 1623 1111 1688; x_wconf 82' lang='grc' dir='ltr'>αὐτὸς</span> <span class='ocrx_word' id='word_1_126' title='bbox 1129 1622 1274 1690; x_wconf 84' lang='grc' dir='ltr'>Θεὸς</span> <span class='ocrx_word' id='word_1_127' title='bbox 1289 1625 1524 1693; x_wconf 82' lang='grc' dir='ltr'>Κύριος,</span> <span class='ocrx_word' id='word_1_128' title='bbox 1538 1621 1743 1692; x_wconf 75' lang='grc' dir='ltr'>Πατὴρ</span> <span class='ocrx_word' id='word_1_129' title='bbox 1757 1619 1825 1674; x_wconf 78' lang='grc' dir='ltr'>δὲ</span> 
     </span>
    </p>
   </div>
   <div class='ocr_carea' id='block_1_19' title="bbox 229 1715 1823 1786">
    <p class='ocr_par' dir='ltr' id='par_1_19' title="bbox 229 1715 1823 1786">
     <span class='ocr_line' id='line_1_19' title="bbox 229 1715 1823 1786; baseline 0.001 -15"><span class='ocrx_word' id='word_1_130' title='bbox 229 1717 568 1786; x_wconf 80' lang='grc' dir='ltr'>τοῦΚυρίου</span> <span class='ocrx_word' id='word_1_131' title='bbox 586 1715 756 1786; x_wconf 76' lang='grc' dir='ltr'>ἡμῶν</span> <span class='ocrx_word' id='word_1_132' title='bbox 789 1715 993 1784; x_wconf 86' lang='grc' dir='ltr'><strong>Ἰησοῦ</strong></span> <span class='ocrx_word' id='word_1_133' title='bbox 1004 1716 1286 1786; x_wconf 83' lang='grc' dir='ltr'>Χριστυῦ;</span> <span class='ocrx_word' id='word_1_134' title='bbox 1300 1717 1376 1780; x_wconf 83' lang='grc' dir='ltr'>ὡς</span> <span class='ocrx_word' id='word_1_135' title='bbox 1397 1716 1558 1782; x_wconf 82' lang='grc' dir='ltr'>αὐτὸς</span> <span class='ocrx_word' id='word_1_136' title='bbox 1582 1715 1823 1772; x_wconf 85' lang='grc' dir='ltr'>διδάσκει</span> 
     </span>
    </p>
   </div>
   <div class='ocr_carea' id='block_1_20' title="bbox 219 1808 1822 1882">
    <p class='ocr_par' dir='ltr' id='par_1_20' title="bbox 219 1808 1822 1882">
     <span class='ocr_line' id='line_1_20' title="bbox 219 1808 1822 1882; baseline 0.001 -19"><span class='ocrx_word' id='word_1_137' title='bbox 219 1811 414 1880; x_wconf 66' lang='grc' dir='ltr'>σαφῶς</span> <span class='ocrx_word' id='word_1_138' title='bbox 442 1811 592 1882; x_wconf 74' lang='grc' dir='ltr'>ἡμᾶς</span> <span class='ocrx_word' id='word_1_139' title='bbox 630 1812 658 1864; x_wconf 94' lang='lat'><strong>6</strong></span> <span class='ocrx_word' id='word_1_140' title='bbox 687 1808 893 1881; x_wconf 83' lang='grc' dir='ltr'>Κύριος</span> <span class='ocrx_word' id='word_1_141' title='bbox 923 1813 980 1864; x_wconf 81' lang='grc' dir='ltr'>ὲν</span> <span class='ocrx_word' id='word_1_142' title='bbox 1009 1809 1352 1880; x_wconf 85' lang='grc' dir='ltr'>Εὑαγγελίῳ,</span> <span class='ocrx_word' id='word_1_143' title='bbox 1381 1810 1584 1880; x_wconf 88' lang='grc' dir='ltr'>λέγων·</span> <span class='ocrx_word' id='word_1_144' title='bbox 1625 1812 1822 1879; x_wconf 85' lang='grc' dir='ltr'>Εὐχα-</span> 
     </span>
    </p>
   </div>
   <div class='ocr_carea' id='block_1_21' title="bbox 213 1899 1822 1972">
    <p class='ocr_par' dir='ltr' id='par_1_21' title="bbox 213 1899 1822 1972">
     <span class='ocr_line' id='line_1_21' title="bbox 213 1899 1822 1972; baseline 0.001 -17"><span class='ocrx_word' id='word_1_145' title='bbox 213 1901 409 1970; x_wconf 83' lang='grc' dir='ltr'>ριστῶ</span> <span class='ocrx_word' id='word_1_146' title='bbox 449 1919 567 1966; x_wconf 87' lang='grc' dir='ltr'>σοι,</span> <span class='ocrx_word' id='word_1_147' title='bbox 614 1900 802 1970; x_wconf 82' lang='grc' dir='ltr'>Πάτερ</span> <span class='ocrx_word' id='word_1_148' title='bbox 867 1903 1044 1970; x_wconf 85' lang='grc' dir='ltr'>Κύριε</span> <span class='ocrx_word' id='word_1_149' title='bbox 1086 1899 1360 1970; x_wconf 79' lang='grc' dir='ltr'>οὐρανῶν</span> <span class='ocrx_word' id='word_1_150' title='bbox 1396 1901 1494 1956; x_wconf 82' lang='grc' dir='ltr'><strong>καί</strong></span> <span class='ocrx_word' id='word_1_151' title='bbox 1530 1901 1676 1972; x_wconf 75' lang='grc' dir='ltr'>γῆς’</span> <span class='ocrx_word' id='word_1_152' title='bbox 1733 1902 1822 1956; x_wconf 78' lang='grc' dir='ltr'>ἵνα</span> 
     </span>
    </p>
   </div>
   <div class='ocr_carea' id='block_1_22' title="bbox 213 1993 1498 2066">
    <p class='ocr_par' dir='ltr' id='par_1_22' title="bbox 213 1993 1498 2066">
     <span class='ocr_line' id='line_1_22' title="bbox 213 1993 1498 2066; baseline -0.001 -18"><span class='ocrx_word' id='word_1_153' title='bbox 213 1994 372 2066; x_wconf 80' lang='grc' dir='ltr'>δείξῃ</span> <span class='ocrx_word' id='word_1_154' title='bbox 399 1993 490 2046; x_wconf 88' lang='grc' dir='ltr'><strong>τὸν</strong></span> <span class='ocrx_word' id='word_1_155' title='bbox 519 1993 686 2048; x_wconf 76' lang='grc' dir='ltr'>αὑτοῦ</span> <span class='ocrx_word' id='word_1_156' title='bbox 714 1994 939 2065; x_wconf 77' lang='grc' dir='ltr'>Πατέρα</span> <span class='ocrx_word' id='word_1_157' title='bbox 971 1993 1104 2046; x_wconf 84' lang='grc' dir='ltr'>Θεὸν</span> <span class='ocrx_word' id='word_1_158' title='bbox 1135 1994 1230 2047; x_wconf 90' lang='grc' dir='ltr'><strong>τὸν</strong></span> <span class='ocrx_word' id='word_1_159' title='bbox 1258 1995 1498 2047; x_wconf 84' lang='grc' dir='ltr'>πάντων.</span> 
     </span>
    </p>
   </div>
   <div class='ocr_carea' id='block_1_23' title="bbox 292 2084 1818 2158">
    <p class='ocr_par' dir='ltr' id='par_1_23' title="bbox 292 2084 1818 2158">
     <span class='ocr_line' id='line_1_23' title="bbox 292 2084 1818 2158; baseline 0 -20"><span class='ocrx_word' id='word_1_160' title='bbox 292 2085 376 2138; x_wconf 76' lang='lat' dir='ltr'><strong>Il&#39;.</strong></span> <span class='ocrx_word' id='word_1_161' title='bbox 407 2087 517 2139; x_wconf 78' lang='lat' dir='ltr'><strong>Kal.</strong></span> <span class='ocrx_word' id='word_1_162' title='bbox 555 2085 687 2158; x_wconf 77' lang='grc' dir='ltr'>περὶ</span> <span class='ocrx_word' id='word_1_163' title='bbox 715 2085 925 2156; x_wconf 84' lang='grc' dir='ltr'>νεκρῶν</span> <span class='ocrx_word' id='word_1_164' title='bbox 955 2085 1308 2150; x_wconf 83' lang='grc' dir='ltr'>ἀναστάσεως</span> <span class='ocrx_word' id='word_1_165' title='bbox 1351 2085 1667 2156; x_wconf 82' lang='grc' dir='ltr'>ὑποφαίνων</span> <span class='ocrx_word' id='word_1_166' title='bbox 1696 2084 1818 2138; x_wconf 76' lang='grc' dir='ltr'>ἐσε-</span> 
     </span>
    </p>
   </div>
   <div class='ocr_carea' id='block_1_24' title="bbox 216 2176 1816 2249">
    <p class='ocr_par' dir='ltr' id='par_1_24' title="bbox 216 2176 1816 2249">
     <span class='ocr_line' id='line_1_24' title="bbox 216 2176 1816 2249; baseline 0 -19"><span class='ocrx_word' id='word_1_167' title='bbox 216 2177 371 2241; x_wconf 88' lang='grc' dir='ltr'>σθαι,</span> <span class='ocrx_word' id='word_1_168' title='bbox 416 2177 577 2231; x_wconf 82' lang='grc' dir='ltr'>πάλιν</span> <span class='ocrx_word' id='word_1_169' title='bbox 626 2176 794 2249; x_wconf 80' lang='grc' dir='ltr'>φησί’</span> <span class='ocrx_word' id='word_1_170' title='bbox 839 2179 1081 2232; x_wconf 83' lang='grc' dir='ltr'>Λύσατε</span> <span class='ocrx_word' id='word_1_171' title='bbox 1122 2179 1229 2230; x_wconf 79' lang='grc' dir='ltr'>τὸν</span> <span class='ocrx_word' id='word_1_172' title='bbox 1260 2176 1412 2231; x_wconf 86' lang='grc' dir='ltr'><strong>ναὸν</strong></span> <span class='ocrx_word' id='word_1_173' title='bbox 1445 2177 1680 2243; x_wconf 74' lang='grc' dir='ltr'>τοῦτον,</span> <span class='ocrx_word' id='word_1_174' title='bbox 1716 2176 1816 2230; x_wconf 79' lang='grc' dir='ltr'><strong>καί</strong></span> 
     </span>
    </p>
   </div>
   <div class='ocr_carea' id='block_1_25' title="bbox 214 2268 1818 2340">
    <p class='ocr_par' dir='ltr' id='par_1_25' title="bbox 214 2268 1818 2340">
     <span class='ocr_line' id='line_1_25' title="bbox 214 2268 1818 2340; baseline -0.001 -16"><span class='ocrx_word' id='word_1_175' title='bbox 214 2271 290 2324; x_wconf 78' lang='grc' dir='ltr'><strong>ἐν</strong></span> <span class='ocrx_word' id='word_1_176' title='bbox 318 2270 520 2338; x_wconf 75' lang='grc' dir='ltr'>τρισίν</span> <span class='ocrx_word' id='word_1_177' title='bbox 554 2269 804 2340; x_wconf 74' lang='grc' dir='ltr'>ἡμέραις</span> <span class='ocrx_word' id='word_1_178' title='bbox 845 2268 1028 2340; x_wconf 82' lang='grc' dir='ltr'>ἐγερῶ</span> <span class='ocrx_word' id='word_1_179' title='bbox 1062 2270 1270 2324; x_wconf 84' lang='grc' dir='ltr'><strong>αὐτόν.</strong></span> <span class='ocrx_word' id='word_1_180' title='bbox 1322 2269 1470 2324; x_wconf 89' lang='grc' dir='ltr'>Ναὸν</span> <span class='ocrx_word' id='word_1_181' title='bbox 1499 2269 1556 2322; x_wconf 86' lang='grc' dir='ltr'>δὲ</span> <span class='ocrx_word' id='word_1_182' title='bbox 1580 2270 1731 2338; x_wconf 81' lang='grc' dir='ltr'>ἔλεγε</span> <span class='ocrx_word' id='word_1_183' title='bbox 1755 2268 1818 2322; x_wconf 86' lang='grc' dir='ltr'><strong>τὸ</strong></span> 
     </span>
    </p>
   </div>
   <div class='ocr_carea' id='block_1_26' title="bbox 216 2360 1813 2433">
    <p class='ocr_par' dir='ltr' id='par_1_26' title="bbox 216 2360 1813 2433">
     <span class='ocr_line' id='line_1_26' title="bbox 216 2360 1813 2433; baseline -0.001 -17"><span class='ocrx_word' id='word_1_184' title='bbox 216 2363 355 2416; x_wconf 82' lang='grc' dir='ltr'>τδιον</span> <span class='ocrx_word' id='word_1_185' title='bbox 407 2362 585 2433; x_wconf 89' lang='grc' dir='ltr'>σῶμα,</span> <span class='ocrx_word' id='word_1_186' title='bbox 623 2361 880 2433; x_wconf 84' lang='grc' dir='ltr'>λυόμενον</span> <span class='ocrx_word' id='word_1_187' title='bbox 941 2361 1042 2432; x_wconf 87' lang='grc' dir='ltr'><strong>μὲν</strong></span> <span class='ocrx_word' id='word_1_188' title='bbox 1088 2361 1179 2414; x_wconf 88' lang='grc' dir='ltr'><strong>διά</strong></span> <span class='ocrx_word' id='word_1_189' title='bbox 1231 2361 1437 2432; x_wconf 87' lang='grc' dir='ltr'>χειρῶν</span> <span class='ocrx_word' id='word_1_190' title='bbox 1486 2360 1813 2432; x_wconf 88' lang='grc' dir='ltr'>ἀνθρώπων,</span> 
     </span>
    </p>
   </div>
   <div class='ocr_carea' id='block_1_27' title="bbox 215 2451 1814 2526">
    <p class='ocr_par' dir='ltr' id='par_1_27' title="bbox 215 2451 1814 2526">
     <span class='ocr_line' id='line_1_27' title="bbox 215 2451 1814 2526; baseline -0.001 -18"><span class='ocrx_word' id='word_1_191' title='bbox 215 2455 499 2508; x_wconf 82' lang='grc' dir='ltr'>τουτέστιν</span> <span class='ocrx_word' id='word_1_192' title='bbox 531 2454 1010 2526; x_wconf 83' lang='grc' dir='ltr'>ἀποκτεινόμενον.</span> <span class='ocrx_word' id='word_1_193' title='bbox 1047 2453 1093 2505; x_wconf 90' lang='lat' dir='ltr'><strong>-T</strong></span> <span class='ocrx_word' id='word_1_194' title='bbox 1097 2452 1125 2505; x_wconf 93' lang='lat'><strong>6</strong></span> <span class='ocrx_word' id='word_1_195' title='bbox 1151 2454 1208 2506; x_wconf 79' lang='grc' dir='ltr'><strong>δὲ</strong></span> <span class='ocrx_word' id='word_1_196' title='bbox 1250 2453 1326 2524; x_wconf 80' lang='grc' dir='ltr'>μὴ</span> <span class='ocrx_word' id='word_1_197' title='bbox 1361 2451 1422 2506; x_wconf 79' lang='grc' dir='ltr'>ὃν</span> <span class='ocrx_word' id='word_1_198' title='bbox 1467 2453 1646 2524; x_wconf 83' lang='grc' dir='ltr'>σῶμα,</span> <span class='ocrx_word' id='word_1_199' title='bbox 1677 2453 1814 2507; x_wconf 89' lang='grc' dir='ltr'><strong>ἀλλά</strong></span> 
     </span>
    </p>
   </div>
   <div class='ocr_carea' id='block_1_28' title="bbox 213 2540 1813 2619">
    <p class='ocr_par' dir='ltr' id='par_1_28' title="bbox 213 2540 1813 2619">
     <span class='ocr_line' id='line_1_28' title="bbox 213 2540 1813 2619; baseline 0.001 -19"><span class='ocrx_word' id='word_1_200' title='bbox 213 2548 440 2619; x_wconf 80' lang='grc' dir='ltr'>δοκήσει</span> <span class='ocrx_word' id='word_1_201' title='bbox 469 2547 814 2618; x_wconf 84' lang='grc' dir='ltr'>φαινόμενον,</span> <span class='ocrx_word' id='word_1_202' title='bbox 845 2546 920 2612; x_wconf 84' lang='grc' dir='ltr'>ὡς</span> <span class='ocrx_word' id='word_1_203' title='bbox 949 2540 1094 2600; x_wconf 81' lang='grc' dir='ltr'>οῦτοι</span> <span class='ocrx_word' id='word_1_204' title='bbox 1128 2545 1291 2601; x_wconf 83' lang='grc' dir='ltr'>πάλιν</span> <span class='ocrx_word' id='word_1_205' title='bbox 1315 2545 1593 2615; x_wconf 86' lang='grc' dir='ltr'>λέγουσιν,</span> <span class='ocrx_word' id='word_1_206' title='bbox 1619 2547 1722 2599; x_wconf 85' lang='grc' dir='ltr'><strong>οὐκ</strong></span> <span class='ocrx_word' id='word_1_207' title='bbox 1745 2546 1813 2601; x_wconf 83' lang='grc' dir='ltr'><strong>ἀν</strong></span> 
     </span>
    </p>
   </div>
   <div class='ocr_carea' id='block_1_29' title="bbox 213 2637 1813 2712">
    <p class='ocr_par' dir='ltr' id='par_1_29' title="bbox 213 2637 1813 2712">
     <span class='ocr_line' id='line_1_29' title="bbox 213 2637 1813 2712; baseline 0 -20"><span class='ocrx_word' id='word_1_208' title='bbox 213 2639 452 2710; x_wconf 79' lang='grc' dir='ltr'>ἠδύνατο</span> <span class='ocrx_word' id='word_1_209' title='bbox 484 2641 563 2704; x_wconf 83' lang='grc' dir='ltr'><strong>είς</strong></span> <span class='ocrx_word' id='word_1_210' title='bbox 591 2643 780 2712; x_wconf 87' lang='grc' dir='ltr'>χεῖρας</span> <span class='ocrx_word' id='word_1_211' title='bbox 819 2639 1097 2711; x_wconf 78' lang='grc' dir='ltr'>ἔρχεσθαι,</span> <span class='ocrx_word' id='word_1_212' title='bbox 1129 2637 1436 2711; x_wconf 81' lang='grc' dir='ltr'>ἐγείρεσθαί</span> <span class='ocrx_word' id='word_1_213' title='bbox 1467 2655 1527 2692; x_wconf 88' lang='grc' dir='ltr'><strong>τε</strong></span> <span class='ocrx_word' id='word_1_214' title='bbox 1557 2641 1622 2709; x_wconf 80' lang='grc' dir='ltr'>τῇ</span> <span class='ocrx_word' id='word_1_215' title='bbox 1651 2638 1813 2712; x_wconf 84' lang='grc' dir='ltr'>τρίτῃ</span> 
     </span>
    </p>
   </div>
   <div class='ocr_carea' id='block_1_30' title="bbox 211 2733 1812 2806">
    <p class='ocr_par' dir='ltr' id='par_1_30' title="bbox 211 2733 1812 2806">
     <span class='ocr_line' id='line_1_30' title="bbox 211 2733 1812 2806; baseline -0.001 -19"><span class='ocrx_word' id='word_1_216' title='bbox 211 2735 425 2806; x_wconf 73' lang='grc' dir='ltr'>ἡμέρᾳ,</span> <span class='ocrx_word' id='word_1_217' title='bbox 463 2733 641 2796; x_wconf 83' lang='grc' dir='ltr'>καθὼς</span> <span class='ocrx_word' id='word_1_218' title='bbox 679 2733 1063 2803; x_wconf 80' lang='grc' dir='ltr'>ἐπηγγείλατο.</span> <span class='ocrx_word' id='word_1_219' title='bbox 1105 2733 1384 2786; x_wconf 79' lang='grc' dir='ltr'>Δέδεικται</span> <span class='ocrx_word' id='word_1_220' title='bbox 1407 2733 1586 2786; x_wconf 88' lang='grc' dir='ltr'>τοίνυν</span> <span class='ocrx_word' id='word_1_221' title='bbox 1621 2733 1812 2802; x_wconf 84' lang='grc' dir='ltr'>σαφῶς</span> 
     </span>
    </p>
   </div>
   <div class='ocr_carea' id='block_1_31' title="bbox 211 2825 1810 2897">
    <p class='ocr_par' dir='ltr' id='par_1_31' title="bbox 211 2825 1810 2897">
     <span class='ocr_line' id='line_1_31' title="bbox 211 2825 1810 2897; baseline -0.001 -19"><span class='ocrx_word' id='word_1_222' title='bbox 211 2826 305 2879; x_wconf 76' lang='grc' dir='ltr'><strong>διὰ</strong></span> <span class='ocrx_word' id='word_1_223' title='bbox 337 2827 437 2896; x_wconf 79' lang='grc' dir='ltr'>τῆς</span> <span class='ocrx_word' id='word_1_224' title='bbox 463 2826 720 2897; x_wconf 78' lang='grc' dir='ltr'>τοιαύτης</span> <span class='ocrx_word' id='word_1_225' title='bbox 749 2825 1064 2896; x_wconf 85' lang='grc' dir='ltr'>οἰκονομίας</span> <span class='ocrx_word' id='word_1_226' title='bbox 1094 2825 1488 2896; x_wconf 80' lang='grc' dir='ltr'>ἀναντίρῤητος</span> <span class='ocrx_word' id='word_1_227' title='bbox 1512 2827 1545 2896; x_wconf 86' lang='grc' dir='ltr'>ή</span> <span class='ocrx_word' id='word_1_228' title='bbox 1582 2825 1693 2878; x_wconf 85' lang='grc' dir='ltr'><strong>τῶν</strong></span> <span class='ocrx_word' id='word_1_229' title='bbox 1721 2843 1810 2878; x_wconf 91' lang='grc' dir='ltr'>νε-</span> 
     </span>
    </p>
   </div>
   <div class='ocr_carea' id='block_1_32' title="bbox 211 2915 1808 2988">
    <p class='ocr_par' dir='ltr' id='par_1_32' title="bbox 211 2915 1808 2988">
     <span class='ocr_line' id='line_1_32' title="bbox 211 2915 1808 2988; baseline 0 -18"><span class='ocrx_word' id='word_1_230' title='bbox 211 2915 366 2988; x_wconf 83' lang='grc' dir='ltr'>κρῶν</span> <span class='ocrx_word' id='word_1_231' title='bbox 385 2917 679 2980; x_wconf 82' lang='grc' dir='ltr'>ἀνάστασις</span> <span class='ocrx_word' id='word_1_232' title='bbox 699 2932 711 2944; x_wconf 93' lang='grc'><strong>·</strong></span> <span class='ocrx_word' id='word_1_233' title='bbox 750 2916 846 2970; x_wconf 77' lang='grc' dir='ltr'>καὶ</span> <span class='ocrx_word' id='word_1_234' title='bbox 874 2915 1000 2968; x_wconf 75' lang='grc' dir='ltr'>οὔτε</span> <span class='ocrx_word' id='word_1_235' title='bbox 1037 2917 1195 2986; x_wconf 85' lang='grc' dir='ltr'>χρεία</span> <span class='ocrx_word' id='word_1_236' title='bbox 1234 2917 1384 2970; x_wconf 75' lang='grc' dir='ltr'>ἐστὶν</span> <span class='ocrx_word' id='word_1_237' title='bbox 1418 2916 1715 2986; x_wconf 84' lang='grc' dir='ltr'>ἀπολογίας</span> <span class='ocrx_word' id='word_1_238' title='bbox 1740 2920 1808 2988; x_wconf 83' lang='grc' dir='ltr'>τῇ</span> 
     </span>
    </p>
   </div>
   <div class='ocr_carea' id='block_1_33' title="bbox 209 3006 1808 3082">
    <p class='ocr_par' dir='ltr' id='par_1_33' title="bbox 209 3006 1808 3082">
     <span class='ocr_line' id='line_1_33' title="bbox 209 3006 1808 3082; baseline -0.001 -19"><span class='ocrx_word' id='word_1_239' title='bbox 209 3011 386 3080; x_wconf 79' lang='grc' dir='ltr'>ψυχῇ,</span> <span class='ocrx_word' id='word_1_240' title='bbox 441 3011 527 3064; x_wconf 78' lang='grc' dir='ltr'><strong>ἵνα</strong></span> <span class='ocrx_word' id='word_1_241' title='bbox 567 3009 778 3082; x_wconf 81' lang='grc' dir='ltr'>λαλήσῃ</span> <span class='ocrx_word' id='word_1_242' title='bbox 823 3008 961 3078; x_wconf 86' lang='grc' dir='ltr'>πρὸς</span> <span class='ocrx_word' id='word_1_243' title='bbox 1003 3008 1243 3078; x_wconf 79' lang='grc' dir='ltr'>εκάστην</span> <span class='ocrx_word' id='word_1_244' title='bbox 1290 3006 1577 3072; x_wconf 79' lang='grc' dir='ltr'>ἐξουσίαν·</span> <span class='ocrx_word' id='word_1_245' title='bbox 1635 3007 1808 3061; x_wconf 84' lang='grc' dir='ltr'>πλάτ-</span> 
     </span>
    </p>
   </div>
   <div class='ocr_carea' id='block_1_34' title="bbox 209 3095 1810 3174">
    <p class='ocr_par' dir='ltr' id='par_1_34' title="bbox 209 3095 1810 3174">
     <span class='ocr_line' id='line_1_34' title="bbox 209 3095 1810 3174; baseline -0.001 -20"><span class='ocrx_word' id='word_1_246' title='bbox 209 3119 398 3155; x_wconf 88' lang='grc' dir='ltr'>τονται</span> <span class='ocrx_word' id='word_1_247' title='bbox 425 3103 535 3172; x_wconf 84' lang='grc' dir='ltr'>γὰρ</span> <span class='ocrx_word' id='word_1_248' title='bbox 555 3095 701 3157; x_wconf 74' lang='grc' dir='ltr'>οὗτοι</span> <span class='ocrx_word' id='word_1_249' title='bbox 725 3104 821 3158; x_wconf 81' lang='grc' dir='ltr'>καὶ</span> <span class='ocrx_word' id='word_1_250' title='bbox 844 3103 1024 3168; x_wconf 89' lang='grc' dir='ltr'>τοῦτο,</span> <span class='ocrx_word' id='word_1_251' title='bbox 1050 3103 1126 3167; x_wconf 87' lang='grc' dir='ltr'>ὡς</span> <span class='ocrx_word' id='word_1_252' title='bbox 1148 3103 1395 3174; x_wconf 76' lang='grc' dir='ltr'>εἴρηται·</span> <span class='ocrx_word' id='word_1_253' title='bbox 1432 3100 1568 3156; x_wconf 87' lang='grc' dir='ltr'><strong>ἀλλά</strong></span> <span class='ocrx_word' id='word_1_254' title='bbox 1593 3100 1683 3154; x_wconf 85' lang='grc' dir='ltr'>διὰ</span> <span class='ocrx_word' id='word_1_255' title='bbox 1708 3100 1810 3168; x_wconf 85' lang='grc' dir='ltr'>τῆς</span> 
     </span>
    </p>
   </div>
   <div class='ocr_carea' id='block_1_35' title="bbox 1929 609 3515 684">
    <p class='ocr_par' dir='ltr' id='par_1_35' title="bbox 1929 609 3515 684">
     <span class='ocr_line' id='line_1_35' title="bbox 1929 609 3515 684; baseline -0.002 -17"><span class='ocrx_word' id='word_1_256' title='bbox 1929 627 2118 669; x_wconf 86' lang='lat' dir='ltr'><strong>nonne</strong></span> <span class='ocrx_word' id='word_1_257' title='bbox 2148 614 2328 670; x_wconf 91' lang='lat' dir='ltr'><strong>bonus</strong></span> <span class='ocrx_word' id='word_1_258' title='bbox 2370 614 2454 670; x_wconf 91' lang='lat' dir='ltr'><strong>vel</strong></span> <span class='ocrx_word' id='word_1_259' title='bbox 2482 629 2549 669; x_wconf 91' lang='lat' dir='ltr'><strong>eo</strong></span> <span class='ocrx_word' id='word_1_260' title='bbox 2581 614 2702 684; x_wconf 90' lang='lat' dir='ltr'><strong>ipso</strong></span> <span class='ocrx_word' id='word_1_261' title='bbox 2752 610 3200 682; x_wconf 86' lang='lat' dir='ltr'><strong>comprobabitur</strong></span> <span class='ocrx_word' id='word_1_262' title='bbox 3227 650 3241 676; x_wconf 88' lang='lat'><strong>,</strong></span> <span class='ocrx_word' id='word_1_263' title='bbox 3279 617 3341 665; x_wconf 91' lang='lat' dir='ltr'><strong>ut</strong></span> <span class='ocrx_word' id='word_1_264' title='bbox 3389 609 3515 665; x_wconf 87' lang='lat' dir='ltr'><strong>aliis</strong></span> 
     </span>
    </p>
   </div>
   <div class='ocr_carea' id='block_1_36' title="bbox 1927 697 3515 773">
    <p class='ocr_par' dir='ltr' id='par_1_36' title="bbox 1927 697 3515 773">
     <span class='ocr_line' id='line_1_36' title="bbox 1927 697 3515 773; baseline -0.004 -16"><span class='ocrx_word' id='word_1_265' title='bbox 1927 703 2236 758; x_wconf 85' lang='lat' dir='ltr'><strong>haeresibus</strong></span> <span class='ocrx_word' id='word_1_266' title='bbox 2271 702 2601 772; x_wconf 72' lang='lat' dir='ltr'><strong>obiecimus,</strong></span> <span class='ocrx_word' id='word_1_267' title='bbox 2637 699 2783 773; x_wconf 91' lang='lat' dir='ltr'><strong>quod</strong></span> <span class='ocrx_word' id='word_1_268' title='bbox 2815 707 3008 756; x_wconf 90' lang='lat' dir='ltr'><strong>contra</strong></span> <span class='ocrx_word' id='word_1_269' title='bbox 3043 708 3256 769; x_wconf 85' lang='lat' dir='ltr'><strong>stupra,</strong></span> <span class='ocrx_word' id='word_1_270' title='bbox 3298 697 3515 752; x_wconf 82' lang='lat' dir='ltr'><strong>adulte-</strong></span> 
     </span>
    </p>
   </div>
   <div class='ocr_carea' id='block_1_37' title="bbox 1885 791 3515 864">
    <p class='ocr_par' dir='ltr' id='par_1_37' title="bbox 1885 791 3515 864">
     <span class='ocr_line' id='line_1_37' title="bbox 1885 791 3515 864; baseline -0.004 -16"><span class='ocrx_word' id='word_1_271' title='bbox 1885 849 1894 858; x_wconf 64' lang='grc'><strong>,</strong></span> <span class='ocrx_word' id='word_1_272' title='bbox 1923 793 2030 856; x_wconf 87' lang='lat' dir='ltr'><strong>ria,</strong></span> <span class='ocrx_word' id='word_1_273' title='bbox 2051 795 2279 864; x_wconf 81' lang='lat' dir='ltr'><strong>rapinas</strong></span> <span class='ocrx_word' id='word_1_274' title='bbox 2303 809 2368 848; x_wconf 90' lang='lat' dir='ltr'><strong>ac</strong></span> <span class='ocrx_word' id='word_1_275' title='bbox 2397 793 2732 864; x_wconf 72' lang='lat' dir='ltr'><strong>cupiditates</strong></span> <span class='ocrx_word' id='word_1_276' title='bbox 2751 800 2804 848; x_wconf 92' lang='lat' dir='ltr'><strong>et</strong></span> <span class='ocrx_word' id='word_1_277' title='bbox 2825 792 3062 863; x_wconf 81' lang='lat' dir='ltr'><strong>injurias</strong></span> <span class='ocrx_word' id='word_1_278' title='bbox 3083 791 3305 846; x_wconf 87' lang='lat' dir='ltr'><strong>decreta</strong></span> <span class='ocrx_word' id='word_1_279' title='bbox 3343 791 3515 844; x_wconf 88' lang='lat' dir='ltr'><strong>multa</strong></span> 
     </span>
    </p>
   </div>
   <div class='ocr_carea' id='block_1_38' title="bbox 1929 882 3516 942">
    <p class='ocr_par' dir='ltr' id='par_1_38' title="bbox 1929 882 3516 942">
     <span class='ocr_line' id='line_1_38' title="bbox 1929 882 3516 942; baseline -0.004 -1"><span class='ocrx_word' id='word_1_280' title='bbox 1929 887 2284 942; x_wconf 87' lang='lat' dir='ltr'><strong>condiderit?</strong></span> <span class='ocrx_word' id='word_1_281' title='bbox 2309 885 2445 941; x_wconf 87' lang='lat' dir='ltr'><strong>Nam</strong></span> <span class='ocrx_word' id='word_1_282' title='bbox 2479 884 2794 940; x_wconf 64' lang='lat' dir='ltr'><strong>Iudaeorum</strong></span> <span class='ocrx_word' id='word_1_283' title='bbox 2836 885 2989 939; x_wconf 89' lang='lat' dir='ltr'><strong>illum</strong></span> <span class='ocrx_word' id='word_1_284' title='bbox 3025 899 3148 940; x_wconf 82' lang='lat' dir='ltr'><strong>esse</strong></span> <span class='ocrx_word' id='word_1_285' title='bbox 3178 882 3348 938; x_wconf 90' lang='lat' dir='ltr'><strong>Deum</strong></span> <span class='ocrx_word' id='word_1_286' title='bbox 3378 897 3516 936; x_wconf 89' lang='lat' dir='ltr'><strong>con-</strong></span> 
     </span>
    </p>
   </div>
   <div class='ocr_carea' id='block_1_39' title="bbox 1932 965 3542 1048">
    <p class='ocr_par' dir='ltr' id='par_1_39' title="bbox 1932 965 3542 1048">
     <span class='ocr_line' id='line_1_39' title="bbox 1932 965 3542 1048; baseline -0.005 -14"><span class='ocrx_word' id='word_1_287' title='bbox 1932 979 2178 1036; x_wconf 85' lang='lat' dir='ltr'><strong>ﬁtentur.</strong></span> <span class='ocrx_word' id='word_1_288' title='bbox 2203 978 2408 1034; x_wconf 85' lang='lat' dir='ltr'><strong>Judaeis</strong></span> <span class='ocrx_word' id='word_1_289' title='bbox 2444 991 2609 1048; x_wconf 92' lang='lat' dir='ltr'><strong>porro</strong></span> <span class='ocrx_word' id='word_1_290' title='bbox 2653 977 2828 1048; x_wconf 92' lang='lat' dir='ltr'><strong>legem</strong></span> <span class='ocrx_word' id='word_1_291' title='bbox 2875 977 3022 1031; x_wconf 88' lang='lat' dir='ltr'><strong>illam</strong></span> <span class='ocrx_word' id='word_1_292' title='bbox 3057 977 3205 1043; x_wconf 91' lang='lat' dir='ltr'><strong>tulit,</strong></span> <span class='ocrx_word' id='word_1_293' title='bbox 3239 990 3348 1046; x_wconf 86' lang='lat' dir='ltr'><strong>qua</strong></span> <span class='ocrx_word' id='word_1_294' title='bbox 3383 965 3542 1030; x_wconf 46' lang='lat' dir='ltr'><strong>sunt‘</strong></span> 
     </span>
    </p>
   </div>
   <div class='ocr_carea' id='block_1_40' title="bbox 1925 1068 3515 1143">
    <p class='ocr_par' dir='ltr' id='par_1_40' title="bbox 1925 1068 3515 1143">
     <span class='ocr_line' id='line_1_40' title="bbox 1925 1068 3515 1143; baseline -0.004 -16"><span class='ocrx_word' id='word_1_295' title='bbox 1925 1087 1990 1127; x_wconf 86' lang='lat' dir='ltr'><strong>ea</strong></span> <span class='ocrx_word' id='word_1_296' title='bbox 2015 1073 2202 1128; x_wconf 86' lang='lat' dir='ltr'><strong>omnia</strong></span> <span class='ocrx_word' id='word_1_297' title='bbox 2229 1073 2526 1142; x_wconf 88' lang='lat' dir='ltr'><strong>prohibita,</strong></span> <span class='ocrx_word' id='word_1_298' title='bbox 2553 1087 2785 1143; x_wconf 90' lang='lat' dir='ltr'><strong>quorum</strong></span> <span class='ocrx_word' id='word_1_299' title='bbox 2841 1071 3094 1128; x_wconf 88' lang='lat' dir='ltr'><strong>inventor</strong></span> <span class='ocrx_word' id='word_1_300' title='bbox 3121 1069 3190 1126; x_wconf 88' lang='lat' dir='ltr'><strong>ab</strong></span> <span class='ocrx_word' id='word_1_301' title='bbox 3214 1068 3322 1124; x_wconf 89' lang='lat' dir='ltr'><strong>illis</strong></span> <span class='ocrx_word' id='word_1_302' title='bbox 3363 1082 3515 1121; x_wconf 89' lang='lat' dir='ltr'><strong>asse-</strong></span> 
     </span>
    </p>
   </div>
   <div class='ocr_carea' id='block_1_41' title="bbox 1936 1159 3515 1240">
    <p class='ocr_par' dir='ltr' id='par_1_41' title="bbox 1936 1159 3515 1240">
     <span class='ocr_line' id='line_1_41' title="bbox 1936 1159 3515 1240; baseline -0.004 -22"><span class='ocrx_word' id='word_1_303' title='bbox 1936 1163 2102 1218; x_wconf 88' lang='lat' dir='ltr'><strong>ritur.</strong></span> <span class='ocrx_word' id='word_1_304' title='bbox 2152 1163 2368 1220; x_wconf 66' lang='lat' dir='ltr'><strong>Satanae</strong></span> <span class='ocrx_word' id='word_1_305' title='bbox 2424 1183 2557 1224; x_wconf 91' lang='lat' dir='ltr'><strong>vero</strong></span> <span class='ocrx_word' id='word_1_306' title='bbox 2612 1176 2773 1240; x_wconf 87' lang='lat' dir='ltr'><strong>pater</strong></span> <span class='ocrx_word' id='word_1_307' title='bbox 2813 1167 2908 1237; x_wconf 90' lang='lat' dir='ltr'><strong>qui</strong></span> <span class='ocrx_word' id='word_1_308' title='bbox 2954 1165 3172 1220; x_wconf 89' lang='lat' dir='ltr'><strong>demum</strong></span> <span class='ocrx_word' id='word_1_309' title='bbox 3246 1159 3515 1232; x_wconf 87' lang='lat' dir='ltr'><strong>appellari</strong></span> 
     </span>
    </p>
   </div>
   <div class='ocr_carea' id='block_1_42' title="bbox 1930 1232 3570 1329">
    <p class='ocr_par' dir='ltr' id='par_1_42' title="bbox 1930 1232 3570 1329">
     <span class='ocr_line' id='line_1_42' title="bbox 1930 1232 3570 1329; baseline -0.004 -17"><span class='ocrx_word' id='word_1_310' title='bbox 1930 1265 2131 1326; x_wconf 90' lang='lat' dir='ltr'><strong>potest,</strong></span> <span class='ocrx_word' id='word_1_311' title='bbox 2153 1259 2246 1329; x_wconf 90' lang='lat' dir='ltr'><strong>qui</strong></span> <span class='ocrx_word' id='word_1_312' title='bbox 2276 1269 2385 1314; x_wconf 90' lang='lat' dir='ltr'><strong>tam</strong></span> <span class='ocrx_word' id='word_1_313' title='bbox 2417 1261 2589 1316; x_wconf 90' lang='lat' dir='ltr'><strong>multa</strong></span> <span class='ocrx_word' id='word_1_314' title='bbox 2614 1232 2885 1315; x_wconf 71' lang='lat' dir='ltr'><strong>adversus</strong></span> <span class='ocrx_word' id='word_1_315' title='bbox 2919 1258 3071 1312; x_wconf 93' lang='lat' dir='ltr'><strong>illum</strong></span> <span class='ocrx_word' id='word_1_316' title='bbox 3099 1254 3353 1319; x_wconf 88' lang='lat' dir='ltr'><strong>ediderit,</strong></span> <span class='ocrx_word' id='word_1_317' title='bbox 3372 1253 3417 1308; x_wconf 87' lang='lat' dir='ltr'><strong>si</strong></span> <span class='ocrx_word' id='word_1_318' title='bbox 3442 1251 3512 1306; x_wconf 91' lang='lat' dir='ltr'><strong>ab</strong></span> <span class='ocrx_word' id='word_1_319' title='bbox 3553 1232 3570 1250; x_wconf 63' lang='grc'><strong><em>⁸</em></strong></span> 
     </span>
    </p>
   </div>
   <div class='ocr_carea' id='block_1_43' title="bbox 1932 1345 3510 1422">
    <p class='ocr_par' dir='ltr' id='par_1_43' title="bbox 1932 1345 3510 1422">
     <span class='ocr_line' id='line_1_43' title="bbox 1932 1345 3510 1422; baseline -0.004 -19"><span class='ocrx_word' id='word_1_320' title='bbox 1932 1347 2027 1403; x_wconf 88' lang='lat' dir='ltr'><strong>illo</strong></span> <span class='ocrx_word' id='word_1_321' title='bbox 2090 1365 2330 1416; x_wconf 90' lang='lat' dir='ltr'><strong>summo,</strong></span> <span class='ocrx_word' id='word_1_322' title='bbox 2387 1367 2551 1422; x_wconf 89' lang='lat' dir='ltr'><strong>quem</strong></span> <span class='ocrx_word' id='word_1_323' title='bbox 2601 1351 2773 1407; x_wconf 91' lang='lat' dir='ltr'><strong>Deum</strong></span> <span class='ocrx_word' id='word_1_324' title='bbox 2810 1349 3120 1411; x_wconf 90' lang='lat' dir='ltr'><strong>nominant,</strong></span> <span class='ocrx_word' id='word_1_325' title='bbox 3155 1345 3366 1401; x_wconf 90' lang='lat' dir='ltr'><strong>alienus</strong></span> <span class='ocrx_word' id='word_1_326' title='bbox 3391 1349 3510 1406; x_wconf 86' lang='lat' dir='ltr'><strong>est;</strong></span> 
     </span>
    </p>
   </div>
   <div class='ocr_carea' id='block_1_44' title="bbox 1929 1435 3512 1516">
    <p class='ocr_par' dir='ltr' id='par_1_44' title="bbox 1929 1435 3512 1516">
     <span class='ocr_line' id='line_1_44' title="bbox 1929 1435 3512 1516; baseline -0.004 -20"><span class='ocrx_word' id='word_1_327' title='bbox 1929 1457 2032 1498; x_wconf 89' lang='lat' dir='ltr'><strong>nec</strong></span> <span class='ocrx_word' id='word_1_328' title='bbox 2069 1442 2214 1497; x_wconf 89' lang='lat' dir='ltr'><strong>idem</strong></span> <span class='ocrx_word' id='word_1_329' title='bbox 2246 1450 2329 1498; x_wconf 88' lang='lat' dir='ltr'><strong>est</strong></span> <span class='ocrx_word' id='word_1_330' title='bbox 2352 1445 2701 1516; x_wconf 89' lang='lat' dir='ltr'><strong>omnipotens</strong></span> <span class='ocrx_word' id='word_1_331' title='bbox 2736 1444 2828 1500; x_wconf 90' lang='lat' dir='ltr'><strong>ille</strong></span> <span class='ocrx_word' id='word_1_332' title='bbox 2860 1443 3025 1506; x_wconf 85' lang='lat' dir='ltr'><strong>Deus,</strong></span> <span class='ocrx_word' id='word_1_333' title='bbox 3085 1456 3184 1495; x_wconf 80' lang='lat' dir='ltr'><strong>rex</strong></span> <span class='ocrx_word' id='word_1_334' title='bbox 3231 1446 3286 1494; x_wconf 92' lang='lat' dir='ltr'><strong>et</strong></span> <span class='ocrx_word' id='word_1_335' title='bbox 3322 1435 3512 1490; x_wconf 85' lang='lat' dir='ltr'><strong>Domi-</strong></span> 
     </span>
    </p>
   </div>
   <div class='ocr_carea' id='block_1_45' title="bbox 1927 1527 3510 1608">
    <p class='ocr_par' dir='ltr' id='par_1_45' title="bbox 1927 1527 3510 1608">
     <span class='ocr_line' id='line_1_45' title="bbox 1927 1527 3510 1608; baseline -0.004 -19"><span class='ocrx_word' id='word_1_336' title='bbox 1927 1549 2035 1590; x_wconf 87' lang='lat' dir='ltr'><strong>nus</strong></span> <span class='ocrx_word' id='word_1_337' title='bbox 2072 1543 2280 1600; x_wconf 82' lang='lat' dir='ltr'><strong>noster,</strong></span> <span class='ocrx_word' id='word_1_338' title='bbox 2304 1535 2396 1606; x_wconf 88' lang='lat' dir='ltr'><strong>qui</strong></span> <span class='ocrx_word' id='word_1_339' title='bbox 2432 1537 2486 1590; x_wconf 92' lang='lat' dir='ltr'><strong>in</strong></span> <span class='ocrx_word' id='word_1_340' title='bbox 2528 1537 2661 1608; x_wconf 86' lang='lat' dir='ltr'><strong>lege,</strong></span> <span class='ocrx_word' id='word_1_341' title='bbox 2688 1544 2743 1592; x_wconf 90' lang='lat' dir='ltr'><strong>et</strong></span> <span class='ocrx_word' id='word_1_342' title='bbox 2777 1532 3086 1606; x_wconf 80' lang='lat' dir='ltr'><strong>Evangeliis</strong></span> <span class='ocrx_word' id='word_1_343' title='bbox 3116 1545 3180 1585; x_wconf 91' lang='lat' dir='ltr'><strong>ac</strong></span> <span class='ocrx_word' id='word_1_344' title='bbox 3205 1527 3510 1600; x_wconf 86' lang='lat' dir='ltr'><strong>prophetis,</strong></span> 
     </span>
    </p>
   </div>
   <div class='ocr_carea' id='block_1_46' title="bbox 1926 1620 3515 1698">
    <p class='ocr_par' dir='ltr' id='par_1_46' title="bbox 1926 1620 3515 1698">
     <span class='ocr_line' id='line_1_46' title="bbox 1926 1620 3515 1698; baseline -0.003 -19"><span class='ocrx_word' id='word_1_345' title='bbox 1926 1637 1983 1680; x_wconf 90' lang='lat' dir='ltr'><strong>et</strong></span> <span class='ocrx_word' id='word_1_346' title='bbox 2014 1627 2084 1682; x_wconf 92' lang='lat' dir='ltr'><strong>ab</strong></span> <span class='ocrx_word' id='word_1_347' title='bbox 2111 1629 2378 1698; x_wconf 87' lang='lat' dir='ltr'><strong>apostolis</strong></span> <span class='ocrx_word' id='word_1_348' title='bbox 2393 1630 2722 1694; x_wconf 84' lang='lat' dir='ltr'><strong>celebratur,</strong></span> <span class='ocrx_word' id='word_1_349' title='bbox 2744 1627 2999 1682; x_wconf 80' lang='lat' dir='ltr'><strong>Dominus</strong></span> <span class='ocrx_word' id='word_1_350' title='bbox 3062 1624 3222 1687; x_wconf 84' lang='lat' dir='ltr'><strong>Deus,</strong></span> <span class='ocrx_word' id='word_1_351' title='bbox 3261 1639 3324 1676; x_wconf 89' lang='lat' dir='ltr'><strong>ac</strong></span> <span class='ocrx_word' id='word_1_352' title='bbox 3349 1620 3515 1675; x_wconf 83' lang='lat' dir='ltr'><strong>Pater</strong></span> 
     </span>
    </p>
   </div>
   <div class='ocr_carea' id='block_1_47' title="bbox 1937 1713 3516 1787">
    <p class='ocr_par' dir='ltr' id='par_1_47' title="bbox 1937 1713 3516 1787">
     <span class='ocr_line' id='line_1_47' title="bbox 1937 1713 3516 1787; baseline -0.005 -11"><span class='ocrx_word' id='word_1_353' title='bbox 1937 1720 2156 1776; x_wconf 82' lang='lat' dir='ltr'><strong>Domini</strong></span> <span class='ocrx_word' id='word_1_354' title='bbox 2189 1722 2360 1778; x_wconf 79' lang='lat' dir='ltr'><strong>nostri</strong></span> <span class='ocrx_word' id='word_1_355' title='bbox 2404 1721 2536 1777; x_wconf 73' lang='lat' dir='ltr'><strong>Iesu</strong></span> <span class='ocrx_word' id='word_1_356' title='bbox 2566 1720 2769 1777; x_wconf 78' lang='lat' dir='ltr'><strong>Christi</strong></span> <span class='ocrx_word' id='word_1_357' title='bbox 2791 1721 2844 1775; x_wconf 67' lang='lat'><strong>‘?</strong></span> <span class='ocrx_word' id='word_1_358' title='bbox 2873 1729 2932 1775; x_wconf 92' lang='lat' dir='ltr'><strong>ut</strong></span> <span class='ocrx_word' id='word_1_359' title='bbox 2971 1718 3116 1774; x_wconf 91' lang='lat' dir='ltr'><strong>idem</strong></span> <span class='ocrx_word' id='word_1_360' title='bbox 3157 1725 3342 1787; x_wconf 90' lang='lat' dir='ltr'><strong>aperte</strong></span> <span class='ocrx_word' id='word_1_361' title='bbox 3362 1713 3516 1769; x_wconf 87' lang='lat' dir='ltr'><strong>Chri-</strong></span> 
     </span>
    </p>
   </div>
   <div class='ocr_carea' id='block_1_48' title="bbox 1927 1806 3512 1884">
    <p class='ocr_par' dir='ltr' id='par_1_48' title="bbox 1927 1806 3512 1884">
     <span class='ocr_line' id='line_1_48' title="bbox 1927 1806 3512 1884; baseline -0.007 -14"><span class='ocrx_word' id='word_1_362' title='bbox 1927 1823 2048 1870; x_wconf 85' lang='lat' dir='ltr'><strong>stus</strong></span> <span class='ocrx_word' id='word_1_363' title='bbox 2069 1815 2124 1868; x_wconf 92' lang='lat' dir='ltr'><strong>in</strong></span> <span class='ocrx_word' id='word_1_364' title='bbox 2159 1813 2453 1884; x_wconf 83' lang='lat' dir='ltr'><strong>Evangelia</strong></span> <span class='ocrx_word' id='word_1_365' title='bbox 2482 1820 2718 1868; x_wconf 84' lang='lat' dir='ltr'><strong>testatur</strong></span> <span class='ocrx_word' id='word_1_366' title='bbox 2742 1811 2830 1868; x_wconf 87' lang='lat' dir='ltr'><strong>his</strong></span> <span class='ocrx_word' id='word_1_367' title='bbox 2856 1809 3076 1866; x_wconf 82' lang='lat' dir='ltr'><strong>verbis:</strong></span> <span class='ocrx_word' id='word_1_368' title='bbox 3102 1806 3372 1876; x_wconf 83' lang='lat' dir='ltr'><strong>Conﬁteor</strong></span> <span class='ocrx_word' id='word_1_369' title='bbox 3395 1806 3512 1868; x_wconf 89' lang='lat' dir='ltr'><strong>tibi,</strong></span> 
     </span>
    </p>
   </div>
   <div class='ocr_carea' id='block_1_49' title="bbox 1925 1897 3514 1970">
    <p class='ocr_par' dir='ltr' id='par_1_49' title="bbox 1925 1897 3514 1970">
     <span class='ocr_line' id='line_1_49' title="bbox 1925 1897 3514 1970; baseline -0.007 -9"><span class='ocrx_word' id='word_1_370' title='bbox 1925 1905 2092 1961; x_wconf 86' lang='lat' dir='ltr'><strong>Pater</strong></span> <span class='ocrx_word' id='word_1_371' title='bbox 2131 1905 2360 1960; x_wconf 84' lang='lat' dir='ltr'><strong>Domine</strong></span> <span class='ocrx_word' id='word_1_372' title='bbox 2383 1904 2499 1959; x_wconf 75' lang='lat' dir='ltr'><strong>caeli</strong></span> <span class='ocrx_word' id='word_1_373' title='bbox 2526 1920 2590 1958; x_wconf 88' lang='lat' dir='ltr'><strong>ac</strong></span> <span class='ocrx_word' id='word_1_374' title='bbox 2621 1904 2836 1965; x_wconf 80' lang='lat' dir='ltr'><strong>teme&#39;,</strong></span> <span class='ocrx_word' id='word_1_375' title='bbox 2871 1900 3074 1970; x_wconf 88' lang='lat' dir='ltr'><strong>quibus</strong></span> <span class='ocrx_word' id='word_1_376' title='bbox 3105 1897 3321 1953; x_wconf 88' lang='lat' dir='ltr'><strong>Patrem</strong></span> <span class='ocrx_word' id='word_1_377' title='bbox 3351 1911 3514 1952; x_wconf 92' lang='lat' dir='ltr'><strong>suum</strong></span> 
     </span>
    </p>
   </div>
   <div class='ocr_carea' id='block_1_50' title="bbox 1923 1991 2996 2064">
    <p class='ocr_par' dir='ltr' id='par_1_50' title="bbox 1923 1991 2996 2064">
     <span class='ocr_line' id='line_1_50' title="bbox 1923 1991 2996 2064; baseline -0.006 -13"><span class='ocrx_word' id='word_1_378' title='bbox 1923 1998 2312 2053; x_wconf 88' lang='lat' dir='ltr'><strong>universorum</strong></span> <span class='ocrx_word' id='word_1_379' title='bbox 2345 1995 2514 2052; x_wconf 90' lang='lat' dir='ltr'><strong>Deum</strong></span> <span class='ocrx_word' id='word_1_380' title='bbox 2538 2010 2661 2051; x_wconf 93' lang='lat' dir='ltr'><strong>esse</strong></span> <span class='ocrx_word' id='word_1_381' title='bbox 2699 1991 2996 2064; x_wconf 81' lang='lat' dir='ltr'><strong>signiﬁcat.</strong></span> 
     </span>
    </p>
   </div>
   <div class='ocr_carea' id='block_1_51' title="bbox 1996 2081 3514 2150">
    <p class='ocr_par' dir='ltr' id='par_1_51' title="bbox 1996 2081 3514 2150">
     <span class='ocr_line' id='line_1_51' title="bbox 1996 2081 3514 2150; baseline -0.007 -8"><span class='ocrx_word' id='word_1_382' title='bbox 1996 2086 2131 2143; x_wconf 77' lang='lat' dir='ltr'><strong>Vlll.</strong></span> <span class='ocrx_word' id='word_1_383' title='bbox 2181 2087 2526 2142; x_wconf 87' lang='lat' dir='ltr'><strong>Mortuorum</strong></span> <span class='ocrx_word' id='word_1_384' title='bbox 2585 2100 2716 2141; x_wconf 88' lang='lat' dir='ltr'><strong>vero</strong></span> <span class='ocrx_word' id='word_1_385' title='bbox 2779 2081 3247 2140; x_wconf 86' lang='lat' dir='ltr'><strong>resurrectionem</strong></span> <span class='ocrx_word' id='word_1_386' title='bbox 3323 2085 3514 2150; x_wconf 86' lang='lat' dir='ltr'><strong>aperte</strong></span> 
     </span>
    </p>
   </div>
   <div class='ocr_carea' id='block_1_52' title="bbox 1921 2172 3512 2247">
    <p class='ocr_par' dir='ltr' id='par_1_52' title="bbox 1921 2172 3512 2247">
     <span class='ocr_line' id='line_1_52' title="bbox 1921 2172 3512 2247; baseline -0.009 -8"><span class='ocrx_word' id='word_1_387' title='bbox 1921 2181 2166 2239; x_wconf 77' lang='lat' dir='ltr'><strong>futuram</strong></span> <span class='ocrx_word' id='word_1_388' title='bbox 2195 2181 2507 2246; x_wconf 88' lang='lat' dir='ltr'><strong>denuntiat,</strong></span> <span class='ocrx_word' id='word_1_389' title='bbox 2549 2195 2676 2235; x_wconf 90' lang='lat' dir='ltr'><strong>cum</strong></span> <span class='ocrx_word' id='word_1_390' title='bbox 2705 2179 2781 2232; x_wconf 88' lang='lat' dir='ltr'><strong>ita</strong></span> <span class='ocrx_word' id='word_1_391' title='bbox 2808 2176 3092 2247; x_wconf 85' lang='lat' dir='ltr'><strong>loquitur:</strong></span> <span class='ocrx_word' id='word_1_392' title='bbox 3124 2172 3322 2228; x_wconf 83' lang='lat' dir='ltr'><strong>Solvite</strong></span> <span class='ocrx_word' id='word_1_393' title='bbox 3375 2180 3512 2225; x_wconf 90' lang='lat' dir='ltr'><strong>tem-</strong></span> 
     </span>
    </p>
   </div>
   <div class='ocr_carea' id='block_1_53' title="bbox 1920 2265 3513 2346">
    <p class='ocr_par' dir='ltr' id='par_1_53' title="bbox 1920 2265 3513 2346">
     <span class='ocr_line' id='line_1_53' title="bbox 1920 2265 3513 2346; baseline -0.006 -18"><span class='ocrx_word' id='word_1_394' title='bbox 1920 2275 2070 2346; x_wconf 83' lang='lat' dir='ltr'><strong>plum</strong></span> <span class='ocrx_word' id='word_1_395' title='bbox 2103 2275 2220 2341; x_wconf 82' lang='lat' dir='ltr'><strong>hoc,</strong></span> <span class='ocrx_word' id='word_1_396' title='bbox 2251 2283 2301 2330; x_wconf 86' lang='lat' dir='ltr'><strong>et</strong></span> <span class='ocrx_word' id='word_1_397' title='bbox 2341 2275 2396 2327; x_wconf 86' lang='lat' dir='ltr'><strong>in</strong></span> <span class='ocrx_word' id='word_1_398' title='bbox 2427 2273 2598 2327; x_wconf 83' lang='lat' dir='ltr'><strong>tribus</strong></span> <span class='ocrx_word' id='word_1_399' title='bbox 2628 2270 2812 2326; x_wconf 80' lang='lat' dir='ltr'><strong>diebus</strong></span> <span class='ocrx_word' id='word_1_400' title='bbox 2837 2267 3081 2324; x_wconf 73' lang='lat' dir='ltr'><strong>excitabo</strong></span> <span class='ocrx_word' id='word_1_401' title='bbox 3114 2266 3248 2320; x_wconf 86' lang='lat' dir='ltr'><strong>illud</strong></span> <span class='ocrx_word' id='word_1_402' title='bbox 3274 2266 3315 2320; x_wconf 87' lang='grc'><strong>⁸.</strong></span> <span class='ocrx_word' id='word_1_403' title='bbox 3344 2265 3513 2322; x_wconf 87' lang='lat' dir='ltr'><strong>Tem-</strong></span> 
     </span>
    </p>
   </div>
   <div class='ocr_carea' id='block_1_54' title="bbox 1917 2358 3511 2440">
    <p class='ocr_par' dir='ltr' id='par_1_54' title="bbox 1917 2358 3511 2440">
     <span class='ocr_line' id='line_1_54' title="bbox 1917 2358 3511 2440; baseline -0.008 -16"><span class='ocrx_word' id='word_1_404' title='bbox 1917 2370 2068 2440; x_wconf 90' lang='lat' dir='ltr'><strong>plum</strong></span> <span class='ocrx_word' id='word_1_405' title='bbox 2099 2369 2246 2424; x_wconf 89' lang='lat' dir='ltr'><strong>enim</strong></span> <span class='ocrx_word' id='word_1_406' title='bbox 2285 2381 2490 2436; x_wconf 90' lang='lat' dir='ltr'><strong>corpus</strong></span> <span class='ocrx_word' id='word_1_407' title='bbox 2546 2378 2708 2420; x_wconf 90' lang='lat' dir='ltr'><strong>suum</strong></span> <span class='ocrx_word' id='word_1_408' title='bbox 2759 2361 3012 2424; x_wconf 87' lang='lat' dir='ltr'><strong>vocabat,</strong></span> <span class='ocrx_word' id='word_1_409' title='bbox 3045 2359 3192 2430; x_wconf 89' lang='lat' dir='ltr'><strong>quod</strong></span> <span class='ocrx_word' id='word_1_410' title='bbox 3220 2358 3511 2412; x_wconf 83' lang='lat' dir='ltr'><strong>hominum</strong></span> 
     </span>
    </p>
   </div>
   <div class='ocr_carea' id='block_1_55' title="bbox 1919 2447 3515 2522">
    <p class='ocr_par' dir='ltr' id='par_1_55' title="bbox 1919 2447 3515 2522">
     <span class='ocr_line' id='line_1_55' title="bbox 1919 2447 3515 2522; baseline -0.009 -6"><span class='ocrx_word' id='word_1_411' title='bbox 1919 2461 2175 2516; x_wconf 84' lang='lat' dir='ltr'><strong>manibus</strong></span> <span class='ocrx_word' id='word_1_412' title='bbox 2207 2458 2582 2522; x_wconf 89' lang='lat' dir='ltr'><strong>evertebatur,</strong></span> <span class='ocrx_word' id='word_1_413' title='bbox 2617 2456 2722 2510; x_wconf 91' lang='lat' dir='ltr'><strong>hoc</strong></span> <span class='ocrx_word' id='word_1_414' title='bbox 2749 2463 2834 2510; x_wconf 89' lang='lat' dir='ltr'><strong>est</strong></span> <span class='ocrx_word' id='word_1_415' title='bbox 2889 2450 3344 2508; x_wconf 82' lang='lat' dir='ltr'><strong>interﬁciebatur.</strong></span> <span class='ocrx_word' id='word_1_416' title='bbox 3371 2447 3515 2503; x_wconf 84' lang='lat' dir='ltr'><strong>Nam</strong></span> 
     </span>
    </p>
   </div>
   <div class='ocr_carea' id='block_1_56' title="bbox 1917 2545 3512 2626">
    <p class='ocr_par' dir='ltr' id='par_1_56' title="bbox 1917 2545 3512 2626">
     <span class='ocr_line' id='line_1_56' title="bbox 1917 2545 3512 2626; baseline -0.009 -15"><span class='ocrx_word' id='word_1_417' title='bbox 1917 2555 2065 2626; x_wconf 88' lang='lat' dir='ltr'><strong>quod</strong></span> <span class='ocrx_word' id='word_1_418' title='bbox 2098 2569 2288 2610; x_wconf 88' lang='lat' dir='ltr'><strong>verum</strong></span> <span class='ocrx_word' id='word_1_419' title='bbox 2325 2567 2530 2622; x_wconf 90' lang='lat' dir='ltr'><strong>corpus</strong></span> <span class='ocrx_word' id='word_1_420' title='bbox 2558 2565 2669 2605; x_wconf 90' lang='lat' dir='ltr'><strong>non</strong></span> <span class='ocrx_word' id='word_1_421' title='bbox 2686 2555 2856 2613; x_wconf 86' lang='lat' dir='ltr'><strong>esset,</strong></span> <span class='ocrx_word' id='word_1_422' title='bbox 2883 2546 2982 2602; x_wconf 88' lang='lat' dir='ltr'><strong>sed</strong></span> <span class='ocrx_word' id='word_1_423' title='bbox 3017 2545 3203 2616; x_wconf 90' lang='lat' dir='ltr'><strong>specie</strong></span> <span class='ocrx_word' id='word_1_424' title='bbox 3236 2545 3512 2599; x_wconf 81' lang='lat' dir='ltr'><strong>duntaxat</strong></span> 
     </span>
    </p>
   </div>
   <div class='ocr_carea' id='block_1_57' title="bbox 1917 2641 3510 2718">
    <p class='ocr_par' dir='ltr' id='par_1_57' title="bbox 1917 2641 3510 2718">
     <span class='ocr_line' id='line_1_57' title="bbox 1917 2641 3510 2718; baseline -0.008 -17"><span class='ocrx_word' id='word_1_425' title='bbox 1917 2644 2579 2718; x_wconf 78' lang='lat' dir='ltr'><strong>appareret,.cujusmodi</strong></span> <span class='ocrx_word' id='word_1_426' title='bbox 2623 2643 2702 2697; x_wconf 90' lang='lat' dir='ltr'><strong>illi</strong></span> <span class='ocrx_word' id='word_1_427' title='bbox 2732 2641 2908 2697; x_wconf 80' lang='lat' dir='ltr'><strong>fuisse</strong></span> <span class='ocrx_word' id='word_1_428' title='bbox 2972 2647 3247 2702; x_wconf 91' lang='lat' dir='ltr'><strong>statuunt,</strong></span> <span class='ocrx_word' id='word_1_429' title='bbox 3300 2649 3510 2706; x_wconf 60' lang='lat' dir='ltr'><strong>nequa.</strong></span> 
     </span>
    </p>
   </div>
   <div class='ocr_carea' id='block_1_58' title="bbox 1917 2728 3505 2809">
    <p class='ocr_par' dir='ltr' id='par_1_58' title="bbox 1917 2728 3505 2809">
     <span class='ocr_line' id='line_1_58' title="bbox 1917 2728 3505 2809; baseline -0.008 -16"><span class='ocrx_word' id='word_1_430' title='bbox 1917 2754 2082 2809; x_wconf 90' lang='lat' dir='ltr'><strong>quam</strong></span> <span class='ocrx_word' id='word_1_431' title='bbox 2110 2737 2352 2794; x_wconf 89' lang='lat' dir='ltr'><strong>hostium</strong></span> <span class='ocrx_word' id='word_1_432' title='bbox 2369 2737 2424 2791; x_wconf 93' lang='lat' dir='ltr'><strong>in</strong></span> <span class='ocrx_word' id='word_1_433' title='bbox 2445 2750 2642 2790; x_wconf 89' lang='lat' dir='ltr'><strong>manus</strong></span> <span class='ocrx_word' id='word_1_434' title='bbox 2664 2733 2874 2796; x_wconf 84' lang='lat' dir='ltr'><strong>venire,</strong></span> <span class='ocrx_word' id='word_1_435' title='bbox 2891 2740 3008 2797; x_wconf 91' lang='lat' dir='ltr'><strong>aut,</strong></span> <span class='ocrx_word' id='word_1_436' title='bbox 3029 2738 3090 2785; x_wconf 92' lang='lat' dir='ltr'><strong>ut</strong></span> <span class='ocrx_word' id='word_1_437' title='bbox 3112 2728 3505 2800; x_wconf 85' lang='lat' dir='ltr'><strong>pollicebatur,</strong></span> 
     </span>
    </p>
   </div>
   <div class='ocr_carea' id='block_1_59' title="bbox 1915 2819 3508 2901">
    <p class='ocr_par' dir='ltr' id='par_1_59' title="bbox 1915 2819 3508 2901">
     <span class='ocr_line' id='line_1_59' title="bbox 1915 2819 3508 2901; baseline -0.009 -15"><span class='ocrx_word' id='word_1_438' title='bbox 1915 2833 2146 2887; x_wconf 82' lang='lat' dir='ltr'><strong>excitari</strong></span> <span class='ocrx_word' id='word_1_439' title='bbox 2178 2830 2269 2886; x_wconf 90' lang='lat' dir='ltr'><strong>die</strong></span> <span class='ocrx_word' id='word_1_440' title='bbox 2297 2829 2460 2886; x_wconf 90' lang='lat' dir='ltr'><strong>tertia</strong></span> <span class='ocrx_word' id='word_1_441' title='bbox 2499 2828 2793 2901; x_wconf 88' lang='lat' dir='ltr'><strong>potuisset.</strong></span> <span class='ocrx_word' id='word_1_442' title='bbox 2843 2825 2972 2881; x_wconf 68' lang='lat' dir='ltr'><strong>Haec</strong></span> <span class='ocrx_word' id='word_1_443' title='bbox 2999 2825 3169 2896; x_wconf 81' lang='lat' dir='ltr'><strong>igitur</strong></span> <span class='ocrx_word' id='word_1_444' title='bbox 3197 2821 3293 2877; x_wconf 86' lang='lat' dir='ltr'><strong>Dei</strong></span> <span class='ocrx_word' id='word_1_445' title='bbox 3325 2819 3508 2886; x_wconf 78' lang='lat' dir='ltr'><strong>admi-</strong></span> 
     </span>
    </p>
   </div>
   <div class='ocr_carea' id='block_1_60' title="bbox 1913 2911 3506 2992">
    <p class='ocr_par' dir='ltr' id='par_1_60' title="bbox 1913 2911 3506 2992">
     <span class='ocr_line' id='line_1_60' title="bbox 1913 2911 3506 2992; baseline -0.008 -14"><span class='ocrx_word' id='word_1_446' title='bbox 1913 2922 2173 2978; x_wconf 89' lang='lat' dir='ltr'><strong>nistratio</strong></span> <span class='ocrx_word' id='word_1_447' title='bbox 2203 2921 2496 2992; x_wconf 89' lang='lat' dir='ltr'><strong>perspicue</strong></span> <span class='ocrx_word' id='word_1_448' title='bbox 2527 2919 3062 2983; x_wconf 88' lang='lat' dir='ltr'><strong>declarat,mortuos</strong></span> <span class='ocrx_word' id='word_1_449' title='bbox 3085 2915 3154 2969; x_wconf 87' lang='lat' dir='ltr'><strong>ad</strong></span> <span class='ocrx_word' id='word_1_450' title='bbox 3188 2913 3354 2969; x_wconf 86' lang='lat' dir='ltr'><strong>vitam</strong></span> <span class='ocrx_word' id='word_1_451' title='bbox 3383 2911 3506 2968; x_wconf 87' lang='lat' dir='ltr'><strong>sine</strong></span> 
     </span>
    </p>
   </div>
   <div class='ocr_carea' id='block_1_61' title="bbox 1912 3005 3509 3078">
    <p class='ocr_par' dir='ltr' id='par_1_61' title="bbox 1912 3005 3509 3078">
     <span class='ocr_line' id='line_1_61' title="bbox 1912 3005 3509 3078; baseline -0.008 -8"><span class='ocrx_word' id='word_1_452' title='bbox 1912 3017 2023 3070; x_wconf 89' lang='lat' dir='ltr'><strong>ulla</strong></span> <span class='ocrx_word' id='word_1_453' title='bbox 2084 3014 2471 3070; x_wconf 89' lang='lat' dir='ltr'><strong>controversia</strong></span> <span class='ocrx_word' id='word_1_454' title='bbox 2506 3011 2720 3067; x_wconf 88' lang='lat' dir='ltr'><strong>restitui</strong></span> <span class='ocrx_word' id='word_1_455' title='bbox 2750 3027 2764 3077; x_wconf 90' lang='lat'>;</span> <span class='ocrx_word' id='word_1_456' title='bbox 2796 3024 2898 3064; x_wconf 92' lang='lat' dir='ltr'><strong>nec</strong></span> <span class='ocrx_word' id='word_1_457' title='bbox 2939 3008 3138 3061; x_wconf 64' lang='lat' dir='ltr'><strong>animae</strong></span> <span class='ocrx_word' id='word_1_458' title='bbox 3182 3005 3509 3078; x_wconf 88' lang='lat' dir='ltr'><strong>purgatione</strong></span> 
     </span>
    </p>
   </div>
   <div class='ocr_carea' id='block_1_62' title="bbox 1913 3101 3507 3176">
    <p class='ocr_par' dir='ltr' id='par_1_62' title="bbox 1913 3101 3507 3176">
     <span class='ocr_line' id='line_1_62' title="bbox 1913 3101 3507 3176; baseline -0.008 -15"><span class='ocrx_word' id='word_1_459' title='bbox 1913 3106 2026 3161; x_wconf 88' lang='lat' dir='ltr'><strong>ulla</strong></span> <span class='ocrx_word' id='word_1_460' title='bbox 2054 3121 2195 3176; x_wconf 89' lang='lat' dir='ltr'><strong>opus</strong></span> <span class='ocrx_word' id='word_1_461' title='bbox 2223 3120 2367 3169; x_wconf 89' lang='lat' dir='ltr'><strong>esse,</strong></span> <span class='ocrx_word' id='word_1_462' title='bbox 2393 3110 2490 3158; x_wconf 88' lang='lat' dir='ltr'><strong>aut</strong></span> <span class='ocrx_word' id='word_1_463' title='bbox 2511 3101 2655 3174; x_wconf 88' lang='lat' dir='ltr'><strong>apud</strong></span> <span class='ocrx_word' id='word_1_464' title='bbox 2673 3101 2921 3172; x_wconf 90' lang='lat' dir='ltr'><strong>singulas</strong></span> <span class='ocrx_word' id='word_1_465' title='bbox 2948 3105 3248 3171; x_wconf 85' lang='lat' dir='ltr'><strong>potestates</strong></span> <span class='ocrx_word' id='word_1_466' title='bbox 3279 3111 3507 3152; x_wconf 87' lang='lat' dir='ltr'><strong>causam</strong></span> 
     </span>
    </p>
   </div>
   <div class='ocr_carea' id='block_1_63' title="bbox 209 3188 1811 3269">
    <p class='ocr_par' dir='ltr' id='par_1_63' title="bbox 209 3193 1808 3267">
     <span class='ocr_line' id='line_1_63' title="bbox 209 3193 1808 3267; baseline 0 -22"><span class='ocrx_word' id='word_1_467' title='bbox 209 3193 309 3247; x_wconf 87' lang='grc' dir='ltr'><strong>τοῦ</strong></span> <span class='ocrx_word' id='word_1_468' title='bbox 347 3194 550 3266; x_wconf 84' lang='grc' dir='ltr'>Κυρίου</span> <span class='ocrx_word' id='word_1_469' title='bbox 591 3194 911 3267; x_wconf 83' lang='grc' dir='ltr'>εὐεργεσίας</span> <span class='ocrx_word' id='word_1_470' title='bbox 950 3196 1050 3266; x_wconf 81' lang='grc' dir='ltr'>τῆς</span> <span class='ocrx_word' id='word_1_471' title='bbox 1089 3193 1180 3248; x_wconf 87' lang='grc' dir='ltr'>διὰ</span> <span class='ocrx_word' id='word_1_472' title='bbox 1213 3193 1322 3246; x_wconf 89' lang='grc' dir='ltr'><strong>τῶν</strong></span> <span class='ocrx_word' id='word_1_473' title='bbox 1352 3193 1550 3263; x_wconf 78' lang='grc' dir='ltr'>ἔργων,</span> <span class='ocrx_word' id='word_1_474' title='bbox 1585 3193 1808 3263; x_wconf 76' lang='grc' dir='ltr'>καὶτῆς</span> 
     </span>
    </p>
   </div>
   <div class='ocr_carea' id='block_1_64' title="bbox 1921 3188 3506 3269">
    <p class='ocr_par' dir='ltr' id='par_1_64' title="bbox 1921 3188 3506 3269">
     <span class='ocr_line' id='line_1_64' title="bbox 1921 3188 3506 3269; baseline -0.008 -16"><span class='ocrx_word' id='word_1_475' title='bbox 1921 3199 1996 3253; x_wconf 91' lang='lat' dir='ltr'><strong>illi</strong></span> <span class='ocrx_word' id='word_1_476' title='bbox 2019 3213 2176 3255; x_wconf 83' lang='lat' dir='ltr'><strong>suam</strong></span> <span class='ocrx_word' id='word_1_477' title='bbox 2222 3212 2346 3252; x_wconf 91' lang='lat' dir='ltr'><strong>esse</strong></span> <span class='ocrx_word' id='word_1_478' title='bbox 2375 3195 2773 3269; x_wconf 78' lang='lat' dir='ltr'><strong>perorandum:</strong></span> <span class='ocrx_word' id='word_1_479' title='bbox 2823 3191 2974 3264; x_wconf 91' lang='lat' dir='ltr'><strong>quod</strong></span> <span class='ocrx_word' id='word_1_480' title='bbox 3029 3191 3142 3256; x_wconf 88' lang='lat' dir='ltr'><strong>isti,</strong></span> <span class='ocrx_word' id='word_1_481' title='bbox 3177 3189 3257 3244; x_wconf 89' lang='lat' dir='ltr'><strong>uti</strong></span> <span class='ocrx_word' id='word_1_482' title='bbox 3293 3188 3506 3244; x_wconf 89' lang='lat' dir='ltr'><strong>dictum</strong></span> 
     </span>
    </p>
   </div>
   <div class='ocr_carea' id='block_1_65' title="bbox 212 3284 1806 3362">
    <p class='ocr_par' dir='ltr' id='par_1_65' title="bbox 212 3284 1806 3362">
     <span class='ocr_line' id='line_1_65' title="bbox 212 3284 1806 3362; baseline -0.001 -24"><span class='ocrx_word' id='word_1_483' title='bbox 212 3285 453 3350; x_wconf 82' lang='grc' dir='ltr'>πίστεως</span> <span class='ocrx_word' id='word_1_484' title='bbox 475 3286 895 3358; x_wconf 83' lang='grc' dir='ltr'>συνισταμένης,</span> <span class='ocrx_word' id='word_1_485' title='bbox 921 3288 995 3350; x_wconf 85' lang='grc' dir='ltr'>ὼς</span> <span class='ocrx_word' id='word_1_486' title='bbox 1022 3287 1172 3355; x_wconf 87' lang='grc' dir='ltr'>λέγει</span> <span class='ocrx_word' id='word_1_487' title='bbox 1196 3287 1224 3339; x_wconf 89' lang='lat'><strong>6</strong></span> <span class='ocrx_word' id='word_1_488' title='bbox 1248 3285 1552 3362; x_wconf 72' lang='grc' dir='ltr'>ἀγιώτατος</span> <span class='ocrx_word' id='word_1_489' title='bbox 1575 3284 1806 3350; x_wconf 83' lang='grc' dir='ltr'>Παῦλος,</span> 
     </span>
    </p>
   </div>
   <div class='ocr_carea' id='block_1_66' title="bbox 212 3378 1812 3452">
    <p class='ocr_par' dir='ltr' id='par_1_66' title="bbox 212 3378 1812 3452">
     <span class='ocr_line' id='line_1_66' title="bbox 212 3378 1812 3452; baseline -0.002 -19"><span class='ocrx_word' id='word_1_490' title='bbox 212 3379 446 3452; x_wconf 77' lang='grc' dir='ltr'>γράφων</span> <span class='ocrx_word' id='word_1_491' title='bbox 471 3379 720 3450; x_wconf 79' lang='grc' dir='ltr'>Τιμοθέῳ</span> <span class='ocrx_word' id='word_1_492' title='bbox 752 3379 840 3432; x_wconf 80' lang='grc' dir='ltr'>διὰ</span> <span class='ocrx_word' id='word_1_493' title='bbox 871 3378 1074 3432; x_wconf 88' lang='grc' dir='ltr'>τούτων</span> <span class='ocrx_word' id='word_1_494' title='bbox 1104 3378 1214 3432; x_wconf 87' lang='grc' dir='ltr'><strong>τῶν</strong></span> <span class='ocrx_word' id='word_1_495' title='bbox 1255 3379 1429 3448; x_wconf 88' lang='grc' dir='ltr'>λόγων</span> <span class='ocrx_word' id='word_1_496' title='bbox 1454 3393 1467 3408; x_wconf 86' lang='grc'><em>’</em></span> <span class='ocrx_word' id='word_1_497' title='bbox 1502 3378 1695 3442; x_wconf 82' lang='grc' dir='ltr'>Ὅπως</span> <span class='ocrx_word' id='word_1_498' title='bbox 1722 3395 1812 3447; x_wconf 78' lang='grc' dir='ltr'>γι·-</span> 
     </span>
    </p>
   </div>
   <div class='ocr_carea' id='block_1_67' title="bbox 208 3469 1811 3540">
    <p class='ocr_par' dir='ltr' id='par_1_67' title="bbox 208 3469 1811 3540">
     <span class='ocr_line' id='line_1_67' title="bbox 208 3469 1811 3540; baseline -0.002 -14"><span class='ocrx_word' id='word_1_499' title='bbox 208 3471 476 3538; x_wconf 78' lang='grc' dir='ltr'>νώσκοις</span> <span class='ocrx_word' id='word_1_500' title='bbox 495 3471 622 3538; x_wconf 78' lang='grc' dir='ltr'><strong>πῶς</strong></span> <span class='ocrx_word' id='word_1_501' title='bbox 641 3471 824 3526; x_wconf 79' lang='grc' dir='ltr'>δεῖεν</span> <span class='ocrx_word' id='word_1_502' title='bbox 848 3471 994 3538; x_wconf 78' lang='grc' dir='ltr'>οἴκῳ</span> <span class='ocrx_word' id='word_1_503' title='bbox 1019 3471 1242 3540; x_wconf 82' lang='grc' dir='ltr'>Κυρίου</span> <span class='ocrx_word' id='word_1_504' title='bbox 1272 3469 1640 3539; x_wconf 79' lang='grc' dir='ltr'>περιπατεῖν,</span> <span class='ocrx_word' id='word_1_505' title='bbox 1675 3470 1811 3539; x_wconf 80' lang='grc' dir='ltr'>ἣτις</span> 
     </span>
    </p>
   </div>
   <div class='ocr_carea' id='block_1_68' title="bbox 209 3564 1810 3634">
    <p class='ocr_par' dir='ltr' id='par_1_68' title="bbox 209 3564 1810 3634">
     <span class='ocr_line' id='line_1_68' title="bbox 209 3564 1810 3634; baseline 0 -17"><span class='ocrx_word' id='word_1_506' title='bbox 209 3565 388 3618; x_wconf 79' lang='grc' dir='ltr'>ἐστὶν</span> <span class='ocrx_word' id='word_1_507' title='bbox 437 3567 761 3634; x_wconf 77' lang='grc' dir='ltr'>Ἐκκλησία</span> <span class='ocrx_word' id='word_1_508' title='bbox 815 3565 964 3619; x_wconf 88' lang='grc' dir='ltr'>Θεοῦ</span> <span class='ocrx_word' id='word_1_509' title='bbox 1009 3565 1116 3618; x_wconf 86' lang='grc' dir='ltr'><strong>τοῦ</strong></span> <span class='ocrx_word' id='word_1_510' title='bbox 1153 3564 1392 3631; x_wconf 82' lang='grc' dir='ltr'>ζῶντος,</span> <span class='ocrx_word' id='word_1_511' title='bbox 1439 3566 1668 3630; x_wconf 77' lang='grc' dir='ltr'>στύλος</span> <span class='ocrx_word' id='word_1_512' title='bbox 1707 3564 1810 3618; x_wconf 77' lang='grc' dir='ltr'>καὶ</span> 
     </span>
    </p>
   </div>
   <div class='ocr_carea' id='block_1_69' title="bbox 208 3656 1805 3728">
    <p class='ocr_par' dir='ltr' id='par_1_69' title="bbox 208 3656 1805 3728">
     <span class='ocr_line' id='line_1_69' title="bbox 208 3656 1805 3728; baseline -0.001 -15"><span class='ocrx_word' id='word_1_513' title='bbox 208 3660 510 3728; x_wconf 82' lang='grc' dir='ltr'>ἑδραίωμα</span> <span class='ocrx_word' id='word_1_514' title='bbox 551 3658 664 3727; x_wconf 79' lang='grc' dir='ltr'>τῆς</span> <span class='ocrx_word' id='word_1_515' title='bbox 704 3659 1021 3726; x_wconf 75' lang='grc' dir='ltr'>ἀληθείας’</span> <span class='ocrx_word' id='word_1_516' title='bbox 1061 3656 1141 3724; x_wconf 74' lang='grc' dir='ltr'><strong>ἢν</strong></span> <span class='ocrx_word' id='word_1_517' title='bbox 1176 3661 1230 3711; x_wconf 78' lang='grc' dir='ltr'>οἱ</span> <span class='ocrx_word' id='word_1_518' title='bbox 1263 3658 1483 3712; x_wconf 76' lang='grc' dir='ltr'>πολλοὶ</span> <span class='ocrx_word' id='word_1_519' title='bbox 1527 3658 1805 3728; x_wconf 69' lang='grc' dir='ltr'>ἀφέντες,</span> 
     </span>
    </p>
   </div>
   <div class='ocr_carea' id='block_1_70' title="bbox 209 3748 1806 3821">
    <p class='ocr_par' dir='ltr' id='par_1_70' title="bbox 209 3748 1806 3821">
     <span class='ocr_line' id='line_1_70' title="bbox 209 3748 1806 3821; baseline 0.01 -17"><span class='ocrx_word' id='word_1_520' title='bbox 209 3754 304 3818; x_wconf 82' lang='grc' dir='ltr'><strong>είς</strong></span> <span class='ocrx_word' id='word_1_521' title='bbox 337 3753 600 3821; x_wconf 82' lang='grc' dir='ltr'>μύθους,</span> <span class='ocrx_word' id='word_1_522' title='bbox 649 3751 747 3804; x_wconf 80' lang='grc' dir='ltr'>καὶ</span> <span class='ocrx_word' id='word_1_523' title='bbox 796 3751 1169 3821; x_wconf 76' lang='grc' dir='ltr'>μωρολογίας</span> <span class='ocrx_word' id='word_1_524' title='bbox 1217 3748 1669 3819; x_wconf 68' lang='grc' dir='ltr'><strong>ἐξετράπησαν,</strong></span> <span class='ocrx_word' id='word_1_525' title='bbox 1720 3751 1806 3821; x_wconf 74' lang='grc' dir='ltr'><strong>μὴ</strong></span> 
     </span>
    </p>
   </div>
   <div class='ocr_carea' id='block_1_71' title="bbox 208 3840 1808 3914">
    <p class='ocr_par' dir='ltr' id='par_1_71' title="bbox 208 3840 1808 3914">
     <span class='ocr_line' id='line_1_71' title="bbox 208 3840 1808 3914; baseline 0.001 -18"><span class='ocrx_word' id='word_1_526' title='bbox 208 3843 502 3909; x_wconf 71' lang='grc' dir='ltr'>νοοῦντες</span> <span class='ocrx_word' id='word_1_527' title='bbox 529 3843 683 3914; x_wconf 81' lang='grc' dir='ltr'>μήτε</span> <span class='ocrx_word' id='word_1_528' title='bbox 709 3842 747 3895; x_wconf 81' lang='lat' dir='ltr'><strong>d</strong></span> <span class='ocrx_word' id='word_1_529' title='bbox 776 3842 1050 3912; x_wconf 78' lang='grc' dir='ltr'>λέγουσι,</span> <span class='ocrx_word' id='word_1_530' title='bbox 1071 3840 1225 3910; x_wconf 82' lang='grc' dir='ltr'>μήτε</span> <span class='ocrx_word' id='word_1_531' title='bbox 1247 3841 1379 3910; x_wconf 83' lang='grc' dir='ltr'>περὶ</span> <span class='ocrx_word' id='word_1_532' title='bbox 1414 3847 1595 3896; x_wconf 77' lang='grc' dir='ltr'>τίνων</span> <span class='ocrx_word' id='word_1_533' title='bbox 1612 3842 1808 3897; x_wconf 79' lang='grc' dir='ltr'>διαϐε-</span> 
     </span>
    </p>
   </div>
   <div class='ocr_carea' id='block_1_72' title="bbox 210 3928 1804 4004">
    <p class='ocr_par' dir='ltr' id='par_1_72' title="bbox 210 3928 1804 4004">
     <span class='ocr_line' id='line_1_72' title="bbox 210 3928 1804 4004; baseline 0.001 -15"><span class='ocrx_word' id='word_1_534' title='bbox 210 3934 554 3989; x_wconf 70' lang='grc' dir='ltr'>ϐαιοῦνται·</span> <span class='ocrx_word' id='word_1_535' title='bbox 614 3928 701 3987; x_wconf 78' lang='grc' dir='ltr'><strong>ὧν</strong></span> <span class='ocrx_word' id='word_1_536' title='bbox 749 3935 882 3987; x_wconf 83' lang='grc' dir='ltr'>ἐστι</span> <span class='ocrx_word' id='word_1_537' title='bbox 921 3935 1230 4004; x_wconf 55' lang='lat' dir='ltr'><strong>(My-elder-</strong></span> <span class='ocrx_word' id='word_1_538' title='bbox 1268 3935 1367 3988; x_wconf 81' lang='grc' dir='ltr'>καὶ</span> <span class='ocrx_word' id='word_1_539' title='bbox 1421 3933 1804 4004; x_wconf 76' lang='grc' dir='ltr'>Ἑρμογένης.</span> 
     </span>
    </p>
   </div>
   <div class='ocr_carea' id='block_1_73' title="bbox 225 4024 1808 4098">
    <p class='ocr_par' dir='ltr' id='par_1_73' title="bbox 225 4024 1808 4098">
     <span class='ocr_line' id='line_1_73' title="bbox 225 4024 1808 4098; baseline 0.002 -19"><span class='ocrx_word' id='word_1_540' title='bbox 225 4024 388 4080; x_wconf 55' lang='lat' dir='ltr'><strong>vim</strong></span> <span class='ocrx_word' id='word_1_541' title='bbox 407 4027 503 4080; x_wconf 77' lang='grc' dir='ltr'>καὶ</span> <span class='ocrx_word' id='word_1_542' title='bbox 531 4028 589 4080; x_wconf 83' lang='grc' dir='ltr'>ὲν</span> <span class='ocrx_word' id='word_1_543' title='bbox 635 4029 701 4097; x_wconf 80' lang='grc' dir='ltr'>τῇ</span> <span class='ocrx_word' id='word_1_544' title='bbox 747 4025 975 4097; x_wconf 74' lang='grc' dir='ltr'>δευτέρᾳ</span> <span class='ocrx_word' id='word_1_545' title='bbox 1022 4025 1332 4097; x_wconf 87' lang='grc' dir='ltr'>Ἐπιστολῇ,</span> <span class='ocrx_word' id='word_1_546' title='bbox 1385 4027 1672 4098; x_wconf 86' lang='grc' dir='ltr'>Ὑμέναιον</span> <span class='ocrx_word' id='word_1_547' title='bbox 1712 4028 1808 4082; x_wconf 81' lang='grc' dir='ltr'><strong>καὶ</strong></span> 
     </span>
    </p>
   </div>
   <div class='ocr_carea' id='block_1_74' title="bbox 206 4119 1806 4192">
    <p class='ocr_par' dir='ltr' id='par_1_74' title="bbox 206 4119 1806 4192">
     <span class='ocr_line' id='line_1_74' title="bbox 206 4119 1806 4192; baseline 0.001 -19"><span class='ocrx_word' id='word_1_548' title='bbox 206 4119 439 4190; x_wconf 77' lang='grc' dir='ltr'>Φιλητὸν</span> <span class='ocrx_word' id='word_1_549' title='bbox 463 4120 590 4192; x_wconf 83' lang='grc' dir='ltr'>περὶ</span> <span class='ocrx_word' id='word_1_550' title='bbox 617 4119 714 4191; x_wconf 81' lang='grc' dir='ltr'>τὴν</span> <span class='ocrx_word' id='word_1_551' title='bbox 736 4119 996 4192; x_wconf 78' lang='grc' dir='ltr'>ἀλήθειαν</span> <span class='ocrx_word' id='word_1_552' title='bbox 1016 4119 1380 4191; x_wconf 82' lang='grc' dir='ltr'>ὴστοχηκέναι</span> <span class='ocrx_word' id='word_1_553' title='bbox 1401 4119 1549 4189; x_wconf 86' lang='grc' dir='ltr'>λέγει</span> <span class='ocrx_word' id='word_1_554' title='bbox 1569 4139 1582 4151; x_wconf 74' lang='grc' dir='ltr'><strong><em>ο</em></strong></span> <span class='ocrx_word' id='word_1_555' title='bbox 1611 4121 1806 4185; x_wconf 77' lang='grc' dir='ltr'>οἵτινες</span> 
     </span>
    </p>
   </div>
   <div class='ocr_carea' id='block_1_75' title="bbox 208 4212 1806 4284">
    <p class='ocr_par' dir='ltr' id='par_1_75' title="bbox 208 4212 1806 4284">
     <span class='ocr_line' id='line_1_75' title="bbox 208 4212 1806 4284; baseline -0.001 -15"><span class='ocrx_word' id='word_1_556' title='bbox 208 4213 311 4269; x_wconf 73' lang='grc' dir='ltr'><strong>καὶ</strong></span> <span class='ocrx_word' id='word_1_557' title='bbox 333 4213 485 4266; x_wconf 76' lang='grc' dir='ltr'>αὐτοὶ</span> <span class='ocrx_word' id='word_1_558' title='bbox 505 4216 570 4284; x_wconf 81' lang='grc' dir='ltr'>τῇ</span> <span class='ocrx_word' id='word_1_559' title='bbox 605 4213 814 4283; x_wconf 86' lang='grc' dir='ltr'>αἱρέσει</span> <span class='ocrx_word' id='word_1_560' title='bbox 840 4212 1294 4284; x_wconf 81' lang='grc' dir='ltr'>ὲξηκολούθησαν,</span> <span class='ocrx_word' id='word_1_561' title='bbox 1317 4212 1475 4266; x_wconf 79' lang='grc' dir='ltr'>ἄλλον</span> <span class='ocrx_word' id='word_1_562' title='bbox 1503 4213 1636 4268; x_wconf 86' lang='grc' dir='ltr'>Θεὸν</span> <span class='ocrx_word' id='word_1_563' title='bbox 1671 4232 1806 4268; x_wconf 88' lang='grc' dir='ltr'>κατ-</span> 
     </span>
    </p>
   </div>
   <div class='ocr_carea' id='block_1_76' title="bbox 1917 3281 3508 3362">
    <p class='ocr_par' dir='ltr' id='par_1_76' title="bbox 1917 3281 3508 3362">
     <span class='ocr_line' id='line_1_76' title="bbox 1917 3281 3508 3362; baseline -0.007 -16"><span class='ocrx_word' id='word_1_564' title='bbox 1917 3299 2027 3354; x_wconf 88' lang='lat' dir='ltr'><strong>est,</strong></span> <span class='ocrx_word' id='word_1_565' title='bbox 2059 3299 2262 3362; x_wconf 81' lang='lat' dir='ltr'><strong>temere</strong></span> <span class='ocrx_word' id='word_1_566' title='bbox 2289 3288 2626 3360; x_wconf 78' lang='lat' dir='ltr'><strong>praedicant;</strong></span> <span class='ocrx_word' id='word_1_567' title='bbox 2663 3286 2761 3342; x_wconf 90' lang='lat' dir='ltr'><strong>sed</strong></span> <span class='ocrx_word' id='word_1_568' title='bbox 2794 3299 2904 3340; x_wconf 90' lang='lat' dir='ltr'><strong>uno</strong></span> <span class='ocrx_word' id='word_1_569' title='bbox 2931 3283 3024 3338; x_wconf 88' lang='lat' dir='ltr'><strong>Dei</strong></span> <span class='ocrx_word' id='word_1_570' title='bbox 3058 3281 3327 3339; x_wconf 82' lang='lat' dir='ltr'><strong>beneﬁcio</strong></span> <span class='ocrx_word' id='word_1_571' title='bbox 3361 3281 3508 3336; x_wconf 91' lang='lat' dir='ltr'><strong>dun-</strong></span> 
     </span>
    </p>
   </div>
   <div class='ocr_carea' id='block_1_77' title="bbox 1915 3373 3500 3452">
    <p class='ocr_par' dir='ltr' id='par_1_77' title="bbox 1915 3373 3500 3452">
     <span class='ocr_line' id='line_1_77' title="bbox 1915 3373 3500 3452; baseline -0.008 -14"><span class='ocrx_word' id='word_1_572' title='bbox 1915 3391 2069 3438; x_wconf 82' lang='lat' dir='ltr'><strong>taxat</strong></span> <span class='ocrx_word' id='word_1_573' title='bbox 2086 3381 2354 3452; x_wconf 84' lang='lat' dir='ltr'><strong>indigere,</strong></span> <span class='ocrx_word' id='word_1_574' title='bbox 2374 3395 2483 3451; x_wconf 88' lang='lat' dir='ltr'><strong>quo</strong></span> <span class='ocrx_word' id='word_1_575' title='bbox 2509 3394 2635 3434; x_wconf 91' lang='lat' dir='ltr'><strong>cum</strong></span> <span class='ocrx_word' id='word_1_576' title='bbox 2670 3377 2774 3433; x_wconf 81' lang='lat' dir='ltr'><strong>llde</strong></span> <span class='ocrx_word' id='word_1_577' title='bbox 2799 3386 2949 3432; x_wconf 90' lang='lat' dir='ltr'><strong>recte</strong></span> <span class='ocrx_word' id='word_1_578' title='bbox 2985 3374 3128 3430; x_wconf 87' lang='lat' dir='ltr'><strong>facta</strong></span> <span class='ocrx_word' id='word_1_579' title='bbox 3165 3373 3500 3444; x_wconf 86' lang='lat' dir='ltr'><strong>conjungat:</strong></span> 
     </span>
    </p>
   </div>
   <div class='ocr_carea' id='block_1_78' title="bbox 1916 3467 3506 3540">
    <p class='ocr_par' dir='ltr' id='par_1_78' title="bbox 1916 3467 3506 3540">
     <span class='ocr_line' id='line_1_78' title="bbox 1916 3467 3506 3540; baseline -0.006 -9"><span class='ocrx_word' id='word_1_580' title='bbox 1916 3484 1977 3531; x_wconf 94' lang='lat' dir='ltr'><strong>ut</strong></span> <span class='ocrx_word' id='word_1_581' title='bbox 1998 3475 2067 3530; x_wconf 91' lang='lat' dir='ltr'><strong>ad</strong></span> <span class='ocrx_word' id='word_1_582' title='bbox 2092 3473 2444 3530; x_wconf 87' lang='lat' dir='ltr'><strong>Timotheum</strong></span> <span class='ocrx_word' id='word_1_583' title='bbox 2495 3472 2746 3528; x_wconf 87' lang='lat' dir='ltr'><strong>scribens</strong></span> <span class='ocrx_word' id='word_1_584' title='bbox 2788 3470 3088 3540; x_wconf 86' lang='lat' dir='ltr'><strong>Apostolus</strong></span> <span class='ocrx_word' id='word_1_585' title='bbox 3128 3468 3280 3523; x_wconf 90' lang='lat' dir='ltr'><strong>hisce</strong></span> <span class='ocrx_word' id='word_1_586' title='bbox 3318 3467 3506 3522; x_wconf 83' lang='lat' dir='ltr'><strong>verbis</strong></span> 
     </span>
    </p>
   </div>
   <div class='ocr_carea' id='block_1_79' title="bbox 1915 3557 3506 3637">
    <p class='ocr_par' dir='ltr' id='par_1_79' title="bbox 1915 3557 3506 3637">
     <span class='ocr_line' id='line_1_79' title="bbox 1915 3557 3506 3637; baseline -0.008 -14"><span class='ocrx_word' id='word_1_587' title='bbox 1915 3575 2150 3624; x_wconf 87' lang='lat' dir='ltr'><strong>testatur</strong></span> <span class='ocrx_word' id='word_1_588' title='bbox 2177 3586 2190 3622; x_wconf 90' lang='lat'><strong>:</strong></span> <span class='ocrx_word' id='word_1_589' title='bbox 2219 3565 2288 3621; x_wconf 88' lang='lat' dir='ltr'><strong>Ut</strong></span> <span class='ocrx_word' id='word_1_590' title='bbox 2311 3567 2451 3622; x_wconf 83' lang='lat' dir='ltr'><strong>scias</strong></span> <span class='ocrx_word' id='word_1_591' title='bbox 2484 3565 2750 3637; x_wconf 84' lang='lat' dir='ltr'><strong>quomodo</strong></span> <span class='ocrx_word' id='word_1_592' title='bbox 2788 3572 2835 3617; x_wconf 86' lang='lat' dir='ltr'><strong>te</strong></span> <span class='ocrx_word' id='word_1_593' title='bbox 2861 3570 3104 3631; x_wconf 85' lang='lat' dir='ltr'><strong>oporteat</strong></span> <span class='ocrx_word' id='word_1_594' title='bbox 3136 3562 3191 3614; x_wconf 84' lang='lat' dir='ltr'><strong>in</strong></span> <span class='ocrx_word' id='word_1_595' title='bbox 3221 3558 3380 3614; x_wconf 85' lang='lat' dir='ltr'><strong>domo</strong></span> <span class='ocrx_word' id='word_1_596' title='bbox 3404 3557 3506 3614; x_wconf 84' lang='lat' dir='ltr'><strong>Dei</strong></span> 
     </span>
    </p>
   </div>
   <div class='ocr_carea' id='block_1_80' title="bbox 1913 3653 3580 3728">
    <p class='ocr_par' dir='ltr' id='par_1_80' title="bbox 1913 3653 3580 3728">
     <span class='ocr_line' id='line_1_80' title="bbox 1913 3653 3580 3728; baseline -0.005 -14"><span class='ocrx_word' id='word_1_597' title='bbox 1913 3660 2212 3725; x_wconf 86' lang='lat' dir='ltr'><strong>ambulare,</strong></span> <span class='ocrx_word' id='word_1_598' title='bbox 2262 3674 2380 3728; x_wconf 77' lang='lat' dir='ltr'><strong>qua:</strong></span> <span class='ocrx_word' id='word_1_599' title='bbox 2432 3667 2511 3712; x_wconf 80' lang='lat' dir='ltr'><strong>est</strong></span> <span class='ocrx_word' id='word_1_600' title='bbox 2557 3656 2802 3712; x_wconf 72' lang='lat' dir='ltr'><strong>Ecclesia</strong></span> <span class='ocrx_word' id='word_1_601' title='bbox 2854 3655 2955 3709; x_wconf 87' lang='lat' dir='ltr'><strong>Dei</strong></span> <span class='ocrx_word' id='word_1_602' title='bbox 3009 3655 3130 3717; x_wconf 81' lang='lat' dir='ltr'><strong>vivi,</strong></span> <span class='ocrx_word' id='word_1_603' title='bbox 3173 3653 3420 3706; x_wconf 84' lang='lat' dir='ltr'><strong>columna</strong></span> <span class='ocrx_word' id='word_1_604' title='bbox 3455 3659 3507 3706; x_wconf 87' lang='lat' dir='ltr'><strong>et</strong></span> <span class='ocrx_word' id='word_1_605' title='bbox 3571 3707 3580 3714; x_wconf 73' lang='grc'><strong>,</strong></span> 
     </span>
    </p>
   </div>
   <div class='ocr_carea' id='block_1_81' title="bbox 1915 3741 3506 3822">
    <p class='ocr_par' dir='ltr' id='par_1_81' title="bbox 1915 3741 3506 3822">
     <span class='ocr_line' id='line_1_81' title="bbox 1915 3741 3506 3822; baseline -0.007 -16"><span class='ocrx_word' id='word_1_606' title='bbox 1915 3753 2312 3822; x_wconf 77' lang='lat' dir='ltr'><strong>ﬁrmamentum</strong></span> <span class='ocrx_word' id='word_1_607' title='bbox 2341 3747 2637 3805; x_wconf 73' lang='lat' dir='ltr'><strong>veritatis‘:</strong></span> <span class='ocrx_word' id='word_1_608' title='bbox 2661 3763 2824 3818; x_wconf 81' lang='lat' dir='ltr'><strong>quam</strong></span> <span class='ocrx_word' id='word_1_609' title='bbox 2853 3745 3009 3800; x_wconf 86' lang='lat' dir='ltr'><strong>multi</strong></span> <span class='ocrx_word' id='word_1_610' title='bbox 3042 3743 3416 3814; x_wconf 74' lang='lat' dir='ltr'><strong>relinquentes,</strong></span> <span class='ocrx_word' id='word_1_611' title='bbox 3437 3741 3506 3796; x_wconf 83' lang='lat' dir='ltr'><strong>ad</strong></span> 
     </span>
    </p>
   </div>
   <div class='ocr_carea' id='block_1_82' title="bbox 1912 3837 3506 3915">
    <p class='ocr_par' dir='ltr' id='par_1_82' title="bbox 1912 3837 3506 3915">
     <span class='ocr_line' id='line_1_82' title="bbox 1912 3837 3506 3915; baseline -0.006 -15"><span class='ocrx_word' id='word_1_612' title='bbox 1912 3845 2128 3915; x_wconf 77' lang='lat' dir='ltr'><strong>fabulas</strong></span> <span class='ocrx_word' id='word_1_613' title='bbox 2149 3854 2198 3899; x_wconf 89' lang='lat' dir='ltr'><strong>et</strong></span> <span class='ocrx_word' id='word_1_614' title='bbox 2225 3845 2453 3915; x_wconf 79' lang='lat' dir='ltr'><strong>ineptias</strong></span> <span class='ocrx_word' id='word_1_615' title='bbox 2475 3841 2835 3896; x_wconf 69' lang='lat' dir='ltr'><strong>diverterunt’</strong></span> <span class='ocrx_word' id='word_1_616' title='bbox 2867 3859 2879 3894; x_wconf 90' lang='lat'><strong>:</strong></span> <span class='ocrx_word' id='word_1_617' title='bbox 2910 3856 3015 3894; x_wconf 87' lang='lat' dir='ltr'><strong>non</strong></span> <span class='ocrx_word' id='word_1_618' title='bbox 3037 3837 3386 3908; x_wconf 84' lang='lat' dir='ltr'><strong>intelligentes</strong></span> <span class='ocrx_word' id='word_1_619' title='bbox 3411 3852 3506 3890; x_wconf 83' lang='lat' dir='ltr'><strong>nec</strong></span> 
     </span>
    </p>
   </div>
   <div class='ocr_carea' id='block_1_83' title="bbox 1911 3929 3505 4009">
    <p class='ocr_par' dir='ltr' id='par_1_83' title="bbox 1911 3929 3505 4009">
     <span class='ocr_line' id='line_1_83' title="bbox 1911 3929 3505 4009; baseline -0.006 -19"><span class='ocrx_word' id='word_1_620' title='bbox 1911 3955 2028 4009; x_wconf 65' lang='lat' dir='ltr'><strong>quia</strong></span> <span class='ocrx_word' id='word_1_621' title='bbox 2061 3937 2265 4001; x_wconf 86' lang='lat' dir='ltr'><strong>dicunt,</strong></span> <span class='ocrx_word' id='word_1_622' title='bbox 2296 3952 2389 3990; x_wconf 88' lang='lat' dir='ltr'><strong>nec</strong></span> <span class='ocrx_word' id='word_1_623' title='bbox 2420 3935 2485 3989; x_wconf 88' lang='lat' dir='ltr'><strong>de</strong></span> <span class='ocrx_word' id='word_1_624' title='bbox 2518 3934 2708 4006; x_wconf 89' lang='lat' dir='ltr'><strong>quibus</strong></span> <span class='ocrx_word' id='word_1_625' title='bbox 2729 3931 3068 4003; x_wconf 69' lang='lat' dir='ltr'><strong>afﬁrmant“;</strong></span> <span class='ocrx_word' id='word_1_626' title='bbox 3102 3945 3168 3985; x_wconf 76' lang='lat' dir='ltr'><strong>ex</strong></span> <span class='ocrx_word' id='word_1_627' title='bbox 3197 3929 3385 4000; x_wconf 80' lang='lat' dir='ltr'><strong>quibus</strong></span> <span class='ocrx_word' id='word_1_628' title='bbox 3424 3938 3505 3982; x_wconf 86' lang='lat' dir='ltr'><strong>est</strong></span> 
     </span>
    </p>
   </div>
   <div class='ocr_carea' id='block_1_84' title="bbox 1914 4021 3507 4102">
    <p class='ocr_par' dir='ltr' id='par_1_84' title="bbox 1914 4021 3507 4102">
     <span class='ocr_line' id='line_1_84' title="bbox 1914 4021 3507 4102; baseline -0.006 -17"><span class='ocrx_word' id='word_1_629' title='bbox 1914 4030 2203 4102; x_wconf 81' lang='lat' dir='ltr'><strong>Phygellus</strong></span> <span class='ocrx_word' id='word_1_630' title='bbox 2228 4038 2279 4086; x_wconf 86' lang='lat' dir='ltr'><strong>et</strong></span> <span class='ocrx_word' id='word_1_631' title='bbox 2310 4029 2664 4099; x_wconf 80' lang='lat' dir='ltr'><strong>Hermogenes</strong></span> <span class='ocrx_word' id='word_1_632' title='bbox 2681 4027 2729 4080; x_wconf 53' lang='grc' dir='ltr'><strong>⁷η.</strong></span> <span class='ocrx_word' id='word_1_633' title='bbox 2766 4025 2874 4080; x_wconf 89' lang='lat' dir='ltr'><strong>Sed</strong></span> <span class='ocrx_word' id='word_1_634' title='bbox 2905 4032 2960 4080; x_wconf 91' lang='lat' dir='ltr'><strong>et</strong></span> <span class='ocrx_word' id='word_1_635' title='bbox 2998 4024 3054 4076; x_wconf 89' lang='lat' dir='ltr'><strong>in</strong></span> <span class='ocrx_word' id='word_1_636' title='bbox 3094 4022 3338 4076; x_wconf 89' lang='lat' dir='ltr'><strong>secunda</strong></span> <span class='ocrx_word' id='word_1_637' title='bbox 3380 4021 3507 4092; x_wconf 85' lang='lat' dir='ltr'><strong>Epi-</strong></span> 
     </span>
    </p>
   </div>
   <div class='ocr_carea' id='block_1_85' title="bbox 1913 4115 3506 4194">
    <p class='ocr_par' dir='ltr' id='par_1_85' title="bbox 1913 4115 3506 4194">
     <span class='ocr_line' id='line_1_85' title="bbox 1913 4115 3506 4194; baseline -0.005 -14"><span class='ocrx_word' id='word_1_638' title='bbox 1913 4123 2054 4180; x_wconf 87' lang='lat' dir='ltr'><strong>stola</strong></span> <span class='ocrx_word' id='word_1_639' title='bbox 2090 4122 2444 4194; x_wconf 64' lang='lat' dir='ltr'><strong>liymenaaum</strong></span> <span class='ocrx_word' id='word_1_640' title='bbox 2487 4136 2551 4176; x_wconf 91' lang='lat' dir='ltr'><strong>ac</strong></span> <span class='ocrx_word' id='word_1_641' title='bbox 2597 4119 2871 4174; x_wconf 86' lang='lat' dir='ltr'><strong>Philetum</strong></span> <span class='ocrx_word' id='word_1_642' title='bbox 2903 4117 3181 4173; x_wconf 87' lang='lat' dir='ltr'><strong>excidisse</strong></span> <span class='ocrx_word' id='word_1_643' title='bbox 3206 4131 3236 4170; x_wconf 91' lang='lat' dir='ltr'><strong>a</strong></span> <span class='ocrx_word' id='word_1_644' title='bbox 3267 4115 3506 4172; x_wconf 83' lang='lat' dir='ltr'><strong>veritate</strong></span> 
     </span>
    </p>
   </div>
   <div class='ocr_carea' id='block_1_86' title="bbox 1915 4205 3511 4283">
    <p class='ocr_par' dir='ltr' id='par_1_86' title="bbox 1915 4205 3511 4283">
     <span class='ocr_line' id='line_1_86' title="bbox 1915 4205 3511 4283; baseline -0.006 -12"><span class='ocrx_word' id='word_1_645' title='bbox 1915 4214 2182 4271; x_wconf 69' lang='lat' dir='ltr'><strong>scribit“:</strong></span> <span class='ocrx_word' id='word_1_646' title='bbox 2227 4212 2320 4283; x_wconf 92' lang='lat' dir='ltr'><strong>qui</strong></span> <span class='ocrx_word' id='word_1_647' title='bbox 2374 4212 2597 4282; x_wconf 91' lang='lat' dir='ltr'><strong>quidem</strong></span> <span class='ocrx_word' id='word_1_648' title='bbox 2629 4218 2684 4266; x_wconf 88' lang='lat' dir='ltr'><strong>et</strong></span> <span class='ocrx_word' id='word_1_649' title='bbox 2716 4209 2823 4279; x_wconf 88' lang='lat' dir='ltr'><strong>ipsi</strong></span> <span class='ocrx_word' id='word_1_650' title='bbox 2879 4209 2936 4262; x_wconf 90' lang='lat' dir='ltr'><strong>in</strong></span> <span class='ocrx_word' id='word_1_651' title='bbox 2979 4207 3218 4263; x_wconf 72' lang='lat' dir='ltr'><strong>lizeresin</strong></span> <span class='ocrx_word' id='word_1_652' title='bbox 3253 4205 3511 4276; x_wconf 70' lang='lat' dir='ltr'><strong>prolapsi</strong></span> 
     </span>
    </p>
   </div>
   <div class='ocr_carea' id='block_1_87' title="bbox 1913 4297 3510 4376">
    <p class='ocr_par' dir='ltr' id='par_1_87' title="bbox 1913 4297 3510 4376">
     <span class='ocr_line' id='line_1_87' title="bbox 1913 4297 3510 4376; baseline -0.008 -13"><span class='ocrx_word' id='word_1_653' title='bbox 1913 4315 2076 4375; x_wconf 90' lang='lat' dir='ltr'><strong>sunt;</strong></span> <span class='ocrx_word' id='word_1_654' title='bbox 2111 4307 2277 4362; x_wconf 88' lang='lat' dir='ltr'><strong>alium</strong></span> <span class='ocrx_word' id='word_1_655' title='bbox 2311 4305 2478 4376; x_wconf 78' lang='lat'><strong>299</strong></span> <span class='ocrx_word' id='word_1_656' title='bbox 2528 4303 2893 4374; x_wconf 83' lang='lat' dir='ltr'><strong>praedicantes</strong></span> <span class='ocrx_word' id='word_1_657' title='bbox 2929 4300 3122 4366; x_wconf 90' lang='lat' dir='ltr'><strong>Deum,</strong></span> <span class='ocrx_word' id='word_1_658' title='bbox 3157 4313 3224 4354; x_wconf 90' lang='lat' dir='ltr'><strong>ac</strong></span> <span class='ocrx_word' id='word_1_659' title='bbox 3252 4297 3510 4368; x_wconf 62' lang='lat' dir='ltr'><strong>genealm</strong></span> 
     </span>
    </p>
   </div>
   <div class='ocr_carea' id='block_1_88' title="bbox 1911 4389 3502 4473">
    <p class='ocr_par' dir='ltr' id='par_1_88' title="bbox 1911 4389 3502 4473">
     <span class='ocr_line' id='line_1_88' title="bbox 1911 4389 3502 4473; baseline -0.008 -18"><span class='ocrx_word' id='word_1_660' title='bbox 1911 4402 2031 4473; x_wconf 85' lang='lat' dir='ltr'><strong>gias</strong></span> <span class='ocrx_word' id='word_1_661' title='bbox 2081 4398 2573 4461; x_wconf 83' lang='lat' dir='ltr'><strong>interminabiles’,</strong></span> <span class='ocrx_word' id='word_1_662' title='bbox 2629 4409 2985 4463; x_wconf 88' lang='lat' dir='ltr'><strong>erroremque</strong></span> <span class='ocrx_word' id='word_1_663' title='bbox 3040 4391 3184 4446; x_wconf 88' lang='lat' dir='ltr'><strong>inter</strong></span> <span class='ocrx_word' id='word_1_664' title='bbox 3249 4389 3502 4446; x_wconf 73' lang='lat' dir='ltr'><strong>homines</strong></span> 
     </span>
    </p>
   </div>
   <div class='ocr_carea' id='block_1_89' title="bbox 207 4304 1803 4376">
    <p class='ocr_par' dir='ltr' id='par_1_89' title="bbox 207 4304 1803 4376">
     <span class='ocr_line' id='line_1_89' title="bbox 207 4304 1803 4376; baseline -0.001 -16"><span class='ocrx_word' id='word_1_665' title='bbox 207 4305 572 4375; x_wconf 78' lang='grc' dir='ltr'>ἀγγέλλοντες</span> <span class='ocrx_word' id='word_1_666' title='bbox 610 4306 704 4358; x_wconf 73' lang='grc' dir='ltr'>καὶ</span> <span class='ocrx_word' id='word_1_667' title='bbox 727 4304 1080 4374; x_wconf 86' lang='grc' dir='ltr'>γενεαλογίας</span> <span class='ocrx_word' id='word_1_668' title='bbox 1117 4306 1480 4376; x_wconf 84' lang='grc' dir='ltr'>ἀπεράντους,</span> <span class='ocrx_word' id='word_1_669' title='bbox 1525 4305 1620 4358; x_wconf 76' lang='grc' dir='ltr'>καὶ</span> <span class='ocrx_word' id='word_1_670' title='bbox 1664 4305 1803 4360; x_wconf 83' lang='grc' dir='ltr'>πλά-</span> 
     </span>
    </p>
   </div>
   <div class='ocr_carea' id='block_1_90' title="bbox 209 4396 1804 4472">
    <p class='ocr_par' dir='ltr' id='par_1_90' title="bbox 209 4396 1804 4472">
     <span class='ocr_line' id='line_1_90' title="bbox 209 4396 1804 4472; baseline 0.001 -22"><span class='ocrx_word' id='word_1_671' title='bbox 209 4415 313 4468; x_wconf 83' lang='grc' dir='ltr'><strong>νην</strong></span> <span class='ocrx_word' id='word_1_672' title='bbox 353 4399 764 4469; x_wconf 85' lang='grc' dir='ltr'>ὲπισπείροντες</span> <span class='ocrx_word' id='word_1_673' title='bbox 807 4399 920 4460; x_wconf 87' lang='grc' dir='ltr'>τοῖς</span> <span class='ocrx_word' id='word_1_674' title='bbox 958 4396 1288 4468; x_wconf 86' lang='grc' dir='ltr'>ἀνθρώποις,</span> <span class='ocrx_word' id='word_1_675' title='bbox 1319 4399 1414 4451; x_wconf 75' lang='grc' dir='ltr'>καὶ</span> <span class='ocrx_word' id='word_1_676' title='bbox 1443 4397 1694 4466; x_wconf 86' lang='grc' dir='ltr'>λέγοντες</span> <span class='ocrx_word' id='word_1_677' title='bbox 1729 4401 1804 4472; x_wconf 82' lang='grc' dir='ltr'>μὴ</span> 
     </span>
    </p>
   </div>
   <div class='ocr_carea' id='block_1_91' title="bbox 210 4485 1811 4562">
    <p class='ocr_par' dir='ltr' id='par_1_91' title="bbox 210 4488 1802 4562">
     <span class='ocr_line' id='line_1_91' title="bbox 210 4488 1802 4562; baseline 0.001 -19"><span class='ocrx_word' id='word_1_678' title='bbox 210 4493 280 4543; x_wconf 77' lang='grc' dir='ltr'>ὲκ</span> <span class='ocrx_word' id='word_1_679' title='bbox 309 4488 446 4542; x_wconf 89' lang='grc' dir='ltr'>Θεοῦ</span> <span class='ocrx_word' id='word_1_680' title='bbox 478 4489 807 4559; x_wconf 81' lang='grc' dir='ltr'>γεγενῆσθαι</span> <span class='ocrx_word' id='word_1_681' title='bbox 828 4490 920 4544; x_wconf 84' lang='grc' dir='ltr'><strong>τὸν</strong></span> <span class='ocrx_word' id='word_1_682' title='bbox 940 4490 1165 4562; x_wconf 84' lang='grc' dir='ltr'>κόσμον,</span> <span class='ocrx_word' id='word_1_683' title='bbox 1197 4489 1334 4544; x_wconf 87' lang='grc' dir='ltr'><strong>ἀλλά</strong></span> <span class='ocrx_word' id='word_1_684' title='bbox 1361 4490 1468 4543; x_wconf 84' lang='grc' dir='ltr'><strong>ὑπὸ</strong></span> <span class='ocrx_word' id='word_1_685' title='bbox 1493 4491 1678 4562; x_wconf 88' lang='grc' dir='ltr'>ἀρχῶν</span> <span class='ocrx_word' id='word_1_686' title='bbox 1708 4493 1802 4546; x_wconf 75' lang='grc' dir='ltr'><strong>καὶ</strong></span> 
     </span>
    </p>
   </div>
   <div class='ocr_carea' id='block_1_92' title="bbox 1921 4485 3504 4562">
    <p class='ocr_par' dir='ltr' id='par_1_92' title="bbox 1921 4485 3504 4560">
     <span class='ocr_line' id='line_1_92' title="bbox 1921 4485 3504 4560; baseline -0.011 -7"><span class='ocrx_word' id='word_1_687' title='bbox 1921 4494 2335 4553; x_wconf 74' lang='lat' dir='ltr'><strong>disseminantes</strong></span> <span class='ocrx_word' id='word_1_688' title='bbox 2365 4506 2489 4546; x_wconf 91' lang='lat' dir='ltr'><strong>cum</strong></span> <span class='ocrx_word' id='word_1_689' title='bbox 2515 4505 2545 4544; x_wconf 92' lang='lat' dir='ltr'><strong>a</strong></span> <span class='ocrx_word' id='word_1_690' title='bbox 2575 4489 2684 4544; x_wconf 82' lang='lat' dir='ltr'><strong>Deo</strong></span> <span class='ocrx_word' id='word_1_691' title='bbox 2718 4493 2983 4560; x_wconf 84' lang='lat' dir='ltr'><strong>negarent</strong></span> <span class='ocrx_word' id='word_1_692' title='bbox 3016 4485 3345 4540; x_wconf 78' lang='lat' dir='ltr'><strong>fabricatum</strong></span> <span class='ocrx_word' id='word_1_693' title='bbox 3376 4497 3504 4537; x_wconf 81' lang='lat' dir='ltr'><strong>esse</strong></span> 
     </span>
    </p>
   </div>
   <div class='ocr_carea' id='block_1_93' title="bbox 209 4573 1811 4654">
    <p class='ocr_par' dir='ltr' id='par_1_93' title="bbox 209 4582 1804 4654">
     <span class='ocr_line' id='line_1_93' title="bbox 209 4582 1804 4654; baseline 0.003 -20"><span class='ocrx_word' id='word_1_694' title='bbox 209 4583 493 4648; x_wconf 73' lang='grc' dir='ltr'>ἐξουσιῶν.</span> <span class='ocrx_word' id='word_1_695' title='bbox 537 4583 648 4654; x_wconf 78' lang='grc' dir='ltr'>Τὴν</span> <span class='ocrx_word' id='word_1_696' title='bbox 673 4583 730 4635; x_wconf 80' lang='grc' dir='ltr'><strong>δὲ</strong></span> <span class='ocrx_word' id='word_1_697' title='bbox 756 4583 1052 4636; x_wconf 79' lang='grc' dir='ltr'>ἀνάστασιν</span> <span class='ocrx_word' id='word_1_698' title='bbox 1079 4583 1180 4653; x_wconf 73' lang='grc' dir='ltr'>ἤδη</span> <span class='ocrx_word' id='word_1_699' title='bbox 1214 4582 1543 4654; x_wconf 86' lang='grc' dir='ltr'>γεγενῆσθαι</span> <span class='ocrx_word' id='word_1_700' title='bbox 1583 4583 1670 4637; x_wconf 85' lang='grc' dir='ltr'><strong>διά</strong></span> <span class='ocrx_word' id='word_1_701' title='bbox 1693 4585 1804 4638; x_wconf 89' lang='grc' dir='ltr'><strong>τῶν</strong></span> 
     </span>
    </p>
   </div>
   <div class='ocr_carea' id='block_1_94' title="bbox 1921 4573 3505 4654">
    <p class='ocr_par' dir='ltr' id='par_1_94' title="bbox 1921 4573 3505 4652">
     <span class='ocr_line' id='line_1_94' title="bbox 1921 4573 3505 4652; baseline -0.011 -8"><span class='ocrx_word' id='word_1_702' title='bbox 1921 4587 2200 4651; x_wconf 89' lang='lat' dir='ltr'><strong>mundum,</strong></span> <span class='ocrx_word' id='word_1_703' title='bbox 2233 4583 2326 4640; x_wconf 87' lang='lat' dir='ltr'><strong>sed</strong></span> <span class='ocrx_word' id='word_1_704' title='bbox 2359 4597 2389 4636; x_wconf 89' lang='lat' dir='ltr'><strong>a</strong></span> <span class='ocrx_word' id='word_1_705' title='bbox 2417 4580 2814 4652; x_wconf 87' lang='lat' dir='ltr'><strong>principatibus</strong></span> <span class='ocrx_word' id='word_1_706' title='bbox 2837 4593 2900 4633; x_wconf 91' lang='lat' dir='ltr'><strong>ac</strong></span> <span class='ocrx_word' id='word_1_707' title='bbox 2919 4575 3283 4648; x_wconf 89' lang='lat' dir='ltr'><strong>potestatibus</strong></span> <span class='ocrx_word' id='word_1_708' title='bbox 3307 4573 3505 4628; x_wconf 84' lang='lat' dir='ltr'><strong>condi-</strong></span> 
     </span>
    </p>
   </div>
   <div class='ocr_carea' id='block_1_95' title="bbox 210 4664 1811 4748">
    <p class='ocr_par' dir='ltr' id='par_1_95' title="bbox 210 4668 1804 4748">
     <span class='ocr_line' id='line_1_95' title="bbox 210 4668 1804 4748; baseline 0.002 -21"><span class='ocrx_word' id='word_1_709' title='bbox 210 4675 521 4745; x_wconf 85' lang='grc' dir='ltr'>γενομένων</span> <span class='ocrx_word' id='word_1_710' title='bbox 543 4675 750 4728; x_wconf 88' lang='grc' dir='ltr'>τέκνων</span> <span class='ocrx_word' id='word_1_711' title='bbox 779 4673 883 4727; x_wconf 81' lang='grc' dir='ltr'><strong>ὑπὸ</strong></span> <span class='ocrx_word' id='word_1_712' title='bbox 913 4668 1144 4728; x_wconf 77' lang='grc' dir='ltr'>ἑκάστου</span> <span class='ocrx_word' id='word_1_713' title='bbox 1177 4674 1286 4728; x_wconf 88' lang='grc' dir='ltr'><strong>τῶν</strong></span> <span class='ocrx_word' id='word_1_714' title='bbox 1316 4674 1648 4743; x_wconf 78' lang='grc' dir='ltr'>γεννώντων.</span> <span class='ocrx_word' id='word_1_715' title='bbox 1691 4677 1804 4748; x_wconf 83' lang='grc' dir='ltr'><strong>Τὴν</strong></span> 
     </span>
    </p>
   </div>
   <div class='ocr_carea' id='block_1_96' title="bbox 1921 4664 3500 4748">
    <p class='ocr_par' dir='ltr' id='par_1_96' title="bbox 1921 4664 3500 4734">
     <span class='ocr_line' id='line_1_96' title="bbox 1921 4664 3500 4734; baseline -0.009 0"><span class='ocrx_word' id='word_1_716' title='bbox 1921 4688 2029 4734; x_wconf 82' lang='grc' dir='ltr'>ιιιιιι</span> <span class='ocrx_word' id='word_1_717' title='bbox 2060 4683 2393 4732; x_wconf 90' lang='lat' dir='ltr'><strong>assererent.</strong></span> <span class='ocrx_word' id='word_1_718' title='bbox 2429 4671 2917 4728; x_wconf 74' lang='lat' dir='ltr'><strong>Resurrectionem</strong></span> <span class='ocrx_word' id='word_1_719' title='bbox 2967 4669 3190 4723; x_wconf 89' lang='lat' dir='ltr'><strong>demum</strong></span> <span class='ocrx_word' id='word_1_720' title='bbox 3225 4664 3500 4720; x_wconf 88' lang='lat' dir='ltr'><strong>accidisse</strong></span> 
     </span>
    </p>
   </div>
   <div class='ocr_carea' id='block_1_97' title="bbox 211 4757 1811 4843">
    <p class='ocr_par' dir='ltr' id='par_1_97' title="bbox 211 4765 1806 4840">
     <span class='ocr_line' id='line_1_97' title="bbox 211 4765 1806 4840; baseline 0.003 -22"><span class='ocrx_word' id='word_1_721' title='bbox 211 4766 274 4819; x_wconf 86' lang='grc' dir='ltr'>δὲ</span> <span class='ocrx_word' id='word_1_722' title='bbox 301 4765 412 4820; x_wconf 89' lang='grc' dir='ltr'><strong>τῶν</strong></span> <span class='ocrx_word' id='word_1_723' title='bbox 437 4767 644 4836; x_wconf 84' lang='grc' dir='ltr'>νεκρῶν</span> <span class='ocrx_word' id='word_1_724' title='bbox 677 4767 738 4820; x_wconf 80' lang='grc' dir='ltr'><strong>οὐ</strong></span> <span class='ocrx_word' id='word_1_725' title='bbox 760 4766 1010 4835; x_wconf 86' lang='grc' dir='ltr'>λέγουσιν</span> <span class='ocrx_word' id='word_1_726' title='bbox 1039 4765 1278 4821; x_wconf 71' lang='grc' dir='ltr'>ἔσεσθαι.</span> <span class='ocrx_word' id='word_1_727' title='bbox 1309 4767 1420 4820; x_wconf 73' lang='grc' dir='ltr'><strong>Καὶ</strong></span> <span class='ocrx_word' id='word_1_728' title='bbox 1449 4768 1632 4840; x_wconf 82' lang='grc' dir='ltr'>ὁρᾶτε,</span> <span class='ocrx_word' id='word_1_729' title='bbox 1652 4769 1806 4823; x_wconf 86' lang='grc' dir='ltr'>ἀδελ-</span> 
     </span>
    </p>
   </div>
   <div class='ocr_carea' id='block_1_98' title="bbox 1921 4757 3508 4843">
    <p class='ocr_par' dir='ltr' id='par_1_98' title="bbox 1921 4757 3508 4842">
     <span class='ocr_line' id='line_1_98' title="bbox 1921 4757 3508 4842; baseline -0.011 -17"><span class='ocrx_word' id='word_1_730' title='bbox 1921 4772 2023 4842; x_wconf 85' lang='lat' dir='ltr'><strong>iam</strong></span> <span class='ocrx_word' id='word_1_731' title='bbox 2049 4769 2319 4834; x_wconf 88' lang='lat' dir='ltr'><strong>dicerent,</strong></span> <span class='ocrx_word' id='word_1_732' title='bbox 2354 4765 2465 4820; x_wconf 91' lang='lat' dir='ltr'><strong>illis</strong></span> <span class='ocrx_word' id='word_1_733' title='bbox 2515 4763 2653 4835; x_wconf 89' lang='lat' dir='ltr'><strong>ipsis</strong></span> <span class='ocrx_word' id='word_1_734' title='bbox 2704 4759 3079 4834; x_wconf 84' lang='lat' dir='ltr'><strong>producendis</strong></span> <span class='ocrx_word' id='word_1_735' title='bbox 3122 4757 3332 4822; x_wconf 88' lang='lat' dir='ltr'><strong>liberis,</strong></span> <span class='ocrx_word' id='word_1_736' title='bbox 3358 4767 3508 4825; x_wconf 80' lang='lat' dir='ltr'><strong>quos</strong></span> 
     </span>
    </p>
   </div>
   <div class='ocr_carea' id='block_1_99' title="bbox 214 4850 1811 4938">
    <p class='ocr_par' dir='ltr' id='par_1_99' title="bbox 214 4856 1804 4932">
     <span class='ocr_line' id='line_1_99' title="bbox 214 4856 1804 4932; baseline 0.004 -22"><span class='ocrx_word' id='word_1_737' title='bbox 214 4858 328 4926; x_wconf 67' lang='grc' dir='ltr'>φοί,</span> <span class='ocrx_word' id='word_1_738' title='bbox 375 4857 468 4910; x_wconf 91' lang='grc' dir='ltr'><strong>τὸν</strong></span> <span class='ocrx_word' id='word_1_739' title='bbox 500 4858 822 4930; x_wconf 83' lang='grc' dir='ltr'>χαρακτῆρα</span> <span class='ocrx_word' id='word_1_740' title='bbox 865 4858 963 4928; x_wconf 85' lang='grc' dir='ltr'><strong>τῆς</strong></span> <span class='ocrx_word' id='word_1_741' title='bbox 998 4856 1276 4928; x_wconf 82' lang='grc' dir='ltr'>ἀληθείας,</span> <span class='ocrx_word' id='word_1_742' title='bbox 1316 4859 1410 4912; x_wconf 78' lang='grc' dir='ltr'><strong>καὶ</strong></span> <span class='ocrx_word' id='word_1_743' title='bbox 1458 4860 1549 4914; x_wconf 89' lang='grc' dir='ltr'><strong>τὸν</strong></span> <span class='ocrx_word' id='word_1_744' title='bbox 1582 4861 1804 4932; x_wconf 72' lang='grc' dir='ltr'>ἔλεγχον</span> 
     </span>
    </p>
   </div>
   <div class='ocr_carea' id='block_1_100' title="bbox 1921 4850 3507 4938">
    <p class='ocr_par' dir='ltr' id='par_1_100' title="bbox 1921 4850 3507 4937">
     <span class='ocr_line' id='line_1_100' title="bbox 1921 4850 3507 4937; baseline -0.014 -17"><span class='ocrx_word' id='word_1_745' title='bbox 1921 4871 2207 4937; x_wconf 90' lang='lat' dir='ltr'><strong>parentum</strong></span> <span class='ocrx_word' id='word_1_746' title='bbox 2246 4860 2483 4931; x_wconf 90' lang='lat' dir='ltr'><strong>quisque</strong></span> <span class='ocrx_word' id='word_1_747' title='bbox 2511 4855 2824 4928; x_wconf 84' lang='lat' dir='ltr'><strong>genuisset;</strong></span> <span class='ocrx_word' id='word_1_748' title='bbox 2883 4867 2987 4908; x_wconf 89' lang='lat' dir='ltr'><strong>nec</strong></span> <span class='ocrx_word' id='word_1_749' title='bbox 3047 4850 3214 4905; x_wconf 86' lang='lat' dir='ltr'><strong>aliam</strong></span> <span class='ocrx_word' id='word_1_750' title='bbox 3249 4856 3507 4902; x_wconf 52' lang='lat' dir='ltr'><strong>mortuou</strong></span> 
     </span>
    </p>
   </div>
   <div class='ocr_carea' id='block_1_101' title="bbox 212 4939 1811 5022">
    <p class='ocr_par' dir='ltr' id='par_1_101' title="bbox 212 4947 1750 5022">
     <span class='ocr_line' id='line_1_101' title="bbox 212 4947 1750 5022; baseline 0.005 -20"><span class='ocrx_word' id='word_1_751' title='bbox 212 4948 312 5020; x_wconf 82' lang='grc' dir='ltr'>τῆς</span> <span class='ocrx_word' id='word_1_752' title='bbox 337 4947 539 5003; x_wconf 86' lang='grc' dir='ltr'>τούτων</span> <span class='ocrx_word' id='word_1_753' title='bbox 565 4951 931 5022; x_wconf 88' lang='grc' dir='ltr'>παρανομίας.</span> <span class='ocrx_word' id='word_1_754' title='bbox 1738 4984 1750 4994; x_wconf 86' lang='lat'><strong>-</strong></span> 
     </span>
    </p>
   </div>
   <div class='ocr_carea' id='block_1_102' title="bbox 1921 4939 3510 5022">
    <p class='ocr_par' dir='ltr' id='par_1_102' title="bbox 1921 4939 3510 5022">
     <span class='ocr_line' id='line_1_102' title="bbox 1921 4939 3510 5022; baseline -0.014 -8"><span class='ocrx_word' id='word_1_755' title='bbox 1921 4974 2037 5015; x_wconf 89' lang='lat' dir='ltr'><strong>rum</strong></span> <span class='ocrx_word' id='word_1_756' title='bbox 2067 4950 2496 5022; x_wconf 79' lang='lat' dir='ltr'><strong>exspectandam</strong></span> <span class='ocrx_word' id='word_1_757' title='bbox 2521 4963 2647 5003; x_wconf 89' lang='lat' dir='ltr'><strong>esse</strong></span> <span class='ocrx_word' id='word_1_758' title='bbox 2679 4939 3288 5002; x_wconf 54' lang='lat' dir='ltr'><strong>resurrectionemﬂos</strong></span> <span class='ocrx_word' id='word_1_759' title='bbox 3312 4947 3510 4992; x_wconf 48' lang='lat' dir='ltr'><strong>autem:</strong></span> 
     </span>
    </p>
   </div>
   <div class='ocr_carea' id='block_1_103' title="bbox 214 5033 3531 5126">
    <p class='ocr_par' dir='ltr' id='par_1_103' title="bbox 214 5033 3531 5126">
     <span class='ocr_line' id='line_1_103' title="bbox 214 5033 3531 5126; baseline -0.004 -28"><span class='ocrx_word' id='word_1_760' title='bbox 214 5059 426 5114; x_wconf 71' lang='lat' dir='ltr'><strong>quaaso,</strong></span> <span class='ocrx_word' id='word_1_761' title='bbox 460 5043 680 5110; x_wconf 79' lang='lat' dir='ltr'><strong>fratres,</strong></span> <span class='ocrx_word' id='word_1_762' title='bbox 712 5045 1153 5116; x_wconf 87' lang='lat' dir='ltr'><strong>animadvertite,</strong></span> <span class='ocrx_word' id='word_1_763' title='bbox 1200 5047 1512 5120; x_wconf 86' lang='lat' dir='ltr'><strong>cujusmodi</strong></span> <span class='ocrx_word' id='word_1_764' title='bbox 1570 5055 1793 5126; x_wconf 89' lang='lat' dir='ltr'><strong>propria</strong></span> <span class='ocrx_word' id='word_1_765' title='bbox 1823 5058 1896 5116; x_wconf 92' lang='lat' dir='ltr'><strong>sit</strong></span> <span class='ocrx_word' id='word_1_766' title='bbox 1921 5051 2181 5113; x_wconf 83' lang='lat' dir='ltr'><strong>veritatis</strong></span> <span class='ocrx_word' id='word_1_767' title='bbox 2236 5057 2390 5112; x_wconf 89' lang='lat' dir='ltr'><strong>nota,</strong></span> <span class='ocrx_word' id='word_1_768' title='bbox 2442 5053 2496 5100; x_wconf 91' lang='lat' dir='ltr'><strong>et</strong></span> <span class='ocrx_word' id='word_1_769' title='bbox 2526 5043 2600 5098; x_wconf 84' lang='lat' dir='ltr'><strong>ad</strong></span> <span class='ocrx_word' id='word_1_770' title='bbox 2633 5042 2854 5099; x_wconf 85' lang='lat' dir='ltr'><strong>illorum</strong></span> <span class='ocrx_word' id='word_1_771' title='bbox 2899 5034 3338 5095; x_wconf 69' lang='lat' dir='ltr'><strong>convincendum</strong></span> <span class='ocrx_word' id='word_1_772' title='bbox 3389 5033 3531 5090; x_wconf 57' lang='lat' dir='ltr'><strong>im-r</strong></span> 
     </span>
    </p>
   </div>
   <div class='ocr_carea' id='block_1_104' title="bbox 217 5136 2162 5208">
    <p class='ocr_par' dir='ltr' id='par_1_104' title="bbox 217 5136 2162 5208">
     <span class='ocr_line' id='line_1_104' title="bbox 217 5136 2162 5208; baseline 0.006 -17"><span class='ocrx_word' id='word_1_773' title='bbox 217 5136 544 5208; x_wconf 85' lang='lat' dir='ltr'><strong>probitatem</strong></span> <span class='ocrx_word' id='word_1_774' title='bbox 568 5146 716 5193; x_wconf 90' lang='lat' dir='ltr'><strong>certa</strong></span> <span class='ocrx_word' id='word_1_775' title='bbox 746 5139 904 5196; x_wconf 88' lang='lat' dir='ltr'><strong>ratio.</strong></span> <span class='ocrx_word' id='word_1_776' title='bbox 2156 5163 2162 5168; x_wconf 70' lang='grc'><em>’</em></span> 
     </span>
    </p>
   </div>
   <div class='ocr_carea' id='block_1_105' title="bbox 297 5245 1811 5342">
    <p class='ocr_par' dir='ltr' id='par_1_105' title="bbox 297 5257 1804 5342">
     <span class='ocr_line' id='line_1_105' title="bbox 297 5257 1804 5342; baseline 0.012 -34"><span class='ocrx_word' id='word_1_777' title='bbox 297 5257 700 5330; x_wconf 74' lang='grc' dir='ltr'>Ὑπολαμϐάνω</span> <span class='ocrx_word' id='word_1_778' title='bbox 719 5260 776 5314; x_wconf 85' lang='grc' dir='ltr'>δὲ</span> <span class='ocrx_word' id='word_1_779' title='bbox 797 5261 894 5315; x_wconf 72' lang='grc' dir='ltr'>καὶ</span> <span class='ocrx_word' id='word_1_780' title='bbox 917 5260 1048 5333; x_wconf 76' lang='grc' dir='ltr'>περὶ</span> <span class='ocrx_word' id='word_1_781' title='bbox 1073 5259 1277 5317; x_wconf 77' lang='grc' dir='ltr'>τούτων</span> <span class='ocrx_word' id='word_1_782' title='bbox 1301 5263 1503 5331; x_wconf 78' lang='grc' dir='ltr'>ἱκανῶς</span> <span class='ocrx_word' id='word_1_783' title='bbox 1531 5261 1804 5342; x_wconf 68' lang='grc' dir='ltr'>εἰρῆσθαι.</span> 
     </span>
    </p>
   </div>
   <div class='ocr_carea' id='block_1_106' title="bbox 1921 5245 3496 5342">
    <p class='ocr_par' dir='ltr' id='par_1_106' title="bbox 1982 5245 3496 5336">
     <span class='ocr_line' id='line_1_106' title="bbox 1982 5245 3496 5336; baseline -0.015 -17"><span class='ocrx_word' id='word_1_784' title='bbox 1982 5261 2252 5336; x_wconf 89' lang='lat' dir='ltr'><strong>Equidem</strong></span> <span class='ocrx_word' id='word_1_785' title='bbox 2290 5258 2425 5315; x_wconf 87' lang='lat' dir='ltr'><strong>satis</strong></span> <span class='ocrx_word' id='word_1_786' title='bbox 2449 5270 2730 5327; x_wconf 87' lang='lat' dir='ltr'><strong>superque</strong></span> <span class='ocrx_word' id='word_1_787' title='bbox 2779 5251 3043 5307; x_wconf 87' lang='lat' dir='ltr'><strong>adversus</strong></span> <span class='ocrx_word' id='word_1_788' title='bbox 3089 5247 3215 5302; x_wconf 88' lang='lat' dir='ltr'><strong>illos</strong></span> <span class='ocrx_word' id='word_1_789' title='bbox 3243 5245 3496 5316; x_wconf 79' lang='lat' dir='ltr'><strong>diSputa-</strong></span> 
     </span>
    </p>
   </div>
   <div class='ocr_carea' id='block_1_107' title="bbox 215 5342 1811 5432">
    <p class='ocr_par' dir='ltr' id='par_1_107' title="bbox 215 5345 1808 5432">
     <span class='ocr_line' id='line_1_107' title="bbox 215 5345 1808 5432; baseline 0.011 -34"><span class='ocrx_word' id='word_1_790' title='bbox 215 5345 383 5399; x_wconf 84' lang='grc' dir='ltr'>Ὅθεν</span> <span class='ocrx_word' id='word_1_791' title='bbox 414 5346 619 5418; x_wconf 85' lang='grc' dir='ltr'>ταύτην</span> <span class='ocrx_word' id='word_1_792' title='bbox 655 5350 1000 5421; x_wconf 88' lang='grc' dir='ltr'>παραλιπὼν,</span> <span class='ocrx_word' id='word_1_793' title='bbox 1033 5353 1127 5406; x_wconf 75' lang='grc' dir='ltr'><strong>ἐπὶ</strong></span> <span class='ocrx_word' id='word_1_794' title='bbox 1158 5357 1256 5418; x_wconf 88' lang='grc' dir='ltr'><strong>τάς</strong></span> <span class='ocrx_word' id='word_1_795' title='bbox 1285 5355 1413 5426; x_wconf 80' lang='grc' dir='ltr'>ἑξῆς</span> <span class='ocrx_word' id='word_1_796' title='bbox 1450 5359 1550 5429; x_wconf 82' lang='grc' dir='ltr'>τὴν</span> <span class='ocrx_word' id='word_1_797' title='bbox 1581 5361 1808 5432; x_wconf 83' lang='grc' dir='ltr'>πορείαν</span> 
     </span>
    </p>
   </div>
   <div class='ocr_carea' id='block_1_108' title="bbox 1921 5342 3498 5432">
    <p class='ocr_par' dir='ltr' id='par_1_108' title="bbox 1921 5342 3498 5422">
     <span class='ocr_line' id='line_1_108' title="bbox 1921 5342 3498 5422; baseline -0.011 -10"><span class='ocrx_word' id='word_1_798' title='bbox 1921 5373 2022 5412; x_wconf 78' lang='lat' dir='ltr'><strong>;um</strong></span> <span class='ocrx_word' id='word_1_799' title='bbox 2066 5372 2096 5410; x_wconf 92' lang='lat' dir='ltr'><strong>a</strong></span> <span class='ocrx_word' id='word_1_800' title='bbox 2155 5369 2243 5409; x_wconf 90' lang='lat' dir='ltr'><strong>me</strong></span> <span class='ocrx_word' id='word_1_801' title='bbox 2270 5368 2393 5409; x_wconf 89' lang='lat' dir='ltr'><strong>esse</strong></span> <span class='ocrx_word' id='word_1_802' title='bbox 2415 5350 2624 5422; x_wconf 90' lang='lat' dir='ltr'><strong>judico.</strong></span> <span class='ocrx_word' id='word_1_803' title='bbox 2659 5349 2840 5414; x_wconf 84' lang='lat' dir='ltr'><strong>Quare</strong></span> <span class='ocrx_word' id='word_1_804' title='bbox 2869 5345 2973 5399; x_wconf 89' lang='lat' dir='ltr'><strong>hac</strong></span> <span class='ocrx_word' id='word_1_805' title='bbox 3003 5344 3209 5398; x_wconf 89' lang='lat' dir='ltr'><strong>omissa</strong></span> <span class='ocrx_word' id='word_1_806' title='bbox 3253 5342 3498 5412; x_wconf 86' lang='lat' dir='ltr'><strong>reliquas</strong></span> 
     </span>
    </p>
   </div>
   <div class='ocr_carea' id='block_1_109' title="bbox 214 5436 1811 5522">
    <p class='ocr_par' dir='ltr' id='par_1_109' title="bbox 214 5440 1807 5518">
     <span class='ocr_line' id='line_1_109' title="bbox 214 5440 1807 5518; baseline 0.009 -26"><span class='ocrx_word' id='word_1_807' title='bbox 214 5440 539 5510; x_wconf 87' lang='grc' dir='ltr'>ποιήσομαι,</span> <span class='ocrx_word' id='word_1_808' title='bbox 561 5441 737 5495; x_wconf 80' lang='grc' dir='ltr'>ἐκεῖνο</span> <span class='ocrx_word' id='word_1_809' title='bbox 759 5443 919 5513; x_wconf 89' lang='grc' dir='ltr'>μόνον</span> <span class='ocrx_word' id='word_1_810' title='bbox 941 5444 1132 5512; x_wconf 73' lang='grc' dir='ltr'>εἰπὼν,</span> <span class='ocrx_word' id='word_1_811' title='bbox 1158 5447 1234 5512; x_wconf 86' lang='grc' dir='ltr'><strong>ὡς</strong></span> <span class='ocrx_word' id='word_1_812' title='bbox 1255 5447 1396 5502; x_wconf 80' lang='grc' dir='ltr'>πάνυ</span> <span class='ocrx_word' id='word_1_813' title='bbox 1422 5449 1672 5518; x_wconf 78' lang='grc' dir='ltr'>φαίνεται</span> <span class='ocrx_word' id='word_1_814' title='bbox 1703 5453 1807 5508; x_wconf 80' lang='grc' dir='ltr'>ἐοι-</span> 
     </span>
    </p>
   </div>
   <div class='ocr_carea' id='block_1_110' title="bbox 1921 5436 3497 5522">
    <p class='ocr_par' dir='ltr' id='par_1_110' title="bbox 1921 5436 3497 5521">
     <span class='ocr_line' id='line_1_110' title="bbox 1921 5436 3497 5521; baseline -0.01 -15"><span class='ocrx_word' id='word_1_815' title='bbox 1921 5464 2231 5521; x_wconf 71' lang='lat' dir='ltr'><strong>persequar,</strong></span> <span class='ocrx_word' id='word_1_816' title='bbox 2261 5453 2316 5502; x_wconf 89' lang='lat' dir='ltr'><strong>et</strong></span> <span class='ocrx_word' id='word_1_817' title='bbox 2358 5444 2412 5500; x_wconf 92' lang='lat' dir='ltr'><strong>id</strong></span> <span class='ocrx_word' id='word_1_818' title='bbox 2438 5459 2608 5498; x_wconf 92' lang='lat' dir='ltr'><strong>unum</strong></span> <span class='ocrx_word' id='word_1_819' title='bbox 2631 5449 2893 5505; x_wconf 78' lang='lat' dir='ltr'><strong>attexam,</strong></span> <span class='ocrx_word' id='word_1_820' title='bbox 2919 5438 3068 5492; x_wconf 90' lang='lat' dir='ltr'><strong>illam</strong></span> <span class='ocrx_word' id='word_1_821' title='bbox 3103 5436 3236 5491; x_wconf 86' lang='lat' dir='ltr'><strong>mihi</strong></span> <span class='ocrx_word' id='word_1_822' title='bbox 3263 5436 3497 5492; x_wconf 63' lang='lat' dir='ltr'><strong>haeresin</strong></span> 
     </span>
    </p>
   </div>
   <div class='ocr_carea' id='block_1_111' title="bbox 214 5527 1811 5612">
    <p class='ocr_par' dir='ltr' id='par_1_111' title="bbox 214 5529 1807 5612">
     <span class='ocr_line' id='line_1_111' title="bbox 214 5529 1807 5612; baseline 0.007 -28"><span class='ocrx_word' id='word_1_823' title='bbox 214 5531 346 5584; x_wconf 83' lang='grc' dir='ltr'>κυία</span> <span class='ocrx_word' id='word_1_824' title='bbox 379 5529 518 5600; x_wconf 77' lang='grc' dir='ltr'>αὕτη</span> <span class='ocrx_word' id='word_1_825' title='bbox 541 5531 629 5585; x_wconf 78' lang='grc' dir='ltr'>διὰ</span> <span class='ocrx_word' id='word_1_826' title='bbox 650 5535 750 5607; x_wconf 84' lang='grc' dir='ltr'>τῆς</span> <span class='ocrx_word' id='word_1_827' title='bbox 772 5534 1018 5590; x_wconf 87' lang='grc' dir='ltr'>πολυωνύ</span> <span class='ocrx_word' id='word_1_828' title='bbox 1027 5554 1128 5608; x_wconf 87' lang='grc' dir='ltr'><strong>μου</strong></span> <span class='ocrx_word' id='word_1_829' title='bbox 1155 5538 1482 5611; x_wconf 84' lang='grc' dir='ltr'>ἀρχοντικῆς</span> <span class='ocrx_word' id='word_1_830' title='bbox 1510 5541 1807 5612; x_wconf 85' lang='grc' dir='ltr'>ὀνομασίας</span> 
     </span>
    </p>
   </div>
   <div class='ocr_carea' id='block_1_112' title="bbox 1921 5527 3498 5612">
    <p class='ocr_par' dir='ltr' id='par_1_112' title="bbox 1921 5527 3498 5608">
     <span class='ocr_line' id='line_1_112' title="bbox 1921 5527 3498 5608; baseline -0.009 -12"><span class='ocrx_word' id='word_1_831' title='bbox 1921 5543 1978 5598; x_wconf 81' lang='lat' dir='ltr'><strong>)b</strong></span> <span class='ocrx_word' id='word_1_832' title='bbox 2013 5538 2372 5608; x_wconf 90' lang='lat' dir='ltr'><strong>multiplicem</strong></span> <span class='ocrx_word' id='word_1_833' title='bbox 2402 5534 2854 5590; x_wconf 88' lang='lat' dir='ltr'><strong>archonticorum</strong></span> <span class='ocrx_word' id='word_1_834' title='bbox 2879 5529 3301 5600; x_wconf 87' lang='lat' dir='ltr'><strong>appellationem</strong></span> <span class='ocrx_word' id='word_1_835' title='bbox 3328 5527 3498 5582; x_wconf 71' lang='lat' dir='ltr'><strong>varia:</strong></span> 
     </span>
    </p>
   </div>
   <div class='ocr_carea' id='block_1_113' title="bbox 216 5620 1811 5705">
    <p class='ocr_par' dir='ltr' id='par_1_113' title="bbox 216 5623 1805 5705">
     <span class='ocr_line' id='line_1_113' title="bbox 216 5623 1805 5705; baseline 0.008 -29"><span class='ocrx_word' id='word_1_836' title='bbox 216 5627 280 5695; x_wconf 82' lang='grc' dir='ltr'>τῇ</span> <span class='ocrx_word' id='word_1_837' title='bbox 340 5623 664 5698; x_wconf 85' lang='grc' dir='ltr'>πολυπλόκῳ</span> <span class='ocrx_word' id='word_1_838' title='bbox 707 5628 987 5702; x_wconf 83' lang='grc' dir='ltr'>έρπετώδῃ</span> <span class='ocrx_word' id='word_1_839' title='bbox 1037 5629 1355 5705; x_wconf 74' lang='grc' dir='ltr'>κακοηθείᾳ.</span> <span class='ocrx_word' id='word_1_840' title='bbox 1423 5632 1637 5703; x_wconf 88' lang='grc' dir='ltr'>Τρόπον</span> <span class='ocrx_word' id='word_1_841' title='bbox 1697 5635 1805 5705; x_wconf 83' lang='grc' dir='ltr'><strong>γάρ</strong></span> 
     </span>
    </p>
   </div>
   <div class='ocr_carea' id='block_1_114' title="bbox 1921 5620 3501 5705">
    <p class='ocr_par' dir='ltr' id='par_1_114' title="bbox 1921 5620 3501 5704">
     <span class='ocr_line' id='line_1_114' title="bbox 1921 5620 3501 5704; baseline -0.01 -16"><span class='ocrx_word' id='word_1_842' title='bbox 1921 5648 1973 5690; x_wconf 79' lang='grc' dir='ltr'><strong>ιο</strong></span> <span class='ocrx_word' id='word_1_843' title='bbox 2008 5631 2280 5704; x_wconf 77' lang='lat' dir='ltr'><strong>perplexa:</strong></span> <span class='ocrx_word' id='word_1_844' title='bbox 2319 5637 2636 5700; x_wconf 85' lang='lat' dir='ltr'><strong>serpentum</strong></span> <span class='ocrx_word' id='word_1_845' title='bbox 2692 5623 3030 5697; x_wconf 79' lang='lat' dir='ltr'><strong>improbitati</strong></span> <span class='ocrx_word' id='word_1_846' title='bbox 3078 5637 3242 5694; x_wconf 89' lang='lat' dir='ltr'><strong>quam</strong></span> <span class='ocrx_word' id='word_1_847' title='bbox 3283 5620 3501 5677; x_wconf 83' lang='lat' dir='ltr'><strong>similli-</strong></span> 
     </span>
    </p>
   </div>
   <div class='ocr_carea' id='block_1_115' title="bbox 292 5779 1811 5859">
    <p class='ocr_par' dir='ltr' id='par_1_115' title="bbox 292 5782 1737 5859">
     <span class='ocr_line' id='line_1_115' title="bbox 292 5782 1737 5859; baseline 0.008 -22"><span class='ocrx_word' id='word_1_848' title='bbox 292 5787 315 5859; x_wconf 80' lang='lat'><strong>&#39;_</strong></span> <span class='ocrx_word' id='word_1_849' title='bbox 343 5782 530 5859; x_wconf 85' lang='lat' dir='ltr'><strong>l_l_Cor.</strong></span> <span class='ocrx_word' id='word_1_850' title='bbox 564 5801 600 5848; x_wconf 87' lang='lat' dir='ltr'><strong>I,</strong></span> <span class='ocrx_word' id='word_1_851' title='bbox 631 5787 685 5841; x_wconf 78' lang='grc'><strong>5.</strong></span> <span class='ocrx_word' id='word_1_852' title='bbox 763 5786 999 5859; x_wconf 63' lang='lat' dir='ltr'><strong>&#39;lilatlh.</strong></span> <span class='ocrx_word' id='word_1_853' title='bbox 1037 5805 1112 5850; x_wconf 77' lang='lat' dir='ltr'><strong>xi,</strong></span> <span class='ocrx_word' id='word_1_854' title='bbox 1141 5789 1228 5842; x_wconf 61' lang='lat'><strong>“23.</strong></span> <span class='ocrx_word' id='word_1_855' title='bbox 1303 5791 1321 5821; x_wconf 82' lang='grc'>³</span> <span class='ocrx_word' id='word_1_856' title='bbox 1344 5788 1503 5843; x_wconf 87' lang='lat' dir='ltr'><strong>Joan.</strong></span> <span class='ocrx_word' id='word_1_857' title='bbox 1536 5805 1618 5855; x_wconf 85' lang='grc' dir='ltr'>ιιι,</span> <span class='ocrx_word' id='word_1_858' title='bbox 1654 5794 1737 5847; x_wconf 78' lang='lat' dir='ltr'><strong>l9.</strong></span> 
     </span>
    </p>
   </div>
   <div class='ocr_carea' id='block_1_116' title="bbox 1921 5779 3491 5859">
    <p class='ocr_par' dir='ltr' id='par_1_116' title="bbox 1927 5779 3491 5859">
     <span class='ocr_line' id='line_1_116' title="bbox 1927 5779 3491 5859; baseline -0.01 -11"><span class='ocrx_word' id='word_1_859' title='bbox 1927 5793 2067 5848; x_wconf 89' lang='lat' dir='ltr'><strong>Tim.</strong></span> <span class='ocrx_word' id='word_1_860' title='bbox 2103 5809 2182 5859; x_wconf 86' lang='grc' dir='ltr'>ιιι,</span> <span class='ocrx_word' id='word_1_861' title='bbox 2214 5791 2300 5848; x_wconf 77' lang='grc'><strong>15.</strong></span> <span class='ocrx_word' id='word_1_862' title='bbox 2398 5793 2418 5826; x_wconf 83' lang='grc'><strong><em>⁵</em></strong></span> <span class='ocrx_word' id='word_1_863' title='bbox 2455 5787 2499 5844; x_wconf 86' lang='lat' dir='ltr'><strong>Il</strong></span> <span class='ocrx_word' id='word_1_864' title='bbox 2568 5787 2728 5843; x_wconf 86' lang='lat' dir='ltr'><strong>Tim.’</strong></span> <span class='ocrx_word' id='word_1_865' title='bbox 2760 5803 2835 5854; x_wconf 80' lang='lat' dir='ltr'><strong>iv,</strong></span> <span class='ocrx_word' id='word_1_866' title='bbox 2888 5787 2972 5841; x_wconf 66' lang='lat' dir='ltr'><strong>t.‘</strong></span> <span class='ocrx_word' id='word_1_867' title='bbox 3049 5786 3111 5838; x_wconf 78' lang='lat' dir='ltr'><strong>‘l</strong></span> <span class='ocrx_word' id='word_1_868' title='bbox 3146 5783 3288 5838; x_wconf 88' lang='lat' dir='ltr'><strong>Tim.</strong></span> <span class='ocrx_word' id='word_1_869' title='bbox 3350 5797 3389 5845; x_wconf 82' lang='grc' dir='ltr'><strong>ι,</strong></span> <span class='ocrx_word' id='word_1_870' title='bbox 3439 5779 3491 5832; x_wconf 90' lang='lat'><strong>7.</strong></span> 
     </span>
    </p>
   </div>
   <div class='ocr_carea' id='block_1_117' title="bbox 219 5853 1716 5930">
    <p class='ocr_par' dir='ltr' id='par_1_117' title="bbox 219 5853 1716 5930">
     <span class='ocr_line' id='line_1_117' title="bbox 219 5853 1716 5930; baseline 0.007 -21"><span class='ocrx_word' id='word_1_871' title='bbox 219 5859 239 5892; x_wconf 72' lang='grc'><strong>⁷</strong></span> <span class='ocrx_word' id='word_1_872' title='bbox 271 5855 320 5915; x_wconf 87' lang='grc' dir='ltr'><strong>ιι</strong></span> <span class='ocrx_word' id='word_1_873' title='bbox 351 5853 491 5910; x_wconf 86' lang='lat' dir='ltr'><strong>Tim.</strong></span> <span class='ocrx_word' id='word_1_874' title='bbox 532 5860 686 5920; x_wconf 73' lang='lat'><strong>1,15.</strong></span> <span class='ocrx_word' id='word_1_875' title='bbox 763 5859 781 5891; x_wconf 80' lang='grc'>⁸</span> <span class='ocrx_word' id='word_1_876' title='bbox 813 5858 853 5913; x_wconf 87' lang='lat' dir='ltr'><strong>ll</strong></span> <span class='ocrx_word' id='word_1_877' title='bbox 884 5857 1022 5916; x_wconf 84' lang='lat' dir='ltr'><strong>Tim.</strong></span> <span class='ocrx_word' id='word_1_878' title='bbox 1049 5877 1109 5926; x_wconf 87' lang='grc' dir='ltr'><strong>ιι,</strong></span> <span class='ocrx_word' id='word_1_879' title='bbox 1145 5861 1231 5915; x_wconf 82' lang='lat' dir='ltr'><strong>l7.</strong></span> <span class='ocrx_word' id='word_1_880' title='bbox 1309 5863 1327 5894; x_wconf 84' lang='grc'><strong>⁹</strong></span> <span class='ocrx_word' id='word_1_881' title='bbox 1363 5860 1383 5912; x_wconf 90' lang='grc' dir='ltr'><strong>ι</strong></span> <span class='ocrx_word' id='word_1_882' title='bbox 1416 5859 1559 5915; x_wconf 89' lang='lat' dir='ltr'><strong>Tim.</strong></span> <span class='ocrx_word' id='word_1_883' title='bbox 1593 5853 1633 5930; x_wconf 64' lang='grc' dir='ltr'>ι’,</span> <span class='ocrx_word' id='word_1_884' title='bbox 1663 5865 1716 5920; x_wconf 79' lang='grc'><strong>4.</strong></span> 
     </span>
    </p>
   </div>
  </div>
