3934 6442
485 349 576 414 691
684 394 688 398 ι
1889 353 1947 409 S.
1989 352 2038 408 Ei

2159 352 2360 417 liANlls
3627 345 3712 404 ειη

483 483 623 522 mam
650 467 846 531 videri.
895 467 1093 525 Nescio
1125 468 1270 524 enim
1325 483 1436 540 quo
1463 478 1628 542 pacto
1668 471 1753 527 sic
1795 479 2036 543 tanquan

2173 493 2294 532 τινα
2323 479 2388 532 ἐκ
2418 474 2629 533 πολλῶν
2665 472 2910 548 ἑρπετῶν
2945 471 3146 544 ἀναμὶξ
3182 470 3279 542 τῆς
3305 467 3512 524 ἑαυτῶν
3536 467 3715 541 πλάνης

484 561 673 616 multis
703 576 769 616 ex
798 561 1069 632 anguibus
1085 559 1334 618 confusis
1351 563 1407 618 in
1433 579 1605 619 unum
1630 579 1694 620 ac
1709 565 2037 636 promiscuis

2176 567 2496 641 συνηγμένη
2541 566 2688 620 ἐστὶν
2723 568 2757 637 ή
2803 564 3007 620 ίοὸολία
3030 580 3045 594 ·
3093 556 3203 616 οἷον
3251 561 3312 614 τδ
3357 558 3526 631 θρασὺ
3552 559 3718 629 ἔχουσα

487 651 732 722 pestiferi
770 653 920 709 illius
953 654 1163 710 erroris
1193 670 1404 711 venena
1442 657 1682 713 conﬂata
1719 666 1871 715 sunt.
1907 657 1978 714 Ut
2008 659 2040 713 ii

2169 660 2264 716 τοῦ
2289 660 2604 733 δράκοντος,
2625 659 2690 713 τὸ
2711 657 2928 732 δολερὸν
2958 655 3054 712 τοῦ
3075 645 3333 727 φυσάλου,
3365 653 3463 724 τὴν
3494 653 3719 707 ἀνθέλκο-

487 745 594 800 illis
623 747 820 816 partim
851 746 1110 804 draconis
1158 748 1293 804 insit
1337 749 1596 817 audacia,
1628 751 1829 823 partim
1854 752 2040 825 physal

2174 771 2258 809 σιν
2289 756 2388 827 τῆς
2417 753 2588 825 πνοῆς
2615 750 2709 806 τοῦ
2737 751 3016 823 βαίτωνος,
3041 750 3104 803 τὸ
3131 746 3333 820 γαῦρον
3354 746 3448 800 τοῦ
3480 746 3717 809 ἀκοντίου,

492 837 778 901 calliditas,
813 839 1010 907 partim
1052 837 1285 909 spiritus
1311 855 1433 911 quae
1471 849 1556 896 est
1585 842 1640 898 in
1685 843 1901 898 baatone
1931 860 2045 916 sup

2169 847 2230 902 τὺ
2271 848 2540 920 προπετὲς
2568 845 2663 901 τοῦ
2703 845 3049 918 ὀστρακίτου.
3101 841 3314 895 Τούτων
3334 839 3393 893 δέ
3416 838 3620 894 πάντων
3638 838 3719 909 τὴν

487 927 720 997 pressio,
755 929 953 998 partim
986 931 1218 986 acontias
1267 932 1507 1004 agilitas,
1543 933 1742 1005 partim
1790 937 2040 991 ostracita

2173 939 2417 1010 κεφαλὴν
2451 938 2936 1010 καταπατήσαντες
2963 938 3032 1010 τῇ
3057 934 3157 1006 τῆς
3188 932 3442 1005 ἀληθείας
3477 929 3718 992 ὑποθέσει,

487 1033 657 1088 prona
687 1019 995 1076 lubricitas.
1037 1019 1288 1087 Quorum
1319 1023 1566 1078 omnium
1597 1025 1738 1081 eliso
1764 1027 1964 1097 capite,
2004 1043 2040 1082 at

2171 1032 2266 1085 ἐπὶ
2289 1031 2392 1094 τάς
2436 1030 2628 1094 λοιπάς
2665 1028 2986 1099 διέλθωμεν,
3024 1025 3367 1096 ἐπιπόθητοι,
3389 1021 3486 1092 τὴν
3518 1023 3721 1093 ἑκάστης

488 1105 736 1163 veritatis
779 1107 1030 1164 doctrina
1076 1111 1343 1177 contrito,
1389 1113 1455 1168 ad
1516 1114 1763 1186 reliquas
1804 1118 2040 1172 transibi

1815 1118 2063 1172 transibi-
2173 1123 2381 1194 πλάνην
2407 1122 2754 1192 ἀποκαλύψαι
2783 1122 2841 1174 ἐν
2869 1118 2988 1191 Θεῷ
3016 1117 3368 1191 πειρώμενοι.

487 1211 630 1260 mus,
657 1211 720 1252 ac
744 1198 1085 1269 singularum
1123 1200 1418 1258 falsitatem
1453 1218 1683 1276 arguere
1721 1203 1837 1263 Deo
1881 1207 2071 1277 opitu-

488 1289 629 1353 lante
652 1291 998 1346 conabimur.

824 1401 1199 1460 ADVERSUS
1221 1403 1734 1474 CERDONIANOS,

2511 1431 2519 1438 -
2595 1404 2787 1459 ΚΑΤΑ
2830 1403 3334 1473 ΚΕΡΔΩΝΙΑΝΩΝ,

779 1516 913 1582 Quae
955 1527 1034 1572 est
1063 1518 1277 1574 hazresis
1324 1519 1465 1576 XXI
1509 1525 1586 1578 vel
1635 1521 1788 1577 XLI.
2256 1523 2332 1576 El.

2256 1518 2521 1588 Εἱκοστὴ
2547 1517 2748 1588 πρώτη
2773 1517 2813 1586 ἠ
2842 1517 2942 1572 καὶ
2967 1513 3433 1586 τεσσαρακοστὴ
3455 1515 3638 1584 πρώτη

557 1627 599 1681 1.
638 1625 775 1682 Tam
809 1628 898 1684 his
926 1645 1092 1699 quam
1126 1629 1704 1705 Heracleoni'quidam
1733 1635 1913 1692 Cerdo
1941 1653 2072 1693 suc-

2245 1637 2322 1693 A'.
2365 1635 2588 1707 Κέρδων
2611 1652 2696 1698 τις
2723 1633 2948 1699 τούτους
2979 1634 3071 1687 καὶ
3099 1632 3192 1687 τδν
3216 1631 3567 1703 Ἡρακλέωνα
3586 1628 3726 1683 διαδέ-

488 1721 678 1783 cessit,
715 1721 785 1776 ab
813 1723 1002 1778 eadem
1030 1724 1221 1779 schola
1251 1725 1557 1796 profectus,
1591 1737 1647 1783 et
1694 1744 1725 1783 a
1759 1728 1982 1784 Simone
2007 1744 2034 1782 a

2175 1745 2351 1800 χεται,
2385 1729 2451 1782 ἐκ
2481 1730 2581 1799 τῆς
2607 1725 2784 1781 αὐτῶν
2824 1725 3018 1797 σχολῆς
3045 1723 3140 1789 ὢν,
3168 1724 3277 1778 ἀπὺ
3307 1723 3548 1794 Σίμωνός
3569 1739 3622 1774 τε
3649 1721 3725 1774 καὶ

489 1808 770 1866 Saturnilo
822 1812 1028 1868 erroris
1079 1822 1277 1870 nactus
1307 1815 1487 1871 initia.
1552 1815 1807 1884 Quicum
1845 1835 1877 1875 e
1909 1817 2042 1891 Syri:

2174 1819 2493 1894 Σαωρνίλου
2520 1817 2702 1873 λαϐὼν
2728 1817 2826 1881 τὰς
2852 1816 3176 1887 προφάσεις.
3209 1810 3381 1878 Οὗτος
3421 1814 3723 1885 μετανάστης

490 1901 718 1957 Romam
750 1905 1138 1976 peregrinandi
1189 1921 1360 1963 causa
1392 1909 1560 1965 miser
1591 1912 1944 1978 accessisset,
1984 1927 2043 1966 su

2173 1913 2383 1982 γίνεται
2403 1913 2511 1966 ἀπὸ
2532 1913 2631 1983 τῆς
2647 1911 2866 1982 Συρίας,
2886 1910 2982 1964 καὶ
2999 1911 3090 1963 ἐπὶ
3104 1908 3203 1980 τὴν
3217 1907 3442 1978 Ῥώμην
3457 1905 3634 1972 ἐλθὼν,
3652 1904 3726 1956 λυ-

489 1994 641 2062 iuxta
695 2010 760 2050 ac
800 2005 1133 2053 sectatorum
1203 2015 1432 2055 suorum
1498 2002 1651 2058 labes
1700 2002 1952 2072 quaedam
2007 2019 2037 2058 a

2177 2005 2321 2076 μεών
2342 2023 2424 2068 τις
2440 2005 2684 2076 πέφηνεν
2717 2002 2896 2074 ἐαυτῷ
2920 2020 2980 2056 τε
2997 2003 3091 2057 καὶ
3112 2004 3226 2065 τοῖς
3248 2000 3401 2071 αὐτῷ
3421 1998 3726 2066 πειθομένοις

489 2087 760 2156 pernicies
809 2087 934 2145 fuit.
986 2089 1297 2146 Miserrima
1351 2094 1556 2164 quippe
1603 2101 1736 2148 tunc
1765 2101 1853 2150 est
1891 2093 2042 2148 homi

2173 2097 2201 2148 ὀ
2212 2095 2590 2158 ἐλεεινότατος.
2609 2093 2844 2164 Ἐλεεινὴ
2855 2093 2926 2161 γά
2934 2110 2963 2165 ρ
2975 2095 3009 2163 ἡ
3024 2092 3182 2161 φύσις
3192 2090 3302 2144 τῶν
3315 2090 3414 2144 ἀνθ
3423 2087 3726 2162 ρώπων.δταν

488 2192 618 2230 num
651 2186 870 2242 natura,
904 2194 1030 2234 eum
1058 2179 1153 2236 Dei
1192 2182 1339 2236 viam
1370 2182 1713 2253 relinquens,
1753 2191 1809 2239 et
1831 2199 1862 2238 a
1885 2183 2036 2239 divin

2174 2185 2549 2256 καταλείψασα
2576 2185 2676 2257 τὴν
2694 2183 2789 2238 τοῦ
2803 2183 2937 2238 Θεοῦ
2961 2183 3080 2237 ὁδὸν
3096 2183 3391 2247 πλανᾶται,
3413 2182 3505 2234 καὶ
3531 2179 3628 2234 ἀπὸ
3649 2178 3727 2248 τῆς

488 2283 547 2323 se
577 2269 871 2325 vocatione
916 2285 1235 2342 segregans,
1273 2272 1494 2342 longius
1553 2274 1803 2330 aberrat.
1856 2273 2038 2342 Quibu

2174 2277 2268 2332 τοῦ
2304 2279 2440 2332 Θεοῦ
2462 2277 2708 2348 κλήσεως
2733 2276 2930 2347 ἑαυτὴν
2952 2275 3280 2347 ἀφορίσασα.
3314 2272 3624 2344 Συμδέόηκε
3641 2271 3727 2339 γὰρ

487 2359 622 2414 illud
643 2360 710 2416 de
739 2360 896 2418 canis
926 2361 1110 2417 fabula
1139 2363 1430 2434 contingit,
1465 2365 1559 2434 qui
1595 2365 1649 2420 in
1685 2367 1808 2437 ejus
1841 2367 1988 2437 quod
2019 2367 2033 2420 i

2173 2373 2285 2434 τοῖς
2309 2369 2572 2432 τοιούτοις
2588 2370 2701 2439 (58)
2737 2371 2771 2438 ἠ
2800 2367 2893 2422 τοῦ
2917 2367 3078 2430 κυνὸς
3109 2365 3406 2438 παροιμία,
3449 2364 3506 2426 ὃς
3533 2365 3594 2433 τῇ
3623 2361 3726 2430 σκιᾷ

487 2467 582 2507 ore
615 2453 864 2524 gestabat
891 2455 1143 2509 umbram
1181 2455 1451 2521 intentus,
1479 2465 1534 2512 et
1569 2459 1625 2512 in
1654 2473 1854 2528 aquam
1882 2459 2037 2530 despi

2176 2463 2468 2533 προσέχων
2495 2453 2556 2514 οὗ
2586 2462 2837 2530 κατεῖχεν
2879 2461 2938 2512 ἐν
2973 2459 3049 2530 τῷ
3079 2458 3330 2528 στόματι,
3371 2454 3642 2526 ἐμϐλέπων
3665 2452 3725 2515 είς

487 2542 663 2608 ciens,
705 2542 837 2598 dum
882 2545 1076 2600 eodem
1128 2546 1256 2601 cibo
1304 2562 1469 2617 quem
1531 2548 1816 2604 mordicus
1866 2549 2040 2605 fereba

2178 2554 2345 2626 ὕδωρ,
2379 2555 2473 2608 καὶ
2503 2552 2733 2623 νομίσας
2769 2550 2845 2621 τῷ
2873 2550 3025 2603 ὕδατι
3059 2549 3216 2604 σκιὰν
3249 2547 3476 2619 μείζονα
3505 2542 3725 2618 εἶναιτῆς

489 2633 758 2703 majorem
804 2637 1058 2692 umbram
1091 2651 1216 2692 esse
1249 2638 1587 2708 suspicatur,
1639 2638 1866 2695 diducto
1919 2640 2042 2694 rieti

2177 2645 2236 2698 ἐν
2261 2642 2340 2714 τῷ
2365 2641 2592 2712 στόματι
2635 2639 2799 2694 αὐτοῦ
2833 2639 3060 2708 ἐδωδῆς,
3107 2637 3330 2702 ἀνοίξας
3358 2637 3420 2690 τὸ
3447 2634 3626 2706 στόμα,
3654 2631 3726 2686 καὶ

489 2725 644 2780 illum
685 2726 866 2796 ipsum
891 2729 985 2797 qui
1006 2743 1170 2786 verus
1200 2739 1320 2785 erat
1343 2730 1601 2800 perdidit.
1623 2730 1716 2786 Sic
1748 2733 1827 2786 illi
1858 2739 2042 2804 repert

2177 2735 2276 2806 τὴν
2311 2731 2476 2788 οὖσαν
2519 2731 2824 2786 ἀπώλεσεν.
2881 2730 3039 2784 Οὕτω
3070 2731 3166 2785 καὶ
3191 2725 3367 2793 οὗτοι,
3403 2729 3500 2800 τὴν
3528 2726 3634 2780 ὁδὸν
3655 2724 3726 2777 εύ-

491 2815 598 2878 via,
643 2815 773 2871 dum
813 2817 934 2886 ejus
984 2818 1228 2886 umbrae,
1273 2835 1438 2890 quam
1487 2821 1545 2876 in
1609 2820 1752 2877 falsa
1815 2822 2042 2892 opinion

2183 2824 2385 2896 ρόντες,
2409 2821 2501 2876 καὶ
2533 2819 2846 2891 βουλόμενοι
2879 2819 3036 2882 σκιᾶς
3064 2814 3452 2889 περιγενέσθαι
3482 2813 3577 2883 τῆς
3605 2813 3654 2864 ἐν
3675 2810 3723 2878 τῇ

490 2905 888 2962 circumferunt
922 2916 1204 2977 compotes
1261 2908 1378 2965 ﬁeri
1451 2910 1708 2976 student,
1757 2926 1871 2967 non
1912 2913 2039 2968 mod

2182 2914 2407 2985 ὑπονοίᾳ
2436 2913 2616 2966 αὐτῶν
2644 2911 2964 2981 γενομένης,
2998 2908 3096 2980 τὴν
3137 2903 3305 2961 οὖσαν
3334 2909 3394 2961 ἐν
3430 2904 3506 2976 τῷ
3539 2901 3727 2971 στόματι

491 2997 758 3059 divinitus
787 3014 1120 3057 concessum
1175 3001 1332 3067 illud,
1373 3003 1521 3073 quod
1561 3003 1726 3075 300
1768 3020 1884 3071 ore,
1909 3015 1973 3060 ut
2001 3006 2042 3061 it

2181 2999 2382 3064 αὐτῶν,
2417 3000 2494 3063 ὡς
2531 3000 2727 3064 εἰπεῖν,
2761 3000 2826 3051 ἐκ
2858 2996 2994 3051 Θεοῦ
3029 2997 3236 3067 τροφὴν
3269 2993 3659 3067 κεχαρισμένην
3680 2987 3725 3040 οὐ

490 3088 742 3157 dixerim,
770 3089 974 3158 ferunt,
1003 3093 1322 3149 alimentum
1357 3095 1686 3163 amiserunt,
1715 3097 1815 3154 sed
1843 3097 2043 3168 insupe

2183 3091 2346 3161 μόνον
2371 3088 2684 3154 ἀπώλεσαν,
2717 3086 2853 3142 ἀλλά
2888 3088 2983 3140 καὶ
3023 3084 3246 3158 ὄλεθρον
3277 3086 3491 3148 ἑαυτοῖς
3526 3077 3730 3136 ἐπεσπά-

489 3181 718 3236 exitium
748 3182 853 3237 sibi
897 3182 1035 3254 ipsis
1049 3185 1386 3241 attulerunt.
1673 3162 1677 3163 ν
1975 3162 1994 3168 ”

811 3182 853 3237 bi
897 3182 1386 3254 ipsis'attuleruut.
1673 3162 1677 3163 ν
1975 3162 1994 3168 ’
2101 3162 2146 3221 (ἶ
2181 3197 2364 3234 σαντο.

561 3270 740 3343 lgitur
765 3271 947 3329 Cerdo
974 3271 1173 3346 Hygini
1206 3291 1361 3348 papae
1381 3278 1721 3350 temporibus
1746 3278 1866 3345 fuit,
1889 3280 1985 3352 qui
2020 3281 2075 3336 in

2250 3268 2420 3336 Οὗτος
2446 3271 2622 3326 τοίνυν
2659 3271 2688 3323 ὁ
2713 3270 2935 3342 Κέρδων
2963 3269 3022 3324 ἐν
3049 3269 3261 3341 χρόνοις
3308 3270 3522 3340 ’Υγίνου
3547 3266 3729 3337 γέγονεν

491 3366 868 3438 apostolorum
891 3366 1110 3434 Jacobi,
1133 3378 1188 3424 et
1221 3368 1373 3426 Petri
1421 3369 1688 3442 Paulique
1720 3371 2044 3427 succession

2180 3363 2501 3426 ἐπισκόπου,
2535 3361 2629 3416 τοῦ
2663 3362 2759 3416 Eva
2786 3361 2879 3414 τὸν
2897 3363 2912 3392 ί
2938 3359 3261 3432 κλῆρον(59)
3297 3362 3521 3430 ἄγοντος
3543 3359 3638 3414 ἀπὸ
3654 3358 3730 3429 τῆς

491 3471 699 3514 nonum
751 3457 933 3514 locum
961 3460 1202 3516 tenebat.
1243 3460 1418 3532 Cujus
1454 3462 1653 3532 dogma
1679 3477 1808 3517 cum
1835 3462 2044 3533 relique

2179 3454 2290 3507 τῶν
2316 3453 2446 3524 περὶ
2472 3451 2728 3506 Ἰάκωϐον
2754 3451 2849 3505 καὶ
2869 3451 3075 3522 Πέτρον
3097 3450 3194 3504 καὶ
3213 3451 3431 3505 Παῦλον
3460 3448 3729 3506 ἀποστόλων

494 3561 640 3615 rum,
666 3562 808 3618 quos
836 3551 1305 3615 enumeravimus,
1339 3551 1726 3606 haereticorum
1751 3553 1914 3622 nugis
1952 3567 2047 3607 con

2180 3545 2450 3615 διαδοχῆς.
2506 3543 2580 3597 Τὸ
2605 3543 2662 3598 δέ
2692 3544 2957 3615 κήρυγμα
2995 3541 3184 3609 αὐτοῦ,
3214 3543 3317 3614 τῆς
3362 3544 3472 3598 τῶν
3509 3557 3729 3615 προειρη-

493 3641 740 3698 sentiens
764 3641 892 3697 licet
937 3641 1083 3697 idem
1128 3658 1254 3699 esse
1285 3642 1560 3708 videatur,
1597 3643 1854 3698 nonnihil
1894 3651 2042 3701 tame

2186 3637 2361 3708 μένων
2406 3634 2770 3708 αἱρεσιαρχῶν
2813 3633 3082 3705 φλυαρίας
3120 3635 3376 3705 μετέχον,
3429 3634 3489 3688 τὸ
3522 3631 3731 3701 αὑτὺμὲν

493 3737 792 3807 discrepat,
816 3744 872 3794 et
906 3743 991 3794 est
1025 3735 1365 3807 bujusmodi.

2183 3724 2324 3782 εἶναι
2367 3728 2536 3792 δοκεῖ,
2574 3720 2958 3797 παρήλλακται
2985 3726 3041 3780 δὲ
3089 3727 3222 3798 παρ’
3259 3725 3415 3798 αὐτῷ
3437 3724 3612 3779 τοῦτον
3636 3722 3731 3793 ἔχον

2183 3817 2276 3871 τὸν
2301 3816 2524 3871 τρόπον.

565 3890 684 3970 Duo
715 3913 943 3986 perinde
975 3921 1141 3986 atque
1171 3915 1264 3969 alii
1298 3914 1568 3986 principia
1601 3917 1816 3982 statuit,
1857 3931 1924 3973 ac
1949 3916 2084 3973 deos

2183 3833 2276 3871 τον
2301 3833 2524 3887 τροπον.

2255 3907 2360 3961 Δύο
2398 3907 2495 3960 καὶ
2526 3899 2681 3972 οὗτος
2709 3906 2886 3978 ἀρχὰς
2924 3907 3200 3978 κεκήρυχε
3238 3905 3322 3978 τῷ
3353 3906 3474 3979 βίῳ,
3501 3904 3588 3960 καὶ
3604 3901 3731 3972 δῆθεν

495 4005 748 4062 videlicet
787 4006 926 4061 duos
965 4025 979 4061 :
1010 4006 1214 4062 bonum
1256 4007 1514 4071 alterum,
1545 4014 1599 4062 et
1628 4009 1875 4078 ignotum
1903 4009 2048 4062 omni

2188 4000 2345 4064 θεοὺς
2372 3999 2486 4066 δύο,
2512 3999 2608 4054 ἕνα
2637 3999 2862 4069 ἀγαθὸν,
2893 3997 2990 4051 καὶ
3022 3998 3118 4052 Eva
3143 3998 3429 4079 ἄγνωστον
3443 3999 3552 4062 τοῖς
3574 3996 3727 4056 πᾶσιν,

497 4099 623 4162 bus,
665 4113 828 4168 quem
870 4105 926 4154 et
979 4096 1201 4152 Patrem
1253 4095 1385 4154 Jesu
1447 4097 1790 4165 nominavit;
1843 4099 2050 4154 alterum

2187 4092 2246 4146 ὃν
2280 4092 2374 4146 καὶ
2403 4091 2625 4161 Πατέρα
2647 4089 2740 4144 τοῦ
2772 4089 2948 4162 Ἰησοῦ
2976 4089 3218 4160 κέκληκε
3237 4106 3251 4120 ·
3301 4089 3399 4144 xa‘l.
3423 4088 3519 4144 ἕνα
3544 4087 3624 4140 τὸν
3649 4087 3729 4153 Δη-

497 4199 828 4257 creatorem,
856 4190 1064 4245 malum
1103 4198 1157 4245 et
1179 4191 1494 4260 cognitum:
1526 4191 1707 4261 qui‘et
1748 4190 1806 4245 in
1845 4191 1964 4262 lege
1995 4191 2050 4245 lo

2192 4186 2451 4260 μιουργὸν
2493 4185 2731 4257 πονηρὸν
2779 4185 2908 4239 ὄντα
2951 4184 3046 4240 καὶ
3089 4184 3334 4254 γνωστὸν
3371 4178 3656 4256 λαλήσαντα
3690 4179 3732 4228 ὲν

495 4293 680 4349 cutus,
703 4291 756 4339 et
780 4284 1060 4354 prophetis
1092 4284 1369 4354 apparuit,
1392 4299 1464 4338 ae
1483 4299 1544 4338 se
1577 4282 1878 4338 videndum
1906 4298 2048 4354 saepe

2191 4280 2274 4352 τῷ
2309 4281 2484 4352 νόμῳ,
2507 4281 2603 4334 καὶ
2620 4281 2680 4334 ἐν
2708 4283 2820 4343 τοῖς
2845 4280 3153 4351 προφήταις
3173 4279 3437 4348 φανέντα.
3466 4276 3558 4332 καὶ
3578 4270 3734 4346 ὁρατὸν

495 4390 727 4431 numero
761 4375 1016 4444 praebuit.
1048 4373 1332 4432 Christum
1363 4385 1578 4446 negata
1609 4374 1779 4429 Maria
1816 4377 2048 4447 genitum

2190 4372 2450 4436 πολλάκις
2476 4374 2787 4442 γενόμενον.
2805 4371 2896 4444 Μὴ
2918 4367 3056 4426 εἶναι
3083 4370 3141 4424 δὲ
3165 4371 3258 4426 τὸν
3273 4371 3507 4444 Χριστὸν
3521 4377 3730 4436 γεγεννη·

497 4476 591 4521 aut
633 4480 800 4520 carne
853 4479 1044 4520 revera
1087 4465 1260 4521 fuisse
1312 4466 1592 4522 vestitum.
1646 4464 1754 4520 Sed
1810 4465 2050 4535 ejusmod

2197 4466 2356 4537 μένον
2379 4467 2443 4520 ἐκ
2472 4466 2710 4536 Μαρίας,
2746 4464 2882 4537 μηδὲ
2910 4466 2968 4519 ἐν
2994 4463 3159 4536 σαρκὶ
3187 4464 3507 4534 πεφηνέναι,
3532 4457 3651 4566 ἀλλά
3662 4455 3733 4561 ,δο-

501 4558 685 4628 specie
736 4566 896 4613 tenus
956 4556 1260 4623 exstitisse,
1305 4567 1359 4612 et
1415 4558 1742 4628 apparuisse
1792 4559 1958 4613 talem
2021 4573 2051 4612 a

2195 4560 2354 4630 κήσει
2383 4559 2535 4622 ὄντα,
2567 4557 2662 4611 καὶ
2691 4556 2909 4627 δοκήσει
2937 4556 3238 4626 πεφηνότα,
3261 4555 3480 4626 δοκήσει
3502 4551 3555 4605 δὲ
3578 4548 3637 4602 τά
3659 4545 3732 4598 ὅλα

500 4650 686 4720 specie
714 4649 830 4704 sola
858 4649 1118 4704 universa
1148 4649 1370 4705 fecisse.
1407 4648 1553 4704 Idem
1583 4663 1879 4720 corporum
1901 4664 2053 4704 resur

2195 4647 2556 4721 πεποιηκότα.
2587 4646 2700 4700 Καὶ
2723 4646 2883 4709 αὐτὸς
2910 4645 3113 4717 σαρκὸς
3132 4644 3429 4699 ἀνάστασιν
3456 4638 3731 4694 ἀπωθεῖται.

401 4732 404 4736 ’
498 4741 798 4798 rectionem
838 4739 1320 4810 repudiat;Vetus
1348 4739 1788 4808 Testamentum,
1822 4740 1954 4812 quot

2195 4743 2442 4800 Παλαιὰν
2482 4742 2540 4797 δὲ
2573 4739 2906 4812 ἀπαγορεύει
2937 4737 3214 4809 Διαθήκην
3235 4753 3248 4768 ·
3291 4736 3391 4808 τὴν
3421 4734 3476 4788 δὲ
3499 4731 3579 4786 διὰ
3597 4727 3732 4783 Matii-

500 4833 752 4905 Moysen,
791 4847 856 4887 ac
876 4831 1178 4902 prophetas
1215 4833 1478 4887 traditum
1518 4839 1636 4898 est,
1667 4841 1927 4903 tanquam
1953 4834 2053 4889 alie

2197 4837 2334 4901 σέως
2352 4835 2462 4906 (60)
2481 4833 2578 4887 καὶ
2598 4833 2706 4886 τῶν
2726 4830 3021 4904 προφητῶν
3040 4829 3116 4894 ὡς
3137 4827 3420 4899 ἀλλοτρίαν
3436 4819 3590 4878 οὖσαν
3605 4812 3730 4912 ΘεοῦΣ

501 4940 632 4982 num
683 4941 716 4980 a
773 4923 886 4980 Deo
918 4924 1119 4995 rejicit.
1165 4923 1448 4981 Christum
1498 4940 1530 4982 e
1567 4925 1732 4992 caelo,
1782 4933 1948 4998 atque
2005 4926 2054 4980 al

2209 4923 2554 4997 Ἐληλυθέναι
2586 4922 2644 4976 δὲ
2683 4922 2776 4976 τὸν
2799 4921 3036 4994 Χριστὸν
3069 4919 3179 4976 ἀπὸ
3209 4919 3318 4973 τῶν
3356 4914 3553 4972 ἀνωθεν
3580 4912 3637 4963 ἐκ
3658 4921 3731 5006 τον

501 5022 688 5092 ignoto
719 5017 883 5074 Patre
908 5017 1260 5075 descendisse
1291 5020 1416 5075 ideo
1460 5026 1653 5092 putat,
1687 5027 1748 5075 ut
1777 5019 1866 5076 hic
1897 5019 2054 5075 mund

2191 5017 2472 5088 ἀγνώστου
2511 5015 2751 5088 Πατρὺς,
2798 5016 2878 5078 είς
2905 5014 3164 5086 ἀθέτησιν
3193 5013 3291 5084 τῆς
3322 5011 3417 5065 τοῦ
3449 5013 3731 5077 κοσμοποιου

502 5113 809 5170 conditoris
852 5118 1017 5182 atque
1064 5111 1280 5182 Opiﬁcis
1320 5112 1609 5182 imperium
1638 5127 1704 5168 ac
1736 5113 2055 5184 tyrannider

2195 5110 2288 5165 καὶ
2303 5107 2648 5182 Δημιουργοῦ
2670 5107 2924 5171 ἐνταῦθα,
2950 5107 3296 5180 φησὶ,,ἀρχῆς
3317 5104 3413 5159 καὶ
3433 5093 3708 5173 τυραννίδος
3717 5102 3728 5118 ’

501 5211 804 5263 everteret:
837 5203 893 5260 id
925 5203 1071 5275 quod
1129 5205 1250 5260 alia:
1277 5205 1552 5276 pleraeque
1601 5205 1840 5262 haereses
1889 5206 2050 5264 existi

2193 5203 2384 5275 ὥσπερ
2433 5203 2629 5274 ἀμέλει
2692 5201 2785 5258 καὶ
2834 5199 3027 5255 πολλαὶ
3074 5201 3183 5254 τῶν
3233 5197 3492 5270 αἱρέσεων
3531 5190 3727 5258 ἐξεῖπαν-

575 5363 593 5393 ³
622 5361 780 5418 Corr.
814 5361 1021 5418 ἔνατον.

577 5478 690 5552 (58)
716 5481 1056 5550 Συμόἑϐηκε
1075 5482 1184 5552 γὰρ
1208 5484 1476 5550 τούτους.
1501 5482 1758 5545 Irenmus.
1787 5485 1825 5539 1.
1847 5500 1906 5549 ll,
1929 5501 1979 5539 c.
2004 5483 2093 5552 12,

2203 5496 2481 5538 numeros.
2544 5479 2613 5533 At
2661 5477 2900 5552 Irenaaus
2954 5469 3224 5541 Hyginum
3255 5457 3723 5552 .oclavlur‘m

508 5521 1979 5624 cuiud’enl:{poglogum‘V’aleiiﬁn‘ialni{accommodato
2009 5521 2093 5552 η’
2202 5521 2522 5624 episcopum
2582 5550 2831 5604 nominat
2876 5545 2924 5598 l.—
2957 5521 3196 5612 "Locap.
3241 5541 3309 5607 4;
3358 5538 3447 5596 sed
3492 5535 3593 5588 haec
3625 5521 3720 5580 alii"

579 5615 696 5692 (-59)
723 5615 840 5669 «Τοῦ
869 5615 981 5692 «ira
1014 5621 1118 5674 τὸν
1149 5623 1396 5691 κλῆρον.
1428 5625 1749 5681 Certissima
1789 5633 1872 5682 est
1903 5641 2094 5681 emen-

2202 5615 2477 5680 discussa.
2579 5691 2587 5692 ί
2844 5688 2886 5692 η
2944 5689 2965 5692 Δ
3035 5682 3049 5692 _
3207 5681 3226 5692 ,
3383 5681 3395 5692 ,
3465 5656 3706 5692 νημαι,

581 5656 696 5692 \V‘Ivl
723 5656 836 5669 ‘Ivv
869 5656 981 5673 οινν
1018 5656 1104 5674 bu,
1151 5656 1363 5691 ωιυλυι
1384 5665 1396 5678 ο
1429 5656 1522 5680 υῧι
1538 5656 1749 5681 ιΙθδΙΙΙΙΙΙ
1789 5656 1872 5682 πῖθι
1903 5656 2059 5681 CIIICII

509 5686 664 5764 datio
702 5693 910 5764 nostra,
957 5687 1142 5755 ἔνατος
1171 5709 1267 5761 pro
1300 5694 1394 5747 ἕνα
1417 5695 1541 5764 τόν.
1562 5695 1751 5750 Nonus
1781 5697 1925 5750 enim
1955 5711 2061 5764 pou

2202 5656 2628 5760 ωἷέιὸῗτίνήνδε
2682 5664 2779 5745 6ιᾶ
2831 5682 3150 5753 Μωῢσέως.
3201 5681 3327 5755 ch.
3370 5675 3615 5746 Διαθήκην
3647 5656 3719 5730 τὴν

512 5753 724 5805 “ﬁcum
757 5753 1135 5813 Ronnanorum
1149 5753 1340 5820 ordine
1374 5765 1476 5822 fuit
1505 5763 1766 5840 Hyginus,
1801 5768 1846 5822 si
1881 5753 2091 5822 Clétum
2199 5753 2312 5835 διά,
2347 5753 2449 5822 etc.
