3934 6420
273 345 382 402 693

965 348 1336 407 ADVERSUS
1372 349 1712 410 HERESES
1745 352 1892 431 LIB.
1921 357 1966 412 l.
2007 355 2171 413 TOM.
2211 355 2297 412 Ill.
2339 390 2406 399 —
2444 356 2718 414 HrEliES.
2758 361 2891 416 XLI.

3439 371 3545 424 694

286 463 486 535 ὐλίγῳ
508 463 565 518 δὲ
588 465 664 535 τῷ
690 465 866 536 χρόνῳ
889 462 1041 530 οὗτος
1063 469 1120 520 έν
1149 467 1342 544 Ῥώμῃ
1361 471 1672 543 γενόμενος,
1701 484 1856 546 μετα-

1965 482 2135 530 mant.
2163 475 2350 532 Romae
2383 479 2549 549 igitur
2579 479 2729 535 brevi
2765 478 2856 536 ille
2903 487 3145 551 tempore
3176 496 3534 542 commorata

272 556 507 610 δέδωκεν
551 555 718 609 αὑτοῦ
766 556 857 609 τὸν
900 557 976 612 ἰὸν
1019 560 1328 632 Μαρκίωνι.
1385 563 1584 637 Διόπερ
1620 566 1806 621 τοῦτον
1834 567 1864 620 6

274 647 544 719 Μαρκίων
572 647 860 712 διεδέξατο.

347 738 424 792 B'.
461 737 572 808 Τῆς
600 736 658 790 δὲ
697 738 962 810 αἱρέσεως
992 740 1255 813 ὡσαύτως
1300 745 1564 818 φωρατῆς
1586 745 1773 820 οὔσης,
1801 749 1863 804 έν

275 829 526 900 συντόμῳ
565 830 695 901 περὶ
737 828 942 902 ταύτης
987 832 1118 902 ἡμῖν
1153 832 1304 888 ἔσται
1329 834 1506 904 λόγος.
1561 836 1864 909 Ἀρξόμεθα

271 921 331 974 δὲ
361 920 523 974 πάλιν
559 923 660 992 τῆς
700 923 822 975 κατ’
869 923 1034 977 αὑτοῦ
1067 923 1378 998 ἀνατροπῆς
1421 928 1724 1000 ἀπ’,αὐτῶν
1754 931 1862 988 τῶν

275 1015 409 1085 παρ’
438 1012 602 1066 αὑτοῦ
626 1013 960 1086 λεγομένων.
995 1016 1118 1070 Ὀτι
1139 1017 1238 1089 μὲν
1269 1018 1378 1090 γὰρ
1419 1019 1512 1074 δύο
1536 1021 1710 1093 ἀρχὰς
1742 1025 1863 1078 ὲπι-

272 1107 472 1159 τοαυτὸ
496 1102 928 1175 εἶναιάδύνατον,
951 1109 1130 1181 δῆλον.
1155 1111 1217 1164 ΕΞ
1242 1113 1258 1143 ¹
1287 1111 1396 1185 γάρ
1428 1111 1485 1167 αἱ
1513 1114 1606 1169 δύο
1637 1117 1703 1168 ὲκ
1729 1118 1862 1188 μιᾶς

272 1196 382 1250 εἰσί
407 1214 568 1262 τινος,
605 1198 638 1270 ἢ
665 1201 698 1270 ή
740 1200 837 1270 μὲν
875 1199 993 1254 ἐστι
1024 1201 1273 1274 δευτέρα,
1305 1205 1338 1274 ή
1366 1197 1430 1258 ’δὲ
1476 1205 1577 1276 τῆς
1602 1206 1860 1279 δευτέρας

268 1285 422 1338 αἰτία
454 1288 546 1340 καὶ
573 1287 739 1358 ἀρχή.
777 1289 1151 1362 Ζητηθήσεται
1175 1286 1267 1346 οὖν
1292 1293 1410 1363 ἦτοι
1438 1293 1585 1356 αἰτία
1606 1295 1714 1349 τῶν
1742 1295 1856 1365 δύο,

211 1395 220 1402 ·
268 1378 302 1449 ἢ
331 1379 567 1449 ὁποτέρα
615 1381 819 1435 τούτων
856 1383 1000 1456 ἀρχὴ
1033 1380 1168 1439 οὖσα
1207 1385 1307 1458 τῆς
1331 1386 1546 1457 ἑτέρας,
1577 1387 1654 1452 ὡς
1682 1389 1820 1462 ἔφην
1841 1407 1856 1423 ·

269 1472 364 1525 καὶ
387 1470 560 1536 οὕτως
587 1473 652 1528 ὲκ
687 1475 888 1540 παντὸς
919 1477 1123 1548 τρόπου
1149 1479 1242 1531 ἐπὶ
1280 1479 1381 1552 τὴν
1434 1480 1562 1551 μίαν
1596 1481 1857 1537 ἀνακτέον

266 1564 368 1636 τὴν
393 1565 649 1632 διάνοιαν,
684 1567 783 1640 τὴν
810 1570 1207 1643 εὑρισκομένην
1239 1571 1481 1644 πρώτην,
1509 1575 1568 1641 ἐξ
1589 1569 1657 1646 ἧς
1698 1575 1790 1630 καὶ
1819 1577 1852 1648 ή

264 1655 517 1727 δευτέρα,
548 1658 666 1729 ήτοι
693 1657 1026 1732 ἀμφότεραι,
1062 1660 1246 1726 καθὼς
1275 1663 1563 1729 δέδεικται,
1593 1669 1671 1730 ὼς
1696 1666 1851 1738 ἔφην.

279 1747 601 1802 Ἐπιτοαυτὸ
616 1749 673 1803 δὲ
693 1749 955 1806 ἀδύνατον
974 1752 1075 1816 τάς
1097 1751 1191 1806 δύο
1215 1754 1393 1826 ἀρχὰς
1413 1755 1682 1828 ὑπάρχειν
1695 1774 1710 1788 ο
1740 1758 1857 1812 ἀλλ’

1965 580 2123 620 suum
2157 565 2420 623 Marcioni
2439 569 2590 625 virus
2615 568 2873 638 aspersit,
2909 584 3073 640 quem
3123 571 3286 626 etiam
3329 587 3543 629 succcs-
3608 643 3611 647 ι

1964 673 2146 715 sorem
2179 660 2392 716 habuit.

2034 746 2100 802 ll.
2127 749 2326 804 Verum
2365 764 2490 806 cum
2537 765 2650 806 non
2709 751 2895 807 minus
2943 752 3155 808 caeteris
3184 751 3413 810 haeresis
3444 756 3545 811 ista

1963 838 2298 910 deprehendi
2354 857 2419 898 ac
2463 843 2719 914 redargui
2752 843 2912 899 facile
2967 844 3163 913 possit,
3207 847 3397 914 paucis
3427 863 3546 917 qua?

1963 928 2031 982 ad
2051 943 2170 984 eam
2199 931 2478 1001 pertinent
2503 933 2860 1003 complectar,
2883 934 3112 1004 ejusque
3133 933 3446 991 refellenda:
3479 938 3546 992 ab

1961 1017 2220 1090 illisipsis
2250 1036 2438 1076 eorum
2468 1021 2702 1102 decretis
2761 1022 2975 1077 initium
3008 1037 3304 1079 arcessam.
3334 1022 3544 1079 Etenim

1961 1108 2070 1164 duo
2087 1110 2249 1170 simul
2280 1127 2468 1167 rerum
2503 1127 2626 1168 esse
2668 1113 2939 1183 principia
2972 1130 3318 1186 nequaquam
3377 1130 3544 1184 posse

1962 1203 2313 1259 manifestum
2355 1211 2460 1261 est.
2504 1204 2644 1259 Nam
2685 1213 2780 1260 aut
2838 1205 2950 1260 duo
2986 1207 3055 1262 ab
3088 1222 3198 1262 uno
3251 1215 3545 1262 manarunt

1960 1295 2164 1367 aliquo,
2203 1303 2298 1351 aut
2324 1312 2496 1354 unum
2549 1297 2855 1354 secundum
2899 1306 3003 1362 est,
3047 1301 3279 1354 alterum
3315 1299 3543 1355 secundi

1959 1399 2128 1440 causa
2194 1401 2386 1441 rursus
2449 1401 2513 1442 ac
2575 1386 2932 1458 principium.
2974 1385 3340 1453 Quaerendum
3379 1389 3546 1458 igitur

1958 1483 2063 1542 est,
2094 1491 2344 1548 quaenam
2379 1477 2664 1532 amborum
2699 1493 2867 1535 causa
2891 1479 2983 1542 sit,
3027 1489 3120 1533 aut
3150 1479 3296 1549 quod
3330 1496 3396 1535 ex
3437 1481 3546 1537 illis

1958 1566 2291 1637 principium
2337 1568 2410 1624 sit
2472 1568 2721 1635 alterius,
2781 1578 2840 1623 ut
2890 1569 3170 1638 diximus;
3231 1571 3423 1640 sicque
3477 1572 3544 1625 ad

1958 1673 2127 1713 unum
2154 1660 2379 1715 omnino
2421 1660 2711 1717 referenda
2766 1663 3049 1734 cogitatio,
3107 1663 3255 1734 quod
3306 1664 3545 1734 primum

1959 1751 2224 1815 occurrit,
2249 1765 2280 1805 a
2310 1767 2420 1822 quo
2438 1755 2768 1826 secundum,
2800 1765 2894 1811 aut
2942 1757 3105 1812 ambo
3155 1757 3246 1810 illa
3273 1756 3561 1826 prolicisci.

262 1830 774 1906 οὖδὲ¹διαφέρεσθαι
803 1835 900 1908 τὴν
948 1837 1078 1908 μίαν
1111 1837 1248 1910 πρὸς
1279 1839 1378 1910 τὴν
1417 1839 1584 1910 ἀλλην
1606 1840 1852 1897 δυνατόν.

1963 1839 2478 1900 demonstravimus.
2537 1843 2656 1900 Duo
2705 1861 2873 1916 porro
2934 1847 3100 1901 simul
3156 1855 3216 1900 ut
3277 1845 3548 1917 principia

265 1927 328 1982 Ei
351 1927 461 2000 γὰρ
487 1928 864 2002 διαφέρονται,
901 1931 1008 1984 εἰσὶ
1037 1931 1136 2002 μὲν
1161 1931 1277 1986 δύο.
1315 1932 1408 2004 Τῷ
1433 1933 1489 1987 δὲ
1518 1933 1612 1987 δύο
1637 1933 1856 2006 ἀριθμῷ

263 2019 671 2090 εὐρισκόμεναι,
707 2021 799 2074 τὸν
850 2021 945 2075 ἕνα
990 2022 1228 2094 ἀριθμὸν
1269 2023 1703 2095 ύπερὸεδήκασι.
1748 2025 1854 2079 Τοῦ

262 2110 477 2174 δὲ.ὲνδς
507 2112 601 2165 καὶ
638 2111 856 2184 πρώτου
899 2105 1134 2185 ἀριθμοῦ
1175 2113 1530 2186 ζητουμένου,
1566 2117 1621 2170 αἱ
1657 2115 1752 2170 δύο
1776 2115 1856 2188 τῷ

261 2204 346 2256 ἑνὶ
371 2203 590 2276 ἀριθμῷ
629 2205 722 2258 καὶ
771 2204 1030 2278 ἀνωτέρω
1074 2206 1393 2261 ὑπόκεινται
1431 2207 1510 2278 τῷ
1553 2207 1714 2279 αἰτίῳ
1745 2209 1855 2262 τῶν

259 2294 357 2348 δύο
385 2295 517 2350 ὄντι.
576 2296 650 2350 Ού
677 2295 786 2368 γὰρ
830 2297 886 2350 αἱ
917 2297 1010 2350 δύο
1038 2298 1095 2350 αἱ
1123 2298 1263 2369 μετά
1285 2298 1381 2353 τὸν
1409 2299 1506 2353 ἕνα
1527 2298 1781 2371 ἀριθμὸν,
1819 2299 1854 2371 ἢ

263 2389 364 2458 τὴν
399 2388 528 2458 μίαν
556 2388 733 2461 ἀρχὴν
760 2391 854 2446 καὶ
883 2389 1130 2463 πρώτην,
1164 2391 1333 2444 αἰτίαι
1363 2391 1573 2445 ἑαυτῶν
1599 2392 1854 2446 δύνανται

261 2479 434 2536 εἶναι’
481 2482 574 2536 τοῦ
600 2481 781 2536 ἑνικοῦ
827 2482 1066 2555 ἀριθμοῦ
1100 2483 1194 2538 καὶ
1226 2483 1505 2538 ἀνωτάτου
1542 2483 1629 2538 ἀεὶ
1660 2482 1855 2555 ζητου-

265 2573 454 2644 μένου.
487 2575 549 2627 Ei
575 2575 683 2647 γὰρ
717 2576 774 2628 αἱ
810 2574 905 2628 δύο
923 2574 1321 2648 ,εὑρεθήσονται
1365 2577 1494 2647 μιᾶς
1523 2573 1688 2647 οὔσης
1717 2592 1856 2644 συμ-

264 2664 493 2732 φωνίας,
537 2666 631 2718 καὶ
674 2666 1090 2737 συγχαίρουσαι,
1131 2669 1227 2720 καὶ
1267 2667 1656 2738 συμφωνοῦσαι
1689 2667 1855 2738 ἀλλή-

259 2757 403 2820 λαις,
435 2758 492 2810 ὲν
519 2757 598 2829 τῷ
626 2758 729 2829 τὴν
763 2757 862 2829 μὲν
895 2759 1025 2828 μίαν
1050 2758 1388 2829 παραμένειν
1417 2759 1515 2828 τῆς
1548 2758 1741 2828 έτέρας
1765 2758 1856 2810 εύ-

258 2847 548 2920 δοκούσης,
583 2848 678 2902 καὶ
709 2849 808 2920 τῆς
849 2847 1016 2919 ἀλλης
1049 2848 1107 2901 δὲ
1151 2847 1471 2920 χαιρούσης,
1511 2849 1577 2918 τῇ
1612 2847 1711 2918 τῆς
1739 2847 1856 2900 ἐτέ-

260 2956 363 3009 ρας
378 2939 678 3010 συζυγίᾳ,ή
703 2939 890 3003 στάσις
904 2941 988 3004 τίς
1007 2940 1156 2994 ἐστιν
1173 2938 1446 3009 ἁναμέσον
1463 2937 1792 3009 ἀμφοτέρων
1810 2941 1852 2992 ’ς

260 3031 324 3082 Et
374 3029 430 3084 δὲ
484 3031 834 3096 στασιάζουσι
895 3031 991 3086 καὶ
1050 3030 1324 3102 ἰσχύουσιν
1377 3032 1494 3103 ἅμα
1544 3030 1854 3102 ἀμφότεραι

1959 1931 2090 1997 sint,
2126 1931 2244 1988 fieri
2278 1936 2500 2005 penitus
2536 1951 2645 1991 non
2671 1944 2852 2008 potest
2877 1955 2893 2004 ;
2918 1937 3014 1992 sed
3043 1951 3145 1992 nec
3176 1952 3344 1991 unum
3369 1943 3549 2008 potest

1956 2021 2027 2078 ab
2059 2023 2231 2079 altero
2262 2024 2504 2082 differre.
2528 2025 2586 2080 Si
2620 2027 2766 2081 enim
2793 2026 3078 2094 diﬂ‘erunt,
3106 2027 3215 2082 duo
3240 2028 3352 2082 sint
3383 2042 3550 2099 opor-

1956 2120 2058 2168 tet.
2091 2111 2211 2169 Duo
2233 2129 2362 2172 vero
2390 2118 2436 2173 si
2465 2125 2845 2182 numerentur,
2889 2119 3221 2190 singularem
3256 2134 3548 2173 numerum

1955 2206 2246 2261 excedunt.
2281 2208 2418 2263 Cum
2451 2219 2630 2265 autem
2655 2211 2855 2266 unicus
2884 2211 2988 2266 iste
3023 2226 3086 2266 ac
3108 2210 3321 2282 primus
3352 2227 3544 2267 nume-

1954 2312 2050 2353 rus
2083 2308 2383 2368 quaeratur,
2423 2301 2582 2372 θοι
2607 2303 2719 2358 duo
2755 2303 2847 2358 illa
2875 2289 3146 2374 principia
3196 2303 3292 2358 uni
3353 2318 3417 2358 ac
3449 2319 3548 2358 su-

1953 2405 2142 2460 premo
2177 2392 2563 2463 subjicientur,
2591 2409 2624 2448 a
2659 2410 2768 2466 quo
2806 2397 2955 2451 velut
2995 2411 3024 2448 a
3061 2410 3231 2450 causa
3267 2393 3383 2449 duo
3409 2393 3542 2449 reli-

1955 2496 2062 2552 qua
2085 2483 2382 2553 pendeant.
2410 2483 2760 2556 Nequeenim
2798 2487 3018 2542 duoilla
3053 2495 3175 2556 post
3211 2485 3546 2557 singularem

1955 2589 2266 2641 numerum,
2303 2585 2466 2648 atque
2516 2579 2746 2634 unicum
2795 2580 3149 2650 primumque
3205 2578 3538 2650 principium

1953 2667 2040 2722 sui
2069 2681 2193 2722 esse
2231 2681 2398 2722 causa
2429 2678 2661 2738 possunt
2688 2669 2959 2738 ipsorum,
2988 2683 3114 2723 cum
3144 2668 3441 2739 singularis
3480 2682 3546 2721 ac

1956 2771 2248 2825 supremus
2267 2759 2630 2814 nihilominus
2665 2775 2930 2815 numerus
2975 2759 3308 2830 inquiratur.
3341 2756 3542 2829 Finga-

1956 2849 2250 2902 musenim
2284 2848 2557 2920 ejusmodi
2616 2866 2744 2907 esse
2793 2853 2904 2906 duo
2933 2860 2999 2906 ut
3052 2852 3198 2907 inter
3251 2866 3374 2908 sese
3414 2865 3548 2905 con-

1953 2939 2214 3003 sentiant,
2239 2954 2304 2995 ac
2336 2943 2704 2998 communiter
2734 2941 3029 3012 gaudeant,
3069 2942 3288 3012 sibique
3314 2956 3552 2997 consen-

1954 3036 2114 3085 tanea
2168 3029 2280 3086 sint
2309 3031 2579 3088 invicem:
2609 3032 2685 3086 ita
2723 3040 2783 3086 ut
2813 3047 2923 3087 uno
2962 3033 3179 3088 volente
3220 3045 3285 3086 ac
3334 3031 3542 3087 libente

260 3121 400 3190 πρὸς
433 3124 667 3196 ἀλλήλας
703 3125 791 3178 ἐπ’
825 3124 966 3196 ἴσης,
1012 3124 1199 3178 οὐκέτι
1231 3123 1466 3196 Χριστὸς
1499 3123 1527 3174 6
1558 3120 1726 3175 ἐλθὼν
1764 3121 1853 3176 διὰ

1963 3121 2230 3178 adhaereat
2268 3124 2501 3180 alterum
2533 3143 2549 3192 ;
2593 3131 2648 3181 et
2668 3125 2848 3196 ipsum
2889 3141 3109 3196 quoque
3141 3125 3368 3182 alterius
3413 3139 3548 3180 con-

258 3215 360 3286 τὴν
390 3214 646 3287 ἀθέτησιν
672 3217 771 3289 τῆς
795 3218 924 3287 μιᾶς
951 3216 1240 3289 δυνήσεται
1275 3213 1576 3270 καταλῦσαι
1597 3212 1694 3286 τὴν
1722 3212 1855 3267 ταύ-

257 3324 359 3378 της
378 3307 689 3380 τυραννίδα,
713 3308 880 3380 αὐτῆς
901 3308 1254 3380 ἀντεχούσης,
1279 3308 1372 3361 καὶ
1391 3306 1697 3378 δυναμένης
1719 3305 1854 3380 πρὸς

258 3399 363 3470 τὴν
401 3398 514 3454 ἀνω
555 3399 786 3473 ἀόρατον
837 3401 934 3454 καὶ
975 3401 1422 3471 ἀκατονόμαστον
1465 3397 1850 3468 ἀγωνίζεσθαι,

257 3490 508 3562 ἀντέχειν
544 3509 605 3546 τε
643 3493 739 3546 καὶ
774 3492 1043 3565 μηδέποτε
1081 3491 1341 3548 δύνασθαι
1371 3489 1755 3545 καταλύεσθαι.

1957 3215 2245 3284 junctione
2287 3215 2628 3284 delectetur,
2671 3232 2924 3289 quaenam
2983 3234 3106 3275 esse
3159 3225 3340 3288 potest
3405 3217 3550 3272 inter

1964 3315 2257 3377 utrumque
2303 3307 2619 3364 dissensio?
2680 3307 2777 3364 Sin
2821 3318 3014 3364 mutuo
3057 3310 3434 3374 reluctantur,
3482 3323 3551 3364 ac

1963 3399 2065 3457 sibi
2090 3401 2374 3472 aequaliter
2410 3401 2701 3468 resistunt,
2762 3416 2872 3457 non
2908 3401 3108 3472 poterit
3139 3400 3415 3465 Christus,
3447 3399 3546 3472 qui

1961 3492 2027 3546 ad
2043 3491 2276 3547 alterum
2291 3492 2748 3564 exstinguendum
2767 3493 3023 3557 accessit,
3043 3492 3388 3564 tyrannicum
3429 3491 3544 3560 ejus

260 3582 606 3638 dominatum
636 3591 916 3640 evertere:
942 3591 1132 3656 utpote
1165 3585 1314 3656 quod
1343 3583 1548 3638 acriter
1572 3583 1828 3648 obsistat,
1864 3590 1918 3638 et
1978 3584 2250 3642 adversus
2298 3601 2616 3656 supremum
2667 3585 2822 3653 illud,
2881 3583 3028 3656 quod
3071 3599 3174 3640 nec
3219 3582 3413 3648 videri,
3448 3597 3551 3640 nec

261 3679 540 3738 nominari
573 3687 776 3750 potest,
836 3680 918 3736 sic
965 3688 1190 3751 pugnet,
1220 3694 1286 3735 ac
1311 3677 1638 3750 refragetur,
1677 3677 1826 3732 nulla
1857 3689 1914 3734 ut
1937 3679 1991 3734 vi
2013 3678 2174 3750 dejici
2193 3695 2314 3737 sese
2348 3679 2604 3752 patiatur.

330 3773 404 3829 Γ.
449 3776 614 3846 Λέγει
657 3775 715 3829 δὲ
756 3776 784 3829 6
833 3775 1042 3847 ἠλίθιος
1089 3775 1184 3828 καὶ
1229 3774 1320 3829 τὸν
1362 3775 1526 3846 νόμον
1584 3774 1681 3829 καὶ
1725 3773 1856 3838 τοὺς

257 3870 547 3940 προφήτας
579 3867 677 3939 τῆς
711 3866 924 3938 φαύλης
960 3867 1056 3920 καὶ
1087 3865 1334 3929 ἐναντίας
1372 3859 1511 3919 εἶναι
1539 3865 1735 3937 ἀρχῆς,
1764 3865 1858 3919 τὸν

257 3961 316 4015 δὲ
346 3960 578 4031 Χριστὸν
611 3959 710 4030 τῆς
757 3957 989 4029 ἀγαθῆς.
1040 3957 1212 4013 Πόθεν
1256 3953 1349 4012 οὖν
1392 3957 1442 4010 οἱ
1483 3957 1758 4030 προφῆται
1789 3957 1858 4012 τὰ

257 4053 344 4117 είς
374 4051 606 4124 Χριστὸν
632 4051 996 4121 τετυπωμένα
1037 4049 1525 4123 προανεφώνησαν,
1565 4050 1613 4103 εί
1647 4050 1722 4120 μὴ
1756 4049 1856 4119 μία

260 4140 334 4217 ἦν
369 4144 464 4197 καὶ
501 4146 536 4215 ή
584 4143 723 4215 αὑτὴ
764 4142 1013 4214 δύναμις,
1061 4145 1094 4213 ή
1132 4141 1414 4213 λαλήσασα
1459 4143 1518 4194 ὲν
1561 4140 1712 4211 νόμῳ
1762 4141 1856 4194 καὶ

261 4239 325 4290 ὲν
379 4237 686 4307 προφήταις
731 4236 825 4288 καί
866 4233 1251 4303 Εὐαγγελίοις;
1302 4231 1554 4302 καθάπερ
1583 4229 1760 4298 λέγει·
1804 4230 1858 4282 '0

260 4327 476 4384 λαλῶν
514 4328 585 4382 ἐν
628 4326 755 4394 τοῖς
785 4327 1121 4396 προφήταις
1169 4324 1299 4378 ἰδοὺ
1339 4323 1600 4392 πάρειμι,
1651 4322 1746 4378 καὶ
1791 4321 1862 4377 τὰ

261 4421 418 4491 έξῆς.
448 4419 619 4474 Πόθεν
654 4419 712 4474 δὲ
753 4417 848 4473 καὶ
879 4421 907 4471 6
939 4416 1143 4488 Κύριος
1171 4418 1229 4469 ὲν
1265 4414 1344 4486 τῷ
1373 4413 1689 4484 Εὐαγγελίῳ
1725 4428 1862 4484 προ-

2035 3773 2124 3829 111.
2165 3774 2324 3842 Quod
2381 3784 2565 3831 autem
2607 3774 2838 3830 insanus
2885 3774 2976 3830 ille
3031 3775 3196 3844 legem
3226 3787 3288 3826 ac
3316 3772 3552 3842 prophe-

1962 3877 2050 3925 tas
2093 3867 2370 3924 existimat
2412 3883 2444 3923 a
2485 3867 2747 3923 deteriori
2783 3882 2849 3922 ac
2879 3866 3166 3923 contrario
3198 3881 3320 3920 esse
3345 3863 3555 3934 princi-

1963 3960 2076 4030 pio,
2112 3974 2143 4013 a
2177 3958 2404 4015 meliore
2450 3974 2584 4015 vero
2635 3957 2954 4026 Christum;
3017 3957 3060 4011 si
3109 3957 3163 4011 id
3211 3971 3402 4012 verum
3444 3964 3550 4019 est,

1927 4051 2241 4130 _quomodo
2293 4067 2418 4123 quae
2475 4051 2545 4107 ad
2592 4049 2873 4107 Christum
2929 4047 3234 4104 attinebant
3275 4047 3555 4119 propheta:

1959 4143 2128 4198 certis
2167 4141 2472 4214 ﬁgurarum
2508 4141 2809 4198 involucris
2845 4140 3061 4196 Obtecta
3087 4139 3368 4194 vaticinati
3399 4146 3550 4205 sunt,

1965 4231 2074 4288 nisi
2114 4247 2222 4286 una
2268 4230 2574 4302 eademque
2610 4231 2696 4286 vis
2744 4236 2911 4296 esset,
2957 4245 3079 4300 quae
3110 4231 3166 4284 in
3199 4228 3316 4298 lege
3347 4228 3554 4298 pariter

1967 4339 2032 4380 ac
2078 4322 2391 4394 prophetis,
2443 4332 2608 4393 atque
2641 4320 2951 4392 Evangeliis
2986 4321 3168 4374 locuta
3198 4319 3308 4374 sit?
3345 4317 3548 4384 Quem-

1967 4417 2260 4473 admodum
2317 4415 2494 4471 dicit:
2528 4413 2633 4480 Qui
2686 4415 2940 4485 loquebar
2990 4416 3043 4468 in
3087 4411 3351 4480 prophetis
3380 4450 3394 4474 ,
3437 4426 3558 4464 ecce

262 4512 571 4581 ανεφώνει,
634 4511 808 4580 λέγων
831 4529 846 4542 ο
895 4511 966 4563 El
1019 4507 1270 4563 Μωυσεῖ
1320 4507 1699 4570 ἐπιστεύετε,
1762 4505 1856 4560 καὶ

1968 4507 2158 4563 adsum
2189 4507 2238 4573 ⁸,
2279 4515 2388 4562 etc.
2439 4505 2710 4562 Praeterea
2755 4521 2850 4560 cur
2881 4505 3147 4560 Dominus
3176 4504 3232 4556 in
3261 4501 3561 4572 Evangelio

259 4605 396 4675 ἐμοὶ
425 4603 502 4659 ἂν
525 4604 874 4658 ἐπιστεύετε
891 4616 906 4632 ⁸
937 4602 1167 4668 ἐκεῖνος
1195 4602 1306 4670 γὰρ
1333 4599 1468 4670 περὶ
1510 4598 1656 4669 ἐμοῦ
1691 4598 1862 4670 ἐπρα-

259 4701 387 4766 ψε;
425 4695 531 4750 Καὶ
577 4695 750 4749 πολλά
806 4712 896 4766 μοι
951 4693 1066 4748 ἐστι
1120 4695 1250 4765 περὶ
1294 4691 1610 4764 μαρτυριῶν
1657 4691 1858 4760 λέγειν,

261 4787 453 4852 καθὼς
509 4787 837 4859 συναγείρας
889 4786 1085 4857 σχολὴν
1139 4784 1321 4856 ἑαυτῷ
1372 4784 1629 4854 ἐποίησεν
1678 4785 1708 4836 6
1768 4783 1864 4836 ἐπὶ

265 4881 657 4952 συγκυρήματι
697 4878 921 4950 πονηρῷ
961 4878 1040 4949 τῷ
1077 4878 1268 4948 κόσμῳ
1301 4876 1729 4947 ὲπιϐλαστήσας,
1770 4874 1866 4929 καὶ

267 4969 552 5040 πλανήσας
594 4969 718 5034 τοὺς
753 4969 843 5022 ὑπ’
885 4967 1050 5022 αὑτοῦ
1085 4965 1556 5036 πεπλανημένους.
1593 4963 1867 5037 Παρελεύ-

268 5077 442 5132 σομαι
480 5061 537 5115 δὲ
587 5061 682 5115 καὶ
722 5059 947 5131 ταύτην,
973 5059 1106 5113 ὡσεὶ
1151 5058 1395 5130 μέμυκος
1428 5058 1449 5089 ³
1479 5057 1573 5111 καί
1610 5073 1868 5128 πεμφρη-

267 5153 422 5216 δόνος
459 5152 570 5225 (61)
614 5152 721 5208 τῶν
768 5153 1092 5207 ὀδυνοποιῶν
1139 5154 1204 5206 έκ
1257 5151 1522 5204 πετεινῶν
1579 5148 1866 5203 κνωδάλων

351 5289 367 5321 ¹
393 5287 454 5344 F.
489 5290 545 5360 ἦ.
620 5289 642 5320 ’
669 5287 804 5344 Cum
827 5287 1255 5360 interrogatione
1278 5288 1381 5359 leg.
1417 5286 1775 5359 ἀμφοτέρωνς
1847 5285 1856 5317 ³

1963 5329 1968 5341 ,
2000 5289 2311 5360 μύρμηκος.

349 5404 461 5473 (6|)
507 5403 667 5461 Ὠσεὶ
707 5405 1005 5476 μέμυκος,
1058 5405 1157 5476 καὶ
1205 5403 1646 5476 πεμφρηᾷόνος.
1705 5400 1862 5476 Quod

1967 4600 2331 4673 praedicaret?
2365 4597 2427 4654 Si
2457 4597 2630 4670 Moysi
2669 4597 2970 4662 crederetis,
3003 4596 3287 4652 crederetis
3321 4595 3554 4664 forsitan

1967 4703 2016 4749 et
2050 4693 2218 4749 mihi:
2250 4693 2313 4747 de
2340 4709 2422 4747 me
2445 4693 2584 4748 enim
2633 4692 2724 4747 ille
2766 4692 2979 4761 scripsit
3006 4693 3050 4746 ⁵.
3097 4689 3265 4746 Plura
3299 4688 3554 4760 equidem

1969 4786 2038 4842 de
2063 4785 2339 4857 ejusmodi
2370 4784 2704 4842 testimoniis
2731 4784 2786 4838 in
2813 4784 3053 4857 medium
3083 4769 3281 4838 afferre
3310 4793 3553 4852 possem,

1969 4879 2170 4950 quibus
2219 4877 2580 4933 accumulatis
2609 4875 2855 4931 scholam
2887 4875 2980 4931 ille
3012 4875 3118 4932 sibi
3147 4872 3425 4938 conﬂavit,
3459 4872 3556 4942 qui

1973 4968 2177 5025 infelici
2233 4968 2478 5038 quodam
2529 4968 2644 5023 fato
2692 4982 3040 5022 communem
3089 4965 3160 5020 ad
3199 4966 3348 5021 orbis
3379 4964 3558 5034 perni-

1971 5059 2110 5113 ciem
2141 5057 2397 5124 effloruit,
2451 5075 2516 5114 ac
2543 5065 2845 5114 sectatores
2889 5073 3020 5112 suos
3063 5056 3117 5110 iu
3157 5055 3403 5110 fraudem
3446 5054 3555 5109 im-

1973 5151 2131 5220 pulit.
2185 5151 2294 5207 Sed
2325 5152 2468 5206 hanc
2512 5167 2616 5223 ego
2658 5167 2878 5222 quoque
2921 5151 3357 5222 praetermittam,
3409 5157 3556 5220 post-

2390 5287 2412 5320 ⁸
2438 5286 2542 5345 lsa.
2581 5304 2678 5357 LII,
2705 5289 2757 5344 6.
2836 5289 2856 5320 ⁸
2883 5284 3036 5342 Joan.
3070 5302 3124 5351 ν,
3159 5285 3249 5342 46.

1972 5400 2109 5458 Vide
2137 5402 2502 5458 Scholiasten.
2533 5400 2638 5468 Qui
2673 5400 2923 5472 βέμϐυκα
2949 5399 3268 5472 σφηκοειδὲς
3300 5399 3555 5472 quiddam

270 5470 476 5546 insecti
503 5491 678 5546 genus
707 5470 797 5530 'sit
839 5474 1020 5546 μέμυξ
1052 5470 1292 5546 viderint
1326 5470 1558 5528 eruditi.
1603 5473 1856 5546 Suspicou

1970 5474 2276 5546 esserdicit,
2307 5473 2475 5546 μέλαν
2506 5473 2646 5546 κατά
2674 5470 2774 5546 τὴν
2801 5473 3013 5546 χροιὰν,
3042 5470 3252 5546 κέντρῳ
3279 5470 3559 5546 χρώμενον

270 5544 695 5627 Ιεςηβέμβυκος
725 5561 739 5575 ι
775 5545 919 5670 quod
961 5545 1284 5626 vocabulum
1313 5560 1370 5599 cu

270 5623 568 5670 coniungit
601 5615 772 5670 Nican
812 5631 872 5670 er
907 5614 1152 5670 Alexmh.
1181 5631 1234 5670 v.
1269 5615 1370 5670 185

267 5614 568 5687 εοίιῇυιιεὶι
601 5614 872 5672 Nicander
907 5614 1152 5685 Alexiph.
1181 5631 1234 5679 v,
1269 5615 1374 5670 185
1407 5633 1421 5670 :

1194 5704 1489 5760 Μέλισσαι
1507 5745 1522 5770 ,

275 5777 674 5849 Ιιεμςορηδὼν,
705 5775 939 5848 σφῆκές
980 5794 1040 5832 τε
1084 5777 1180 5833 καὶ
1232 5777 1299 5830 ἐκ
1327 5776 1629 5844 ,ϐέμϐιικες
1667 5775 1868 5843 (ipsum.

813 5541 926 5599 u'od'
961 5545 1287 5616 vocabulum
1313 5560 1440 5616 cum
1467 5541 1856 5616 pemphredom

1969 5544 2118 5616 εξ)ςοὶ
2147 5541 2375 5615 σφῆκέςο
2407 5541 2520 5616 .Sed
2551 5551 2612 5616 9!
2639 5541 2739 5616 av
2783 5541 3115 5616 meatum:
3168 5542 3286 5616 sive
3334 5541 3560 5616 τενθρη-

1969 5613 2165 5739 δόνῗνο
2196 5610 2493 5671 ἰίοηιιιιιιίε
2543 5610 2791 5686 βέμὸύκα
2836 5610 3196 5670 νοείτίζιίωο
3246 5610 3555 5682 Stephanus

1972 5699 2026 5739 In
2113 5699 2341 5739 wsuuro.

1972 5699 2026 5739 In
2059 5699 2341 5741 Πιεδιιιιτο.
