3934 6442
395 361 499 419 695

1816 359 1874 418 S.
1906 361 2270 424 EPIPHANIL‘

3571 363 3673 422 ως

395 497 561 553 quam
606 494 730 538 eam
777 481 1040 551 memycis
1090 479 1404 551 cujusdam,
1442 495 1509 535 ac
1541 477 1977 552 ’pemphredonls

2111 481 2422 554 ρμωμένων
2470 481 2576 536 ὑπὸ
2622 483 2754 554 μίαν
2787 481 2945 554 θῆξιν
2971 481 3422 537 ὲκπετασθέντων
3457 481 3562 553 τὴν
3589 484 3680 538 ἀν-

395 571 570 644 (quod
627 585 804 641 vespa:
847 587 1021 642 genus
1063 573 1167 642 est)
1218 573 1414 639 instar,
1452 588 1574 644 qum
1601 577 1657 627 et
1681 570 1796 626 ictu
1825 572 1982 628 dolo-

399 679 514 719 rem
540 663 850 730 incutiunt,
875 671 928 718 et
947 679 1014 720 ex
1037 675 1400 734 pennatorum
1427 664 1762 722 insectorum
1784 678 1983 735 genere

399 763 553 820 sunt,
597 768 708 808 uno
739 763 999 809 contactu
1029 755 1346 827 obtrituque
1376 756 1681 829 proﬂigari,
1717 756 1982 814 efﬁcacis-

401 847 538 901 sima
567 844 661 900 Dei
694 844 798 900 fide
828 860 891 900 ac
925 846 1154 902 salutari
1184 847 1404 903 Domini
1443 851 1617 906 nostri
1655 849 1786 906 Jesu
1831 848 1987 903 Chri-

400 940 471 994 sti
524 937 776 993 doctrina
827 938 1119 1006 subnixus,
1174 941 1270 1011 qui
1309 939 1490 1000 dixit:
1536 940 1715 996 Videte
1752 957 1815 996 ne
1843 939 1984 994 deci-

401 1030 626 1098 piamim’
669 1029 711 1084 '.
764 1028 929 1083 Multi
989 1030 1130 1084 enim
1195 1032 1399 1086 venient
1455 1031 1917 1102 pseudopropheta:
1938 1033 1982 1083 ³.

402 1120 649 1191 Cumque
679 1129 732 1178 et
760 1120 1058 1193 Apostolus
1101 1121 1168 1178 de
1211 1122 1408 1179 iisdem
1450 1123 1729 1180 emcntitis
1757 1121 1987 1178 christis

402 1225 467 1266 ac
498 1213 798 1284 magistris,
854 1212 1122 1285 falsisque
1153 1212 1423 1270 fratribus
1452 1213 1672 1271 locutus
1704 1213 1984 1268 cautiores

401 1317 506 1359 nos
536 1303 862 1370 reddiderit,
899 1304 967 1359 ad
992 1304 1258 1375 reliquas,
1291 1312 1456 1374 prout
1481 1305 1679 1360 ordine
1708 1319 1830 1360 sese
1857 1303 1989 1360 offe-

403 1400 554 1460 runt,
586 1393 974 1452 transferenda
1004 1394 1166 1450 nobis
1191 1401 1278 1450 est
1301 1395 1500 1450 oratio.

679 1527 1129 1600 302CONTRA
1174 1526 1710 1594 MARCIONISTAS,

621 1639 754 1708 Quae
811 1651 889 1695 est
949 1641 1165 1696 haeresis
1229 1638 1407 1695 XXII
1457 1640 1536 1696 vel
1586 1639 1774 1696 XLII.

481 1750 523 1806 l.
565 1750 834 1817 Marcion,
881 1767 912 1808 a
941 1767 1052 1824 quo
1097 1750 1467 1807 Marcionistze
1521 1751 1791 1806 nominati
1839 1759 1990 1815 sunt,

2082 573 2284 628 ἅλωσιν
2318 573 2684 646 ποιησάμενος
2710 574 2802 628 διὰ
2841 573 2945 645 τῆς
2980 572 3074 626 τοῦ
3111 571 3248 626 Θεοῦ
3277 572 3680 644 ἐνεργεστάτης

2084 665 2321 730 πίστεώς
2345 683 2407 720 τε
2441 668 2537 722 καὶ
2566 665 2943 738 σωτηριώδους
2967 666 3314 730 διδασκαλίας
3343 665 3439 720 τοῦ
3470 665 3682 738 Κυρίου

2084 757 2244 829 ἡμῶν
2281 757 2458 828 Ἰησοῦ
2517 756 2790 830 Χριστοῦ,
2841 757 2934 811 τοῦ
2975 757 3254 821 είπόντοςο
3290 756 3560 811 Βλέπετε
3591 755 3682 826 μὴ

2085 848 2456 919 πλανηθῆτε.
2500 850 2729 904 Πολλοὶ
2783 848 2895 920 γὰρ
2944 849 3298 904 ἐλεύσονται
3342 847 3686 916 ψευδοπρο-

2085 941 2286 1013 φῆται.
2318 943 2431 998 Καὶ
2461 941 2557 996 τοῦ
2600 941 2924 996 Ἀποστόλου
2957 941 3087 1013 ἰτερὶ¹
3126 941 3234 994 τῶν
3266 940 3450 994 αὐτῶν
3485 939 3684 1010 ψευδο-

2087 1035 2343 1106 χρίστων,
2367 1036 2462 1088 καί
2483 1032 3006 1104 ψευδοδιδασκάλων,
3036 1031 3131 1086 καὶ¹
3155 1031 3542 1101 ψευδαδέλφων
3573 1030 3684 1100 φή-

2091 1142 2304 1191 σαντος,
2331 1124 2425 1178 καὶ
2446 1126 2596 1196 ἡμᾶς
2614 1123 3080 1195 ἀσφαλισαμένου,
3111 1122 3204 1176 ἐπὶ
3229 1121 3330 1185 τὰς
3359 1121 3512 1192 ἑξῆς,
3541 1119 3686 1174 κατά

2087 1216 2187 1288 τὴν
2220 1214 2544 1271 ἀκολουθίαν
2574 1215 2979 1287 προϐαινόντων
3013 1215 3120 1269 τῶν
3154 1213 3349 1281 ἄλλων,
3382 1212 3687 1284 ποιήσομαι

2088 1307 2188 1378 τὴν
2215 1307 2509 1380 ὑφήγησιν.

2501 1533 2693 1586 ΚΑΤΑ
2728 1531 3276 1596 ΜΑΡΚΙΩΝΙΣΤΩΝ,

2090 1646 2353 1715 Είκοστὴ
2389 1646 2662 1716 δευτέρα,
2697 1649 2737 1716 ἠ
2777 1649 2878 1702 καὶ
2917 1645 3380 1716 τεσσαρακοπὴ
3413 1643 3688 1714 δευτέρα.

2166 1757 2247 1811 A'.
2281 1756 2568 1828 Μαρκίων,
2608 1756 2701 1826 ἀφ’
2733 1751 2905 1828 οὗπερ
2929 1754 3366 1829 Μαρκιωνισταὶ,
3396 1757 3463 1809 ὲκ
3497 1754 3692 1809 τούτου

411 1859 442 1897 a
466 1843 714 1899 Cerdone
740 1844 832 1899 illo
853 1845 980 1899 novi
1011 1843 1287 1914 dogmatis
1317 1843 1669 1902 occasionem
1697 1843 1992 1914 arripiens,

2111 1846 2190 1902 τοῦ
2223 1848 2624 1921 προειρημένου
2664 1849 2947 1921 Κέρδωνος
2978 1849 3076 1919 τῆν
3109 1848 3384 1919 πρόφασιν
3427 1843 3690 1916 εἰληφὼς,

416 1935 609 2004 ingens
642 1939 697 1988 et
720 1933 838 2003 ipse
864 1932 1090 1988 coluber
1118 1931 1176 1988 in
1209 1933 1397 1989 orbem
1433 1940 1706 1988 terrarum
1746 1933 1996 1988 invectus

414 2031 520 2076 est.
585 2021 688 2088 Qui
719 2021 933 2076 inﬁnita
965 2022 1249 2078 hominum
1281 2022 1635 2079 multitudine
1673 2023 1844 2078 variis
1873 2022 2000 2076 arti-

415 2113 516 2168 bus
551 2112 621 2167 ad
669 2112 775 2168 hoc
823 2127 1001 2183 usque
1055 2121 1273 2184 tempus
1321 2114 1508 2182 illusa,
1557 2114 1746 2170 ludum
1789 2115 1998 2170 erroris

411 2205 649 2274 aperuit.
680 2203 862 2277 Atque
893 2206 1009 2262 hac
1040 2207 1270 2264 haeresis
1297 2207 1460 2265 hodie
1482 2225 1593 2264 non
1621 2207 1786 2264 modo
1810 2207 2000 2264 Romae

414 2304 468 2350 et
499 2297 555 2351 in
583 2295 740 2352 Italia
781 2283 1081 2370 reperitur,
1129 2301 1228 2357 sed
1258 2309 1315 2357 et
1339 2301 1638 2374 IEgyptum
1667 2317 1733 2358 ac
1759 2299 2002 2357 Palaesti-

415 2405 562 2456 nam,
605 2406 707 2448 nec
751 2407 863 2448 non
927 2393 1184 2450 Arabiam
1239 2410 1305 2452 ac
1351 2395 1592 2468 Syriam,
1654 2397 1894 2469 Cyprum
1934 2413 2001 2455 ac

413 2480 772 2550 Thebaidem,
816 2484 930 2539 imo
967 2487 1135 2541 etiam
1166 2485 1473 2556 Persidem,
1526 2490 1774 2560 aliasque
1815 2491 1999 2560 regio-

413 2588 513 2629 nes
566 2575 726 2646 longe
775 2583 863 2633 est
894 2577 1116 2650 lateque
1155 2590 1468 2653 pervagata.
1519 2581 1734 2649 Quibus
1775 2585 1832 2639 in
1865 2584 2002 2640 locis

413 2665 711 2735 plurimum
754 2669 1136 2739 nequissimus
1181 2672 1396 2730 daemon
1432 2673 1732 2731 calliditate
1787 2689 1887 2731 sua
1939 2690 2005 2730 ac

415 2757 792 2814 fraudulentia
824 2761 1084 2830 profecit.

482 2866 612 2924 Fuit
641 2868 746 2927 iste
781 2887 980 2943 genere
1001 2871 1289 2940 Ponticus,
1338 2892 1402 2933 ex
1436 2893 1500 2934 ea
1541 2888 1698 2950 parte
1736 2896 1858 2954 quae
1900 2881 2005 2938 He-

419 2961 747 3031 lenopontus
782 2963 1008 3029 dicitur,
1041 2967 1245 3038 oppido
1285 2967 1510 3040 Sinope,
1541 2973 2004 3041 quemadmodum

416 3049 693 3122 frequenti
745 3054 814 3110 de
851 3070 919 3111 eo
964 3056 1106 3112 fama
1149 3060 1486 3130 percrebuit.
1539 3061 1645 3130 Qui
1691 3063 1850 3120 initio
1878 3065 2006 3121 vitae

417 3145 627 3201 scilicet
665 3148 976 3204 castitatem
1023 3165 1136 3222 prae
1167 3167 1227 3208 se
1261 3151 1447 3211 ferens
1489 3156 1892 3213 monachorum
1927 3158 2007 3212 in-

421 3235 608 3290 stituta
630 3236 916 3307 professus
941 3215 1046 3308 est,
1079 3251 1310 3312 parente
1332 3251 1496 3303 natus
1531 3247 1820 3305 catholica
1854 3263 2006 3304 com-
2030 3215 2074 3275 ο

420 3329 702 3385 munionis
751 3333 1038 3404 episcopo.
1089 3333 1292 3393 Postea
1337 3353 1466 3393 cum
1519 3340 1787 3412 virginem
1819 3357 2008 3413 quam-

418 3420 544 3474 dam
597 3421 934 3489 adamasset,
971 3439 1036 3481 ac
1091 3424 1378 3484 fraudibus
1422 3430 1758 3499 pellexisset,
1805 3433 1875 3488 ab
1913 3449 2010 3503 spe

416 3510 546 3566 vitae
584 3513 832 3570 caelestis
867 3515 1018 3569 illam
1045 3516 1206 3586 juxta
1257 3533 1324 3573 ac
1367 3520 1730 3588 semetipsum
1776 3521 2009 3598 deiecit,

420 3601 504 3660 οι)
534 3604 684 3659 hunc
718 3605 889 3675 igitur
918 3607 1190 3663 incestum
1224 3608 1472 3666 Ecclesia
1510 3613 1580 3668 ab
1621 3613 1743 3684 ipso
1783 3605 2009 3685 parente

425 3696 616 3763 pulsus
657 3705 778 3766 est,
835 3699 954 3755 viro
989 3701 1310 3771 comprimis
1349 3703 1632 3774 religioso,
1665 3719 1731 3762 ac
1761 3707 2009 3765 veritatis

423 3800 615 3842 amore
647 3787 1104 3859 ﬂagrantissimo,
1143 3804 1197 3847 et
1226 3791 1283 3845 in
1318 3792 1424 3848 hac
1457 3795 1788 3868 episcopalis
1821 3815 2012 3855 mune-

423 3879 501 3931 ris
531 3877 1014 3936 administratione
1047 3883 1354 3951 prtestanti.
1385 3882 1486 3938 Cui
1525 3900 1650 3940 cum
1683 3886 1887 3944 Marcio
1914 3889 2008 3944 diu

422 3967 770 4040 multumque
803 3971 1202 4041 supplicasset,
1255 3987 1322 4028 ac
1373 3976 1757 4044 painitentiam
1816 3963 2010 4049 postu-

423 4059 632 4126 lasset,
699 4059 845 4118 hanc
897 4077 928 4117 a
980 4069 1138 4133 patre
1208 4065 1468 4135 precibus
1521 4052 1689 4124 nullis
1747 4069 2005 4128 obtinuit.

423 4149 816 4209 Vehementem
853 4155 1125 4226 siquidem
1171 4173 1240 4213 ex
1275 4173 1340 4214 ea
1379 4174 1441 4213 re
1479 4158 1725 4215 dolorem
1765 4162 2009 4231 optimus

423 4259 593 4299 senex
640 4253 695 4300 et
739 4247 1035 4318 episcopus
1079 4259 1345 4319 coeperat,
1376 4251 1524 4322 quod
1563 4266 1673 4306 non
1704 4251 1796 4307 ille
1826 4253 2008 4308 solum

423 4335 759 4402 excidisset,
822 4337 918 4394 sed
972 4346 1028 4394 et
1080 4339 1442 4410 ignominiam
1493 4341 1599 4397 sibi
1652 4357 1718 4396 ac
1770 4341 2010 4398 dedecus

423 4426 804 4496 imposuisset.
859 4428 1003 4501 Ergo
1045 4431 1140 4486 ubi
1189 4449 1249 4488 se
1279 4433 1448 4489 nullis
1488 4434 1708 4489 artibus
1736 4434 2010 4489 eblandiri

424 4531 590 4584 posse
666 4518 815 4588 quod
876 4529 1104 4590 cuperet
1168 4524 1599 4587 animadvertit,
1655 4524 2006 4594 popularium

424 4624 648 4665 suorum
682 4611 880 4679 probra
917 4627 981 4666 ac
1011 4613 1248 4668 ludibria
1283 4629 1396 4668 non
1431 4614 1736 4679 sustinens,
1768 4615 1909 4671 clam
1941 4616 2012 4670 ab

425 4699 628 4768 oppido
649 4700 898 4762 secessit,
931 4717 996 4756 ac
1022 4699 1251 4756 Romam
1303 4711 1428 4772 post
1471 4702 1669 4775 Hygini
1703 4719 1858 4774 papae
1901 4705 2014 4760 obi-

425 4800 542 4844 tum
594 4804 719 4845 sese
752 4791 1010 4856 contulit,
1045 4791 1195 4861 quia
1225 4792 1388 4847 Petro
1427 4791 1710 4862 Pauloque
1746 4791 2013 4862 apostolis

425 4895 608 4936 nonus
646 4877 907 4937 Ecclesiae
958 4881 1269 4953 praefuerat.
1317 4883 1393 4939 Eo
1440 4884 1627 4940 statim
1661 4899 1726 4939 ac
1766 4883 2013 4941 Marcion

425 4973 677 5041 pervenit
727 4972 798 5028 ad
849 4975 1100 5031 seniores
1148 4974 1361 5041 adiens,
1406 4975 1502 5046 qui
1536 4975 1605 5030 ab
1635 4975 2011 5044 apostolorum

319 5094 326 5137 -_
424 5065 713 5136 discipulis
753 5066 932 5122 edocti
979 5067 1162 5121 adhuc
1203 5077 1546 5138 supererant,
1585 5075 1644 5122 ut
1677 5067 1736 5122 in
1764 5082 2012 5123 commu-

435 5156 654 5211 nionem
703 5155 1085 5213 admitteretur
1123 5157 1195 5213 ab
1235 5157 1306 5213 iis
1350 5157 1556 5214 frustra
1591 5159 1770 5228 petiit.
1803 5157 2010 5224 Quam-
2057 5181 2062 5186 ·

425 5247 614 5304 obrem
643 5250 1031 5306 exstimulatus
1062 5249 1301 5319 invidia,
1352 5250 1503 5320 quod
1541 5265 1654 5308 non
1707 5250 2012 5322 principem

502 5403 516 5432 ⁸
549 5402 684 5459 Luc.
718 5419 833 5471 ut,
861 5406 914 5464 8.
988 5409 1011 5440 ²
1041 5403 1209 5462 Marc.
1241 5422 1360 5472 xm,
1385 5405 1478 5461 22.

470 5577 618 5652 ,(6⁸2)
657 5573 943 5656 etimne
974 5582 1170 5656 γένος.
1209 5585 1469 5656 Ponticus
1501 5599 1697 5656 genere
1746 5584 1845 5656 fuit
1879 5586 2016 5638 Mar-

431 5657 556 5722 cion
589 5659 819 5722 inquem
853 5653 974 5704 ideo
1004 5655 1277 5722 Ποντικὸν
1329 5653 1694 5710 λύκονθνοοοι
1747 5654 2016 5712 Eusebius

438 5709 474 5793 If
508 5730 545 5792 δι’
581 5709 744 5793 “is?”
795 5734 842 5770 ς.
884 5722 962 5793 173
1001 5721 1102 5775 hoc
1155 5709 1568 5780 estPonticum
1630 5709 1850 5793 lupum:
1879 5709 2016 5778 Male

434 5786 578 5836 excitu
615 5786 883 5854 interpres
919 5786 1197 5849 Ponticum
1230 5796 1423 5866 lycum.
1457 5786 1695 5867 Scripsit"
1720 5803 1900 5852 autem
1929 5795 2015 5849 ad-

2102 1941 2197 1996 καὶ
2223 1941 2388 2004 αὐτὸς
2419 1941 2594 2011 μέγας
2620 1939 2746 2013 δφις
2772 1939 3014 2012 προῆλθε
3040 1941 3118 2011 τῷ
3148 1940 3266 2010 βίῳ.
3301 1939 3444 1994 Πολὺ
3473 1940 3531 1993 δὲ
3555 1937 3692 2008 πλῆ-

2100 2030 2192 2094 θος
2230 2031 2578 2103 ἐξαπατήσας
2623 2032 2704 2086 ἔτι
2750 2035 2832 2096 είς
2867 2031 3028 2104 δεῦρο
3068 2035 3148 2095 είς
3187 2030 3418 2094 πολλοὺς
3455 2029 3694 2100 τρόπους

2101 2122 2476 2192 προεστήσατο
2504 2121 2893 2176 διδασκαλεῖον.
2929 2123 2994 2176 Ἦ
3017 2121 3074 2174 δὲ
3101 2122 3313 2193 αἵρεσις
3339 2118 3420 2172 ἔτι
3449 2119 3546 2172 καὶ
3573 2117 3692 2182 νῦν,

2101 2212 2159 2266 ἐν
2181 2230 2241 2266 τε
2282 2211 2469 2285 Ῥώμῃ
2509 2213 2606 2269 καὶ
2645 2215 2703 2267 ὲν
2742 2216 2809 2285 τῇ
2852 2213 3074 2286 Ἰταλίᾳ,
3098 2213 3156 2268 ὲν
3188 2211 3449 2282 Αἰγύπτῳ
3483 2228 3545 2265 τε
3599 2209 3696 2264 καὶ

2103 2306 2160 2358 ιν
2189 2303 2542 2377 Παλαιστίνῃ,
2589 2306 2649 2358 ὲν
2690 2304 2921 2376 Ἀραϐίᾳ
2955 2321 3016 2358 τε
3056 2303 3152 2357 καὶ
3203 2305 3260 2357 ὲν
3302 2305 3370 2374 τῇ
3411 2302 3602 2373 Συρίᾳ,
3635 2302 3698 2356 ὲν

2101 2395 2316 2469 Κύπρῳ
2345 2413 2407 2450 τε
2442 2396 2539 2450 καὶ
2567 2395 2814 2467 Θηϐαΐδι,
2844 2397 2905 2450 οὺ
2940 2397 3046 2469 μὴν
3076 2397 3212 2450 ἀλλά
3241 2396 3336 2451 καὶ
3377 2399 3434 2449 ὲν
3471 2398 3540 2466 τῇ
3563 2396 3700 2465 Περ-

2105 2488 2229 2553 σίδι,
2257 2489 2353 2542 καὶ
2381 2490 2439 2542 ὲν
2468 2487 2650 2552 ἄλλοις
2689 2488 2878 2553 τόποις
2903 2489 3240 2559 εὑρίσκεται.
3285 2487 3557 2556 Μεγάλως
3586 2485 3698 2557 γὰρ

2105 2583 2136 2632 ό
2165 2580 2400 2652 πονηρὸς
2431 2581 2489 2634 ἐν
2523 2580 2714 2645 αὑταῖς
2747 2580 3042 2651 κατίσχυσε
3075 2580 3174 2652 τὴν
3204 2580 3444 2652 ἀπάτην.

2176 2863 2346 2933 Οὗτος
2392 2869 2454 2923 τὸ
2504 2868 2660 2939 γένος
2708 2866 2823 2939 (62)
2865 2865 3128 2929 Ποντικδς
3182 2865 3448 2936 ὑπῆρχεν,
3489 2861 3699 2917 Ἕλενοο

2107 2961 2307 3016 πόντου
2338 2960 2397 3015 δέ
2424 2977 2590 3032 φημι,
2621 2959 2870 3031 Σινώπης
2904 2958 2961 3014 δὲ
3000 2957 3232 3021 πόλεως,
3261 2956 3337 3020 ὡς
3364 2953 3535 3018 πολὺς
3575 2953 3702 3024 περὶ

2108 3053 2275 3109 αὑτοῦ
2305 3054 2491 3126 ᾅδεται
2521 3052 2698 3122 λόγος.
2727 3053 2830 3106 Τὸν
2873 3050 2930 3105 δὲ
2972 3048 3188 3122 πρῶτον
3221 3045 3385 3102 αὐτοῦ
3413 3047 3530 3118 βίον
3557 3061 3694 3116 παρ-

2109 3148 2290 3202 θενίαν
2317 3146 2478 3218 δῆθεν
2522 3148 2715 3218 ήσκει·
2753 3143 2999 3215 μονάξων
3042 3141 3152 3215 γὰρ
3194 3141 3428 3212 ὑπῆρχε,
3457 3139 3558 3192 καὶ
3589 3135 3703 3198 υίὸς

2109 3238 2412 3296 ἐπισκόπου
2461 3233 2885 3308 τῆςήμετέρας
2937 3233 3099 3302 ἁγίας
3142 3231 3435 3302 καθολικῆς
3465 3228 3702 3298 Ἐκκλη-

2111 3333 2253 3396 σίας.
2301 3330 2510 3402 Χρόνου
2557 3328 2616 3382 δὲ
2658 3328 2938 3400 προϊόντος
2981 3325 3409 3397 προσφθείρεται
3451 3322 3704 3394 παρθένῳ

2109 3424 2238 3492 τινὶ,
2275 3423 2370 3477 καὶ
2397 3422 2750 3493 ἐξαπατήσας
2779 3421 2878 3494 τὴν
2914 3420 3205 3491 παρθένον,
3237 3417 3345 3473 ἀπὸ
3368 3417 3468 3488 τῆς
3489 3415 3705 3478 ἐλπίδος

2112 3517 2285 3589 αὐτήν
2327 3531 2389 3568 τε
2430 3515 2526 3568 καὶ
2571 3514 2763 3568 ἑαυτὸν
2814 3511 3160 3566 κατέσπασε·
3217 3510 3312 3565 καὶ
3349 3509 3449 3580 τὴν
3498 3506 3703 3578 φθορὰν

2110 3605 2604 3677 ἀπεργασάμενος,
2655 3601 2901 3667 ἑξεοῦται
2943 3595 3042 3672 τῆς
3083 3598 3408 3671 Ἐκκλησίας
3457 3596 3566 3651 ὑπὸ
3611 3595 3703 3648 τοῦ

2115 3699 2246 3752 ίδίου
2277 3696 2506 3768 πατρός.
2544 3691 2654 3748 Ἦν
2688 3694 2800 3765 γὰρ
2837 3693 3001 3748 αὑτοῦ
3031 3696 3059 3746 ὁ
3087 3692 3273 3763 πατὴρ
3303 3691 3370 3744 δι’
3396 3689 3706 3762 ὑπερὸολην

2111 3787 2400 3850 εὐλαϐείας
2430 3786 2538 3839 τῶν
2569 3784 2864 3855 διαφανῶν,
2914 3783 3010 3838 καὶ
3057 3782 3266 3854 σφόδρα
3305 3781 3409 3850 τῆς
3449 3780 3705 3851 ἀληθεξας

2111 3871 2542 3946 ἐπιμελομένων,
2566 3871 2882 3942 διαπρέπων
2920 3871 2979 3922 ὲν
3014 3870 3083 3940 τῇ
3127 3868 3230 3938 τῆς
3270 3867 3580 3938 ἐπισκοπῆς
3604 3867 3707 3921 λει-

2111 3963 2361 4036 τουργίᾳ.
2393 3961 2573 4016 Πολλὰ
2601 3962 2760 4034 δῆθεν
2789 3964 2818 4016 ό
2853 3961 3126 4033 Μαρκίων
3167 3959 3586 4024 καθικετεύσας,
3618 3959 3706 4014 καὶ

2111 4059 2345 4129 αἰτήσας
2380 4057 2692 4128 μετάνοιαν,
2723 4056 2824 4111 οὐκ
2870 4055 3062 4127 εἴληφε
3108 4055 3260 4125 παρά
3299 4054 3395 4109 τοῦ
3439 4055 3574 4108 ἰδίου
3608 4072 3704 4109 πα·

2113 4149 2261 4222 τρός.
2314 4149 2484 4213 Πόνος
2533 4148 2644 4220 γὰρ
2688 4143 2803 4218 εἶχε
2858 4147 2949 4201 τὸν
2989 4147 3269 4216 ἀξιόλογον
3321 4147 3558 4219 γέροντα
3616 4147 3706 4201 καὶ

2114 4242 2433 4305 ἐπίσκοπον,
2465 4241 2548 4294 ὅτι
2593 4241 2655 4294 οὐ
2705 4239 2866 4312 μόνον
2911 4239 3170 4306 ἐξέπεσεν
3213 4239 3440 4303 ἐκεῖνος,
3469 4237 3590 4292 ἀλλ’
3629 4239 3705 4293 ὅτι

2115 4333 2212 4386 καὶ
2257 4330 2406 4401 αὐτῷ
2437 4329 2500 4384 τὸ
2547 4325 2736 4401 αἵσχος
2786 4329 3001 4401 ἔφερεν.
3046 4329 3135 4392 Ὠς
3180 4329 3360 4382 τοίνυν
3401 4330 3504 4382 οὐκ
3551 4329 3708 4401 ἔτυχε

2115 4425 2242 4494 παρ’
2270 4421 2438 4475 αὐτοῦ
2485 4420 2572 4474 διὰ
2606 4422 2706 4492 τῆς
2755 4420 3046 4484 κολακείας
3075 4413 3151 4474 ὧν
3186 4419 3384 4487 ἐδέετο,
3417 4421 3492 4491 μὴ
3526 4421 3707 4492 φέρων

2116 4515 2214 4587 τὴν
2240 4515 2350 4569 ἀπὸ
2387 4515 2497 4568 τῶν
2541 4513 2754 4568 πολλῶν
2787 4513 3007 4585 χλεύην,
3059 4513 3447 4585 ἀποδιδράσκει
3483 4514 3588 4585 τῆς
3617 4515 3709 4568 πό-

2045 4578 2088 4632 D
2117 4578 2255 4670 λεως
2283 4607 2386 4677 τῆς
2413 4607 2605 4678 αὐτῆς,
2631 4606 2728 4660 καὶ
2755 4578 2961 4662 ἄνεισιν
3001 4606 3084 4670 είς
3127 4607 3226 4678 τὴν
3256 4578 3481 4680 ’Ῥώμην
3516 4578 3706 4679 αὐτὴν,

2123 4697 2260 4770 μετά
2295 4697 2358 4750 τὸ
2397 4697 2720 4768 τελευτῆσαι
2756 4697 2970 4765 Ὑγῖνον
3011 4698 3104 4751 τὸν
3136 4698 3434 4751 ἐπίσκοπον
3468 4697 3706 4770 Ῥώμης.

2120 4785 2291 4853 Οὗτος
2313 4789 2372 4842 δὲ
2404 4788 2591 4852 ἔνατος
2602 4784 2683 4860 ἦν
2713 4789 2822 4842 ἀπὸ
2849 4789 3055 4861 Πέτρου
3082 4791 3177 4844 καὶ
3205 4789 3419 4843 Παύλου
3445 4791 3554 4844 τῶν
3578 4791 3710 4844 ἀπο-

2123 4883 2354 4936 στόλων·
2383 4881 2477 4935 καὶ
2527 4885 2642 4946 τοῖς
2680 4883 2762 4936 ἔτι
2810 4884 3145 4954 πρεσϐύταις
3167 4883 3434 4956 περιοῦσι,
3476 4883 3572 4937 καὶ
3606 4884 3710 4937 ἀπὸ

2118 4975 2229 5030 τῶν
2280 4975 2540 5048 μαθητῶν
2593 4975 2703 5030 τῶν
2749 4977 3062 5034 ἀποστόλων
3112 4977 3456 5048 ὁρμωμένοις
3503 4976 3709 5048 συμϐα-

2120 5066 2248 5132 λὼν,
2299 5066 2418 5138 ᾔτει
2473 5067 2841 5138 συναχθῆναι,
2882 5068 2975 5121 καὶ
3017 5067 3195 5132 οὐδεὶς
3235 5068 3385 5139 αὐτῷ
3443 5067 3709 5140 συγκεχώ-

2123 5175 2292 5230 ρηκε’
2321 5159 2470 5230 ζήλῳ
2497 5158 2681 5213 λοιπὸν
2725 5159 3006 5231 ἐπαρθεὶς,
3047 5159 3122 5224 ὡς
3164 5161 3264 5213 ούκ
3311 5159 3580 5231 ἀπείληφε
3614 5163 3706 5229 τὴν

2125 5253 2418 5325 προεδρίαν
2448 5271 2507 5309 τε
2541 5253 2654 5326 (65)
2689 5255 2784 5308 καὶ
2816 5255 2914 5325 τὴν
2947 5254 3184 5309 είσδυσιν
3225 5255 3325 5326 τῆς
3365 5255 3704 5328 Ἐκκλησίας,

2125 5600 2317 5640 versus
2343 5586 2635 5641 nefandum
2682 5587 2826 5644 hunc
2879 5591 3193 5646 hmreticum
3236 5609 3266 5646 v
3302 5593 3470 5647 libros
3499 5591 3696 5646 Tertul.

2126 5655 2260 5779 lVide
2283 5672 2404 5725 quae
2430 5658 2496 5713 de
2521 5659 2640 5729 ejus
2671 5669 2914 5730 tempore
2939 5662 3005 5717 ad
3038 5663 3166 5717 harr.
3194 5679 3336 5726 xui,
3367 5680 3422 5717 ιι.
3449 5663 3494 5730 Ι,
3521 5665 3697 5732 dispu-

2150 5742 2330 5779 annus.

2150 5742 2330 5783 anius.

2196 5797 2307 5867 (65)
2341 5800 2436 5863 Ὠς
2484 5801 2593 5854 οὐκ
2637 5793 2940 5876 ἀπείληφε
2972 5803 3087 5873 τὴν
3114 5803 3433 5874 προεδρίαν
3463 5820 3546 5860 τε.
3568 5804 3691 5875 Προ-
