3934 6434
178 405 274 461 6'97

828 392 1201 462 ADVERSUS
1230 402 1573 463 HERESES
1610 405 1738 463 LIB.
1781 408 1825 467 Ι.
1863 407 2032 468 ΤΟΜ.
2074 411 2163 469 lll.
2202 442 2273 454 -—
2311 409 2590 468 HERES.
2630 408 2792 465 XLII.

3330 409 3437 465 698

178 523 371 579 ἐπινοεῖ
418 520 598 592 ἐαυτῷ
656 522 755 579 καίΙ
800 523 1138 599 προσφεύγει
1179 528 1246 598 τῇ
1291 523 1385 580 τοῦ
1440 527 1753 593 ἁπατεῶνος

1860 531 1971 590 illic
2009 532 2213 599 locum,
2248 547 2315 586 ac
2349 547 2419 586 ne
2465 529 2725 585 Ecclesiae
2757 526 2979 598 quidem
3015 525 3222 580 aditum
3261 526 3438 597 impe-

178 614 446 688 Κέρδωνος
469 614 701 687 αἱρέσει.

239 790 310 844 B'.
347 789 456 844 Καὶ
492 788 741 862 ἄρχεται,
774 790 850 856 ὡς
884 793 1080 857 εἰπεῖν,
1111 790 1174 858 ἐξ
1218 792 1390 863 αὐτῆς
1432 793 1535 866 τῆς
1573 792 1753 866 ἀρχῆς

176 882 263 935 καὶ
296 881 370 945 ὡς
404 880 515 934 ἀπὸ
558 881 738 955 θυρῶν
769 880 881 936 τῶν
922 879 1254 953 ζητημάτων
1292 883 1596 955 προτείνειν
1640 884 1752 947 τοῖς

174 974 287 1028 κατ’
326 974 504 1026 ἐκεῖνο
546 970 742 1045 καιροῦ
782 973 1181 1045 πρεσϐυτέροις
1223 974 1384 1028 τοῦτο
1425 975 1489 1029 τὸ
1530 974 1753 1048 ζήτημα

174 1065 357 1134 λέγων·
392 1065 596 1119 Είπατέ
635 1082 745 1136 μοι,
783 1065 838 1119 τί
883 1068 1000 1120 ἐστι
1036 1065 1128 1133 τὸ,
1167 1069 1251 1121 Οὐ
1281 1067 1638 1132 βάλλουσιν
1665 1063 1752 1121 οϊ-

173 1172 274 1210 ror
299 1155 442 1211 νέον
482 1157 572 1223 εις
613 1155 846 1223 ἀσκοὺς
895 1157 1213 1224 παλαιοὺς,
1253 1157 1400 1213 οὐδὲ
1449 1158 1753 1228 ἐπίϐλημα

170 1255 383 1326 ῥάκους
414 1255 693 1327 ἀγνάφου
728 1256 827 1311 ἐπὶ
857 1258 1064 1327 ἱματίῳ
1092 1255 1328 1322 παλαιῷ
1347 1272 1360 1286 °
1393 1257 1448 1311 sl
1477 1255 1547 1310 δὲ
1569 1255 1748 1326 μήτε,

172 1348 260 1402 καί
299 1347 367 1402 τὸ
408 1346 704 1416 πλήρωμα
749 1347 924 1416 αἴρει,
962 1348 1063 1401 καὶ
1101 1346 1178 1414 τῷ
1218 1346 1451 1414 παλαιῷ
1489 1348 1562 1401 οὐ
1600 1362 1753 1416 συμ-

104 1493 112 1502 ,
170 1435 439 1505 φωνήσει.
478 1435 693 1498 Μεῖζον
726 1436 837 1507 γὰρ
868 1437 1188 1508 γενήσεται
1230 1438 1503 1508 σχίσμα;
1539 1436 1644 1491 Καὶ
1673 1437 1750 1502 ὡς

167 1528 312 1583 τοῦτο
343 1529 586 1601 ἥκουσαν
630 1529 681 1583 οἱ
729 1530 994 1593 ἐπιεικεῖς
1034 1530 1130 1583 καὶ
1171 1529 1429 1600 πανὰγιοι
1457 1530 1558 1601 τῆς
1591 1530 1752 1600 ἁγίας

167 1620 253 1675 τοῦ
293 1620 425 1674 Θεοῦ
476 1620 809 1692 Ἐκκλησίας
850 1619 1215 1693 πρεσόύτεροι
1272 1622 1367 1676 καὶ
1417 1620 1747 1687 διδάσκαλοι,

167 1711 251 1766 τὸν
278 1711 376 1783 τῆς
405 1712 732 1776 ἀκολουθίας
770 1711 869 1766 καὶ
899 1711 1165 1785 ἁρμονίας
1196 1712 1540 1776 ἀποδιδόντες
1566 1711 1748 1781 λόγον,

169 1802 252 1857 καὶ
276 1802 578 1878 φράζοντες
599 1802 750 1875 αὐτῷ
781 1802 920 1875 μετὰ
950 1804 1271 1871 ἐπιεικείας,
1297 1803 1504 1873 ἔλεγον·
1525 1804 1748 1869 Τέκνον,

167 1893 313 1949 τοῦτό
344 1897 497 1952 ἐστιν
542 1897 708 1952 ἀσκοὶ
747 1896 992 1962 παλαιοὶ,
1022 1898 1086 1951 at
1126 1897 1238 1951 τῶν
1266 1896 1580 1965 Φαρισαίων
1613 1914 1750 1969 καρ-
1780 1884 1824 1941 Β

171 1987 262 2041 Stat
290 1988 381 2042 καὶ
417 1990 823 2061 γραμματέων,
859 1989 1250 2044 παλαιωθεῖσαι
1278 1990 1335 2043 ἐν
1362 1990 1748 2061 ἁμαρτήμασι,

169 2079 249 2133 καὶ
286 2080 354 2152 μὴ
395 2080 692 2152 δεξάμεναι
724 2081 787 2135 τὸ
818 2083 1084 2155 κήρυγμα
1116 2079 1213 2135 τοῦ
1246 2080 1614 2150 Εὐαγγελίουο
1658 2080 1752 2135 καὶ

168 2170 221 2223 τὸ
249 2171 454 2242 ἱμάτιον
497 2172 566 2226 τὸ
616 2173 883 2240 παλαιὸν,
937 2173 1015 2239 ὡς
1054 2174 1151 2228 καὶ
1187 2175 1217 2227 ὁ
1258 2169 1465 2238 Ἰούδας
1509 2173 1757 2228 παλαιω-

171 2260 269 2325 θεὶς
293 2263 348 2315 ἐν
377 2261 723 2335 φιλαργυρίᾳ
758 2262 859 2317 οὐκ
884 2258 1102 2328 ἐδέξατο
1130 2260 1226 2315 τοῦ
1248 2260 1439 2316 καινοῦ
1470 2261 1565 2315 καὶ
1594 2261 1750 2331 ἁγίου

171 2354 250 2407 sai
279 2355 603 2426 ἐπουρανίου
641 2353 942 2427 μυστηρίου
972 2357 1259 2426 κήρυγμα,
1290 2352 1352 2407 τὸ
1380 2353 1482 2424 τῆς
1515 2353 1748 2418 ἐλπίδος.

172 2443 340 2498 Καίτοι
364 2444 667 2514 συναφθεὶς
684 2447 799 2510 τοῖς
820 2445 1013 2501 ἕνδεκα
1041 2444 1383 2511 ἀποστόλοις,
1409 2446 1504 2499 καὶ
1530 2445 1753 2515 κληθεὶς

178 2534 250 2586 ὑπ’
285 2533 442 2588 αὑτοῦ
494 2534 600 2589 τοῦ
646 2536 894 2608 Κυρίου,
939 2536 1328 2609 περισσότερον
1370 2535 1579 2607 κτίσμα
1624 2535 1752 2607 ἔσχε

170 2622 227 2677 δι’
247 2625 451 2694 ἑαυτοῦ,
482 2627 724 2699 μηδενὸς
767 2627 918 2700 αὐτῷ
964 2628 1143 2683 αἰτίου
1196 2628 1524 2699 γενομένουο
1558 2629 1750 2703 ἐπειδὴ

175 2717 199 2787 ἢ
224 2717 416 2773 διάνοια
446 2717 624 2774 αὐτοῦ
664 2719 728 2773 οὐ
763 2718 1173 2791 συμπεφώνηκε
1202 2722 1269 2791 τῇ
1304 2720 1417 2774 ἄνω
1448 2719 1625 2774 ἐλπίδι
1655 2722 1752 2776 καὶ

172 2808 449 2883 ἐπουρανίῳ
478 2809 682 2882 κλήσει
726 2809 836 2865 τῶν
869 2809 1172 2883 μελλόντων
1206 2810 1452 2879 ἁγαθῶν,
1486 2812 1608 2867 ἀντὶ
1643 2812 1752 2867 τῶν

174 2901 379 2956 ἐνταῦθα
406 2902 718 2977 χρημάτων
751 2919 811 2956 τε
859 2903 954 2956 καὶ¹
985 2904 1222 2975 κόμπου,
1250 2903 1345 2958 καὶ
1376 2902 1560 2974 φιλίας
1600 2922 1747 2977 παρσ-

172 2992 446 3063 ερχομένης
472 2992 697 3056 ἐλπίδος
719 3009 782 3046 τε
811 2993 906 3048 καὶ
931 2991 1146 3065 ἡδονῆς.

240 3081 294 3137 ὐ
326 3084 400 3151 δὲ,
434 3087 557 3157 Οὐχ
605 3084 801 3151 οὕτως,
851 3085 1037 3156 φησιν,
1069 3083 1207 3139 ἁλλὰ
1256 3084 1394 3141 ἄλλα
1440 3086 1557 3141 ἐστὶ
1596 3084 1752 3158 παρὰ

171 3174 340 3243 ταῦτα,
369 3179 677 3248 ἀντιλέγων
723 3179 753 3231 ὁ
799 3178 1064 3249 Μαρκίων
1085 3193 1100 3209 ο
1132 3178 1322 3251 ἐπειδὴ
1365 3180 1439 3251 μὴ
1476 3178 1750 3249 ἠθέλησαν

1851 630 2077 691 trasset,
2114 623 2181 679 ad
2212 622 2373 695 303
2404 621 2727 693 impostoris
2754 617 3025 675 Cerdonis
3058 617 3292 673 haeresin
3313 634 3443 673 con-

1851 715 2044 788 fugere
2073 718 2129 772 in
2161 718 2405 772 animum
2447 715 2686 777 induxit.

1929 805 1997 863 ll.
2039 807 2181 863 Tum
2215 807 2287 863 ab
2325 807 2444 879 ipso
2477 806 2751 878 principio
2777 805 3046 878 ipsisque,
3084 811 3146 859 ut
3179 804 3253 859 ita
3283 802 3440 859 dixe-

1853 896 1981 963 rim,
2016 899 2387 969 quaestionum
2423 897 2640 953 foribus
2672 912 2926 960 exorsus,
2962 896 3320 968 presbyteris,
3348 897 3441 966 qui

1852 995 1983 1043 tunc
2026 988 2292 1060 temporis
2318 994 2476 1043 erant
2510 989 2677 1058 coepit
2719 987 2825 1043 ista
2873 1002 3226 1057 pr0ponere:
3269 985 3440 1051 Cedo,

1850 1081 2056 1153 inquit,
2083 1081 2215 1152 quid
2252 1081 2360 1136 hoc
2403 1080 2508 1136 sibi
2547 1081 2662 1137 vult
2696 1100 2708 1137 :
2742 1078 2869 1135 Non
2898 1082 3113 1135 mittunt
3140 1081 3317 1133 vinum
3346 1096 3443 1132 no-

1852 1191 1974 1230 uum
2005 1175 2060 1229 in
2090 1182 2235 1230 utres
2269 1182 2466 1230 veteres
2507 1190 2669 1245 neque
2705 1174 3111 1228 commissuram
3152 1172 3317 1242 panni
3348 1188 3443 1225 ru-

1852 1267 1938 1320 dis
1987 1264 2043 1320 in
2087 1267 2457 1321 vestimentum
2505 1274 2674 1329 vetus,
2708 1264 2913 1335 alioqui
2970 1262 3108 1318 tollit
3149 1260 3444 1331 plenitudi-

1853 1374 1993 1423 nem,
2042 1373 2204 1428 neque
2248 1357 2409 1413 veteri
2448 1363 2699 1426 congruet
2737 1372 2755 1409 :
2798 1354 2976 1424 major
3026 1354 3166 1408 enim
3205 1354 3443 1407 scissura

1850 1451 1915 1519 ﬁt
1942 1449 2002 1504 ’2
2034 1449 2183 1520 quod
2235 1447 2455 1505 candidi
2489 1448 2566 1503 illi
2590 1463 2655 1503 ac
2681 1446 3025 1503 sanctissimi
3053 1443 3149 1500 Dei
3184 1443 3446 1499 Ecclesia

1852 1540 2164 1613 presbyteri
2206 1555 2274 1596 ac
2303 1540 2561 1596 doctores
2604 1538 2914 1603 audientes,
2952 1536 3099 1591 hunc
3133 1536 3187 1590 in
3219 1531 3444 1589 modum

1853 1624 2260 1706 respondebant
2291 1651 2305 1687 :
2336 1631 2463 1699 Fili,
2511 1639 2727 1687 veteres
2779 1630 2857 1684 illi
2899 1635 3054 1687 utres
3108 1627 3245 1683 nihil
3295 1626 3444 1682 aliud

1851 1732 2002 1793 sunt,
2043 1740 2208 1796 quam
2265 1722 2696 1788 Pharisaeorum,
2756 1719 3194 1790 Scribarumque
3247 1717 3437 1784 corda,

1853 1832 1977 1888 quae
2007 1816 2254 1888 peccatis
2300 1815 2769 1879 inveteraverant,
2796 1826 2901 1867 nec
2927 1809 3212 1882 Evangelii
3237 1808 3446 1865 doctri-

1854 1923 1980 1963 nam
2013 1906 2376 1962 admiserant.
2411 1905 2728 1976 Eodemque
2761 1910 2922 1959 vetus
2962 1900 3098 1957 illud
3145 1900 3445 1957 vestimen-

1854 2008 1967 2054 tum
2016 1999 2276 2068 pertinet.
2349 1997 2673 2069 Cujusmodi
2716 1994 2890 2051 Iudas
2945 1994 3181 2059 exstitit,
3234 1993 3329 2065 qui
3385 1992 3445 2047 in

1852 2090 2100 2145 avaritiae
2147 2097 2413 2161 tanquam
2457 2095 2733 2145 vetustate
2776 2086 3013 2158 quadam
3061 2084 3445 2150 obsoleverat;

1853 2193 2034 2249 neque
2075 2180 2204 2233 novi
2256 2192 2322 2234 ac
2366 2174 2706 2234 sanctissimi
2780 2173 3137 2241 cmlestisque
3194 2171 3445 2242 mysterii

1852 2270 2298 2342 praedicationem
2341 2268 2592 2339 accepit;
2628 2266 2850 2322 tametsi
2895 2265 2962 2320 ad
3007 2264 3263 2320 undecim
3308 2278 3445 2333 apo-

1854 2363 2028 2419 stolos
2079 2369 2230 2417 esset
2277 2368 2630 2433 aggregatus,
2669 2366 2725 2415 et
2764 2358 2833 2413 ab
2860 2357 2981 2429 ipso
3014 2354 3251 2411 Domino
3280 2368 3448 2409 voca-

1855 2462 1980 2519 tus,
2040 2468 2104 2509 ex
2157 2469 2285 2531 quo,
2318 2453 2583 2523 majorem
2625 2451 2929 2507 Scissurani
2977 2463 3089 2505 non
3140 2447 3251 2503 alio
3281 2460 3447 2517 quam

1853 2546 2091 2618 ipsomet
2146 2546 2254 2601 sibi
2312 2554 2541 2601 auctore
2602 2542 2916 2598 conscivit:
2944 2545 3235 2613 propterea
3296 2535 3446 2608 quod

1853 2638 1975 2709 ejus
2017 2637 2239 2694 animus
2282 2635 2511 2692 caducis
2540 2635 2629 2691 bis
2657 2633 2857 2705 Opibus
2891 2647 2955 2687 ac
2991 2631 3159 2697 fastu,
3191 2628 3451 2698 ﬂuxaque

1852 2730 2141 2786 hominum
2165 2728 2432 2795 amicitia,
2462 2742 2527 2783 ac
2555 2742 2652 2798 spe
2676 2726 3068 2797 voluptateque
3096 2722 3450 2792 contemptis,

1852 2838 2205 2895 nequaquam
2256 2838 2317 2879 se
2366 2821 2650 2877 caelestem
2684 2820 2753 2874 ad
2802 2832 2982 2888 spem,
3030 2831 3097 2871 ac
3133 2815 3451 2871 futurorum

1852 2915 2127 2974 bonorum
2161 2913 2533 2990 vocationem
2570 2908 3111 2967 accommodaverat.

1928 3094 2012 3151 Ad
2057 3094 2178 3150 haec
2220 3091 2607 3149 contradicere
2654 3088 2927 3154 Marcion,
2978 3100 3045 3141 ac
3091 3086 3256 3158 longe
3286 3100 3451 3142 secus

1855 3187 1911 3246 id
1964 3188 2183 3255 habere,
2215 3201 2276 3242 se
2323 3186 2532 3249 dicere,
2578 3198 2680 3253 pro
2724 3197 2792 3238 eo
2831 3179 2981 3252 quod
3007 3178 3297 3235 admittere
3328 3194 3454 3236 sese

173 3240 334 3322 αὐτὸν
358 3240 621 3335 δέξασθαι
677 3267 850 3323 Τοῦτο
895 3240 988 3323 οὖν
1033 3268 1286 3340 φανερῶς
1310 3240 1512 3332 ἀύτοῖς
1554 3240 1744 3338 ἐλεγεο

1860 3251 2272 3337 detrectassent.
2296 3275 2478 3344 Quare
2504 3240 2683 3345 paiam
2706 3288 2802 3330 eos
2837 3240 3125 3343 alloquens
3150 3289 3162 3325 :
3195 3268 3309 3325 Cur
3336 3283 3446 3335 me,

174 3362 229 3415 Τί
252 3364 318 3437 μὴ
336 3365 645 3438 ἠθελήσατε
680 3380 749 3436 με
775 3363 1169 3431 ύποδέξασθαις
1201 3362 1322 3417 Τῶν
1354 3363 1416 3417 δέ
1455 3363 1749 3433 λεγόντων,

175 3453 245 3507 ότι
283 3458 353 3510 υύ
400 3455 687 3528 δυνάμεθα
740 3456 871 3511 ἄνευ
919 3456 1020 3527 τῆς
1063 3455 1373 3527 ἐπιτροπῆς
1425 3454 1520 3509 τοῦ
1567 3455 1752 3528 τιμίου

180 3548 360 3620 πατρός
399 3565 489 3604 σου
522 3547 694 3604 τοῦτο
726 3548 972 3620 ποιῆσαι.
1008 3547 1126 3602 Μία
1162 3548 1275 3619 γάρ
1298 3550 1446 3601 ἐστιν
1483 3548 1517 3618 ἡ
1548 3546 1750 3612 πίστις.

179 3637 259 3690 καὶ
290 3639 381 3709 μία
407 3640 663 3711 ὁμόνοια.
694 3638 789 3693 καὶ
835 3638 894 3692 οὐ
946 3637 1223 3709 δυνάμεθα
1246 3637 1644 3709 ἐναντιωθῆναι
1676 3637 1755 3710 τῷ

178 3727 306 3800 καλῷ
336 3730 762 3804 συλλειτουργῷ,
803 3730 975 3803 πατρὶ
1005 3729 1062 3783 δέ
1105 3728 1204 3801 σῷ.
1246 3728 1508 3801 Ζηλώσας
1544 3729 1752 3798 λοιπὸν,

178 3822 256 3875 καὶ
300 3823 375 3888 είς
425 3822 612 3895 μέγαν
659 3821 848 3896 ἀρθεὶς
886 3820 1062 3891 θυμὸν
1100 3819 1197 3874 καὶ
1241 3819 1643 3893 ὑπερηφανίαν,
1694 3819 1758 3875 τὸ

177 3907 357 3981 σχίσμα
405 3906 709 3983 ἐργάζεται
761 3909 792 3961 ό
839 3906 1117 3973 τοιοῦτος,
1166 3906 1348 3979 ἐαυτῷ
1395 3907 1496 3980 τὴν
1542 3908 1756 3981 αἵρεσιν

176 4003 630 4075 προστησάμενος,
652 4001 751 4056 καὶ
777 3998 967 4068 εἰπὼν,
989 4001 1073 4055 ὅτι
1104 3998 1254 4070 Ἐγὼ
1289 3999 1460 4071 σχίσω
1488 4000 1589 4074 τὴν
1629 4002 1757 4055 Ἐκ-

178 4094 379 4168 κλησίαν
415 4097 606 4171 ὑμῶν,
641 4096 738 4151 καὶ
782 4094 931 4167 βαλῶ
985 4095 1192 4167 σχίσμα
1235 4094 1296 4148 ἐν
1349 4094 1488 4168 αὐτῇ
1534 4095 1617 4159 είς
1663 4093 1757 4151 τὸν

177 4185 347 4242 αίῶνα.
384 4189 472 4253 Ὠς
507 4185 725 4258 τάληθῆ
777 4184 878 4257 μέν
922 4184 1132 4264 σχίσμα
1178 4182 1373 4238 ἐδαλεν
1422 4184 1484 4237 οὐ
1538 4183 1754 4256 μικρὸν,

178 4277 229 4329 οὐ
245 4277 336 4351 τὴν
368 4278 706 4351 Ἐκκλησίαν
734 4277 947 4350 σχίσας,
970 4276 1086 4332 ἁλλ’
1112 4276 1308 4332 ἐαυτὸν
1332 4276 1430 4331 καὶ
1455 4276 1584 4341 τοὺς
1607 4276 1757 4350 αύτῷ

178 4369 498 4438 πεισθέντας.
1736 4430 1743 4438 ,

236 4461 305 4516 I".
337 4463 537 4518 Ἔλαόε
568 4462 629 4518 δέ
664 4461 763 4535 τὴν
796 4461 1070 4534 πρόφασιν
1114 4462 1180 4516 ἐκ
1219 4458 1316 4515 τοῦ
1352 4459 1753 4534 προειρημένου

180 4546 456 4623 Κέρδωνος,
480 4556 680 4627 γόητος
702 4554 799 4613 καὶ
822 4550 1126 4624 ἁπατηλοῦ.
1169 4553 1282 4607 Καὶ
1319 4552 1484 4616 αὐτὸς
1519 4553 1617 4623 μὲν
1644 4552 1755 4625 γὰρ

179 4640 259 4696 δύο
279 4644 533 4717 κηρύττει
557 4644 755 4717 ἀρχάς.
785 4643 1052 4715 Προσθεὶς
1084 4642 1142 4697 δὲ
1168 4644 1331 4699 πάλιν
1357 4644 1575 4715 ἐκείνῳ,
1610 4645 1756 4714 φημὶ

179 4731 247 4804 τῷ
277 4737 537 4809 Κέρδωνι,
564 4736 752 4809 ἕτερόν
789 4753 844 4790 τι
888 4735 1019 4809 παρ’
1065 4736 1277 4792 ἐκείνου
1312 4736 1329 4768 ⁸
1360 4735 1623 4803 δείκνυσι,
1668 4735 1758 4790 λέ-

179 4838 278 4891 γων
301 4832 448 4900 τρεῖς
475 4825 615 4883 εἶναι
653 4823 831 4901 ἀρχὰς
851 4867 868 4896 ,
901 4828 1031 4900 μίαν
1058 4828 1159 4901 μὲν
1196 4829 1298 4901 τὴν
1335 4830 1448 4884 ἄνω
1493 4830 1759 4885 ἀκατονό-

184 4930 369 4983 μαστον
395 4921 491 4974 καὶ
524 4920 757 4992 ἀόρατον
776 4958 791 4983 ,
841 4918 908 4997 ἢν
951 4921 1047 4973 καὶ
1084 4919 1291 4989 ἀγαθὸν
1336 4920 1469 4989 Θεὸν
1510 4921 1760 4994 βούλεται

178 5002 361 5077 λέγειν,
394 5011 560 5082 μηδὲν
596 5012 654 5065 δὲ
685 5010 794 5065 τῶν
823 5013 882 5066 ἐν
922 5010 1002 5082 τῷ
1027 5012 1217 5084 κόσμῳ
1244 5012 1528 5070 κτίσασαν.
1548 5004 1761 5069 λἈλλον

179 5093 230 5148 δὲ
266 5095 401 5156 εἴναι
433 5103 627 5175 ὁρατὸν
652 5103 807 5171 Θεὸν,
848 5102 943 5159 καὶ
992 5103 1239 5177 κτίστην,
1273 5106 1372 5160 καὶ
1401 5105 1757 5180 δημιουργόν.

181 5189 419 5248 Διὰδολον
460 5195 519 5250 δὲ
555 5196 759 5266 τρίτον,
798 5195 873 5260 ὧι,
920 5198 1120 5264 εἰπεῖν,
1169 5197 1265 5251 καὶ
1313 5196 1479 5268 μέσον
1518 5199 1630 5254 τῶν
1668 5199 1764 5255 δύο

183 5282 393 5352 τούτων,
445 5286 543 5343 τοῦ
585 5305 645 5342 τε
701 5287 903 5360 ὀρατοῦ
950 5290 1046 5343 καὶ
1096 5288 1192 5342 τοῦ
1232 5287 1469 5360 ἁορὰτου
1489 5327 1506 5345 .
1553 5290 1659 5345 Τὸν
1703 5290 1762 5346 δέ

184 5373 392 5449 κτίστην
426 5383 520 5434 καί
550 5380 880 5454 δημιουργὸν
914 5363 1013 5436 καὶ
1059 5381 1277 5453 ὁρατὸν,
1318 5381 1453 5436 Θεδν
1477 5378 1618 5437 εἶναι
1651 5383 1762 5438 τῶν

192 5459 471 5537 Ἰουδαίων,
490 5465 632 5525 εἶναι
663 5470 722 5525 δὲ
762 5470 926 5525 αὐτὸν
973 5472 1183 5544 κριτήν.
1224 5471 1368 5545 Παρ’
1407 5471 1557 5544 αὐτῷ
1592 5473 1649 5528 δὲ
1681 5473 1761 5546 τῷ

1494 5578 1513 5605 ι

249 5616 265 5650 ⁸
297 5618 353 5673 F.
377 5624 601 5683 ἐκεῖνον.
673 5630 699 5660 ¹
747 5626 939 5683 Matth.
964 5643 1042 5694 ix,
1085 5628 1174 5694 16,
1212 5626 1295 5683 17.

184 5769 356 5852 ξδρίαν
403 5777 469 5835 ad
501 5784 938 5841 communionem
995 5784 1325 5840 clericorum
1388 5778 1589 5843 refero,
1641 5794 1763 5850 qua:

191 5844 331 5902 Iaica:
387 5854 694 5925 opponitur,
718 5873 841 5929 qua:
875 5866 932 5913 ut
959 5857 1036 5914 ait
1073 5856 1328 5914 Balsama
1363 5852 1430 5910 ad
1473 5866 1598 5909 can.
1650 5844 1758 5909 ιιι

1853 3376 2055 3455 inquit,
2102 3373 2351 3443 recipere
2386 3367 2683 3426 noluistis?
2712 3365 3142 3438 Responderunt
3183 3363 3262 3419 illi
3291 3381 3305 3417 :
3342 3360 3455 3417 No-

1852 3452 1940 3527 bis
1979 3467 2198 3538 injussu
2242 3464 2543 3521 venerandi
2587 3461 2764 3533 patris
2822 3460 2903 3515 tui
2950 3459 3136 3514 facere
3160 3452 3309 3512 istud
3339 3469 3453 3509 non

1854 3552 2006 3619 licet.
2056 3559 2178 3617 Una
2227 3557 2503 3631 siquidem
2556 3555 2693 3611 ﬁdes
2737 3561 2842 3619 est,
2888 3559 2944 3608 et
2990 3551 3302 3606 animorum
3342 3561 3453 3601 una

1856 3653 2180 3719 consensio,
2222 3666 2402 3722 neque
2430 3656 2625 3705 contra
2668 3644 3140 3718 spectatissimum
3184 3640 3452 3709 collegam

1857 3755 2070 3819 patrem
2123 3754 2276 3798 tuum
2317 3740 2504 3798 moliri
2544 3737 2828 3811 quidpiam
2876 3729 3324 3819 possumus.“
3354 3729 3455 3819 ille

1858 3817 2242 3891 vehementius
2289 3828 2743 3891 excandescens,
2792 3838 2858 3878 ac
2906 3820 3167 3894 superbia
3215 3817 3454 3874 invidia-
3563 3859 3569 3879 ,

1857 3940 1967 3998 que
1990 3924 2239 3996 percitus
2266 3921 2511 3979 schisma
2537 3914 2819 3983 conﬂavit,
2847 3929 2914 3969 ac
2940 3910 3198 3985 privatim
3219 3907 3455 3964 haeresin

1850 4008 2254 4072 architectatus
2298 4018 2426 4068 est:
2456 4017 2511 4066 et
2550 4006 2880 4069 Ecclesiam,
2926 4004 3026 4065 ait,
3069 4008 3310 4056 vestram
3352 4011 3455 4069 ego

1861 4106 2200 4170 dissociabo,
2249 4103 2306 4157 in
2339 4115 2573 4171 eamque
2617 4097 2858 4154 schisma
2904 4092 3301 4162 sempiternum
3346 4088 3454 4143 im-

1861 4199 2101 4254 mittam.
2154 4192 2315 4261 Quod
2375 4193 2468 4247 ille
2511 4203 2703 4246 revera
2752 4199 2857 4241 nec
2905 4181 3184 4237 mediocre
3230 4172 3452 4249 quidem

1859 4287 2051 4358 injecit
2078 4306 2092 4342 :
2123 4300 2233 4340 non
2264 4284 2339 4338 ita
2373 4291 2559 4335 tamen
2594 4285 2654 4334 ut
2681 4274 3009 4337 Ecclesium,
3046 4269 3143 4327 sed
3175 4277 3234 4323 ut
3259 4281 3319 4323 se
3349 4279 3452 4336 po-

1860 4381 1973 4435 tius
2006 4394 2071 4434 ac
2092 4393 2225 4433 suos
2253 4372 2614 4432 discinderet.

1938 4465 2030 4521 ΠΙ.
2073 4466 2250 4536 Cujus
2277 4465 2328 4520 ei
2362 4459 2682 4519 schismatis
2713 4458 3100 4529 argumentum
3132 4447 3338 4505 nebulo
3362 4446 3461 4531 ille

1867 4567 1922 4617 et
1959 4562 2225 4631 impostor
2254 4554 2433 4613 Cerdo
2452 4551 2709 4625 praebuit.
2740 4546 2878 4603 Nam
2911 4555 2965 4602 et
2988 4543 3099 4599 duo
3143 4540 3265 4613 ipse
3300 4540 3458 4610 prin-

1864 4652 2013 4724 cipia
2043 4648 2360 4706 constituit.
2392 4644 2465 4700 At
2489 4641 2655 4716 305.
2685 4640 2893 4697 Marcio
2928 4637 3151 4692 tertium
3191 4633 3260 4688 ad
3304 4631 3454 4724 illius

1863 4723 2063 4813 dogma
2117 4738 2450 4812 principium
2495 4732 2734 4805 adjecit,
2791 4739 2853 4784 ut
2906 4727 3137 4783 omnino
3182 4723 3291 4779 tria
3322 4723 3453 4788 sint,

1859 4847 2098 4906 quorum
2129 4845 2302 4886 unum
2339 4828 2412 4885 sit
2448 4839 2791 4897 supremum,
2834 4822 2982 4893 quod
3020 4833 3200 4890 neque
3232 4816 3457 4871 nomine

1859 4902 2291 4995 comprehendi,
2343 4935 2524 4990 neque
2567 4919 2690 4974 visu
2736 4913 2943 4987 percipi
2982 4911 3180 4983 possit,
3209 4921 3373 4978 quem
3401 4912 3457 4963 et
3568 4902 3571 4909 ’

1858 5015 2065 5072 bonum
2095 5016 2265 5069 Deum
2309 5010 2572 5082 appellat,
2611 5021 2643 5061 a
2671 5018 2782 5077 quo
2814 5002 2951 5058 nihil
2985 5001 3059 5057 sit
3097 5012 3289 5055 eorum
3334 5007 3457 5066 qua:

1863 5106 1922 5161 in
1953 5103 2166 5160 mundo
2195 5110 2326 5160 sunt
2348 5098 2655 5157 conditum.
2684 5096 2935 5151 Alterum
2965 5105 3100 5147 vero
3130 5087 3301 5144 Deum
3331 5099 3456 5142 esse

1863 5194 2000 5251 dicit
2042 5190 2437 5265 aspectabilem
2468 5203 2534 5243 ac
2565 5193 2899 5242 creatorem.
2931 5178 3182 5236 Tertium
3212 5174 3460 5247 denique

1862 5264 2146 5344 diabolum
2181 5282 2329 5338 inter
2373 5280 2569 5336 ambos
2613 5276 2762 5342 illos,
2795 5268 3187 5344 aspectabilem
3221 5264 3454 5330 scilicet,

1858 5389 1914 5438 et
1955 5394 2083 5435 eum
2127 5377 2223 5449 qui
2278 5374 2452 5447 aspici
2496 5371 2692 5444 nequit
2734 5366 3106 5438 interjectum.
3144 5358 3227 5415 Ex
3266 5359 3334 5414 iis
3362 5357 3456 5428 qui

1859 5484 2082 5530 creator
2097 5480 2184 5527 est
2198 5472 2255 5527 et
2272 5466 2458 5541 opifex
2479 5464 2762 5535 viderique
2779 5466 2981 5532 potest,
2996 5454 3311 5512 Iudaeorum
3333 5465 3458 5508 esse

1866 5774 2081 5838 Basilii,
2113 5774 2346 5830 dabatur
2399 5772 2555 5829 laicis
2593 5771 2750 5835 ἐκτὸς
2771 5768 2872 5824 τοῦ
2900 5770 3167 5842 βήματος.
3207 5767 3297 5842 illa
3325 5781 3455 5842 vero

1872 5846 2332 5926 évrégCredibile
2347 5853 2430 5904 est
2458 5845 2604 5903 enim
2626 5838 3239 5932 illarcionem'clericum
3261 5838 3451 5895 fuisse.
