3934 6426
499 353 604 410 699
1611 395 1615 398 -
1909 353 1969 412 S.
2010 352 2052 410 Ε

2169 351 2384 418 BAN";
3645 355 3722 409 Ἱθθ

507 469 699 533 Deum,
732 465 1096 537 eumdemque
1121 464 1390 538 judieem.
1425 465 1698 523 Caeterum
1733 465 2026 538 virginitas

2200 464 2487 538 Μαρκίωνι
2517 464 2611 519 καὶ
2640 463 2906 537 παρθενία
2931 462 3284 536 κηρύσσεται.
3308 466 3566 540 Νηστείαν
3586 471 3634 526 δέ
3657 475 3725 527 καὶ

508 559 784 614 Marcione
827 557 1180 628 praedicatur.
1216 555 1494 628 Jejunium
1519 565 1574 614 et
1606 557 1847 613 Sabbato
1894 558 2058 614 obser

2197 558 2260 611 τὸ
2294 555 2569 612 Σάϐϐατον
2600 556 2709 627 (64)
2737 555 3014 628 κηρύττει.
3048 557 3334 630 Μυστήρια
3375 559 3432 613 δέ
3460 560 3603 632 δῆθεν
3629 571 3725 638 παρ’

508 650 623 705 vari
649 649 919 720 praecipit.
973 646 1231 718 Mysteria
1275 647 1686 703 catechumcnis
1735 649 2057 704 cernentibu

2199 648 2350 718 αὐτῷ
2415 647 2747 702 ἐπιτελεῖται
2771 687 2787 712 ,
2846 646 2955 700 τῶν
3025 648 3442 719 κατηχουμένων
3505 652 3727 723 ὁρώντων,

509 740 654 811 apud
717 739 868 792 illum
928 738 1295 793 celebrantur.
1352 738 1433 794 Ad
1483 740 1600 794 haec
1657 755 1784 795 vero
1831 740 2062 812 mysteri;

2202 739 2397 793 Ὕδατι
2432 739 2494 793 δέ
2543 733 2697 803 οὗτος
2749 741 2807 792 ἐν
2857 740 2970 801 τοῖς
3011 739 3328 812 μυστηρίοις
3365 740 3571 812 χρῆται.
3605 743 3666 796 Τὸ
3690 745 3728 798 δὲ

509 847 706 904 aquam
751 831 992 886 adhibet.
1042 830 1284 886 Sabbato
1316 831 1388 887 ob
1420 847 1541 887 eam
1572 847 1794 887 causam
1820 833 2062 904 jejuniun

2203 832 2482 886 Σάὸδατον
2546 831 2796 902 νηστεύει
2855 831 2944 884 διὰ
2990 832 3246 902 τοιαύτην
3305 832 3498 886 αἰτίαν.
3535 833 3731 906 Ἐπειδὴ,

509 925 708 981 sanxit.
759 923 894 979 Cum
931 924 1101 988 enim,
1142 925 1240 988 ait,
1285 922 1601 979 Judaeorum
1653 925 1770 989 Dei,
1812 925 1906 996 qui
1943 925 2056 980 hun

2201 927 2355 996 φησὶ,
2381 924 2474 978 τοῦ
2501 924 2636 979 Θεοῦ
2665 924 2773 978 τῶν
2809 923 3081 978 Ἰουδαίων
3111 924 3255 977 ἐστὶν
3285 925 3318 994 ἡ
3355 925 3638 988 ἀνάπαυσις
3664 925 3734 980 τού

509 1019 774 1074 mundum
824 1016 1135 1083 fabricavit,
1191 1016 1284 1069 illa
1317 1017 1388 1071 sit
1433 1018 1677 1087 requies,
1721 1032 1848 1071 cum
1897 1016 1985 1072 die
2015 1032 2062 1070 v1

2204 1017 2566 1088 πεποιηκότος
2605 1016 2696 1070 τὸν
2742 1017 2969 1088 κόσμον,
3013 1015 3108 1070 καὶ
3140 1016 3198 1069 ἐν
3239 1017 3305 1086 τῇ
3355 1015 3548 1087 ἐϐδόμῃ
3589 1017 3737 1086 ἡμέρᾳ

510 1110 861 1180 requieverit,
891 1108 1084 1163 eadem
1138 1123 1244 1164 nos
1297 1107 1546 1179 iejunare
1597 1109 1962 1173 instituimus,
2025 1125 2059 1162 n

2202 1109 2687 1180 ἀναπαυσαμένου,
2716 1110 2877 1180 ἡμεῖς
2916 1107 3301 1180 νηστεύσωμεν
3334 1106 3554 1176 ταύτην,
3580 1107 3654 1161 ἵνα
3683 1107 3739 1178 μὴ

507 1201 824 1255 Ιιιάαξοτυιη
853 1196 957 1255 'Dei
999 1198 1198 1254 ritibus
1229 1199 1307 1254 uti
1337 1200 1640 1255 videamur.
1668 1200 1902 1256 Carnem
1933 1214 2060 1271 nega

2201 1203 2263 1257 τὸ
2316 1203 2557 1275 καθῆκον
2607 1201 2702 1256 τοῦ
2751 1201 2887 1256 Θεοῦ
2943 1201 3052 1255 τῶν
3089 1200 3356 1255 Ἰουδαίων
3405 1199 3739 1272 ἐργαζώμεθα.

507 1305 821 1361 resurgere,
865 1288 1031 1359 idque
1072 1289 1241 1344 habet
1297 1289 1574 1362 plerisque
1619 1307 1743 1346 cum
1793 1291 2060 1346 haaresibu

2204 1295 2316 1367 Τὴν
2347 1297 2447 1366 τῆς
2478 1293 2680 1368 σαρκός
2713 1293 2772 1346 δὲ
2806 1292 2988 1347 ἀθετεῖ
3017 1293 3331 1352 ἀνάστασιν,
3366 1292 3605 1363 καθάπερ
3640 1291 3741 1346 πολ-

507 1397 817 1439 commune.
850 1382 1062 1437 Animae
1118 1381 1387 1438 duntaxat
1430 1385 1890 1441 resurrectionem
1917 1399 1982 1440 ac
2015 1386 2060 1440 vi

2236 1389 2291 1442 ai.
2316 1386 2424 1440 τῶν
2454 1386 2736 1458 αἱρέσεων.
2778 1385 2972 1456 Ψυχῆς
3009 1385 3068 1439 δὲ
3118 1384 3416 1439 ἀνάστασιν
3455 1379 3585 1437 εἶναι
3611 1382 3742 1452 λέγει,
3781 1449 3789 1460 ⁸

508 1484 618 1530 tam
649 1473 818 1530 unius
839 1482 894 1529 et
933 1474 1167 1530 salutem
1199 1477 1417 1532 asserit.

2207 1480 2300 1534 καὶ
2327 1477 2476 1549 ζωὴν
2508 1477 2602 1532 καὶ
2633 1477 2906 1548 σωτηρίαν
2933 1476 3120 1548 μόνης.

580 1567 862 1638 Baptisms
895 1582 1006 1622 non
1027 1567 1218 1634 semel,
1244 1567 1340 1624 sed
1365 1569 1529 1625 tertio
1553 1569 1696 1642 apud
1726 1569 1851 1626 illos
1873 1570 2097 1626 initian-

2277 1572 2354 1625 Οὐ
2387 1571 2548 1643 μόνον
2590 1570 2647 1624 δὲ
2680 1570 2808 1642 παρ’
2850 1569 3000 1640 αὐτῷ
3035 1568 3094 1622 ἐν
3134 1566 3360 1640 λουτρὸν
3402 1566 3612 1629 δίδοται,
3642 1564 3746 1618 ἀλλὰ

509 1668 620 1714 tur.
657 1659 814 1726 Quod
835 1659 953 1713 ﬁeri
979 1658 1186 1715 idcirco
1229 1662 1528 1727 concessit,
1571 1662 1718 1732 quod
1750 1677 1780 1716 a
1809 1662 2062 1733 discipuli

2207 1666 2302 1719 καὶ
2328 1663 2434 1726 ἕως
2466 1661 2634 1734 τριῶν
2663 1658 2925 1732 λουτρῶν,
2955 1659 3050 1713 καὶ
3092 1657 3351 1712 ἐπέκεινα
3384 1655 3552 1721 ἔξεστι
3587 1654 3746 1709 διδόναι

511 1753 651 1816 suis,
692 1751 894 1821 quibus
935 1749 1116 1805 fuerat
1143 1753 1422 1823 cognitus,
1453 1753 1524 1808 ob
1549 1753 1809 1808 delictum
1849 1752 2004 1819 illud,
2033 1768 2063 1808 a

2207 1755 2339 1828 ’παρ’
2372 1755 2555 1818 αὐτοῖς
2591 1751 2670 1825 τῷ
2704 1751 3029 1824 βουλομένῳ,
3074 1750 3151 1815 ὡς
3202 1750 3356 1821 παρά
3412 1747 3606 1803 πολλῶν
3636 1747 3744 1817 ἀκή-

509 1843 739 1912 virginis
767 1850 1044 1912 stuprum,
1080 1841 1318 1898 ludibrio
1349 1852 1498 1899 esset
1526 1845 1777 1902 habitus.
1806 1843 1942 1900 Nam
1969 1859 2062 1900 cur

2206 1867 2331 1904 κοα.
2367 1847 2693 1919 Συμδέδηκε
2719 1846 2776 1900 δέ
2803 1844 2963 1899 τοῦτο
2989 1843 3241 1913 γενέσθαι
3269 1841 3444 1913 αὐτῷ,
3466 1842 3527 1895 τὸ
3549 1838 3747 1910 ἐφίεσθαι

509 1929 775 1999 virginem
839 1929 894 1982 in
966 1930 1146 1999 patria
1211 1937 1671 2000 constuprasset,
1731 1938 1789 1987 et
1854 1931 2060 2002 ingenti

2200 1942 2327 2014 τρία
2367 1939 2567 2013 λουτρά
2612 1937 2872 2002 δίδοσθαι,
2912 1937 2980 1990 δι’
3031 1937 3099 2007 ἢν
3146 1937 3340 2004 ὑπεῖχε
3391 1932 3584 2004 χλεύην
3632 1932 3747 2002 παρά

429 2061 436 2079 ,
504 2017 698 2088 ﬂagitii
760 2018 1050 2074 convictus
1135 2017 1484 2091 aufugisset,
1540 2022 1772 2076 alterum
1823 2021 1928 2077 sibi
1981 2055 1982 2058 η

2201 2034 2312 2088 τῶν
2349 2032 2512 2087 αὐτὸν
2553 2029 2872 2100 ἐγνωκότων
2906 2027 3164 2100 μαθητῶν
3193 2025 3364 2080 αὑτοῦ
3399 2028 3465 2079 ἐκ
3494 2022 3746 2094 παραπτώ·

501 2110 902 2168 cuml‘oraueus
978 2113 1084 2168 iste
1169 2113 1503 2184 baptismum
1595 2112 1836 2182 ascivit;
1929 2113 2054 2169 licet

2207 2125 2378 2198 ματός
2406 2141 2466 2177 τε
2496 2122 2590 2177 καὶ
2623 2121 2831 2194 φθορᾶς
2851 2120 2951 2190 τῆς
2971 2121 3052 2184 εἰς
3077 2119 3176 2188 τὴν
3201 2117 3474 2190 παρθένον
3496 2113 3748 2184 γεγενημέ-

506 2203 880 2273 pronuntians
911 2211 995 2260 ter
1016 2205 1244 2261 omnino
1285 2205 1491 2277 aliquis
1529 2207 1662 2272 elui,
1704 2221 1771 2262 ae
1820 2207 2058 2279 baptism

2205 2234 2324 2289 νης.
2361 2213 2580 2285 Ἐπειδὴ
2627 2212 2857 2284 φθείρας
2894 2215 2953 2265 ἐν
2987 2214 3055 2283 τῇ
3083 2209 3282 2264 ἑαυτοῦ
3328 2209 3483 2263 πόλει
3519 2207 3608 2279 τὴν
3643 2221 3748 2274 παρ-

512 2303 864 2362 peccatorum
908 2295 974 2350 ad
1012 2295 1475 2352 condonationem
1525 2299 1735 2369 expiari
1766 2319 1779 2354 :
1809 2307 1869 2354 ut
1895 2299 1939 2354 si
1971 2299 2063 2369 qui

2207 2310 2380 2372 θένον,
2409 2307 2502 2361 καλ⁵
2541 2304 2855 2378 ἀποδράσας
2886 2303 2985 2375 μὲν
3033 2306 3090 2356 ἐν
3133 2301 3540 2374 παραπτώματι
3573 2298 3747 2370 μεγάλῳ

512 2392 636 2453 post
684 2393 1012 2456 usurpatum
1048 2388 1288 2458 priorem
1321 2389 1660 2459 peccaverit,
1693 2389 1761 2445 ad
1795 2392 2065 2448 secundur

2207 2401 2430 2473 εὑρέθη,
2470 2399 2763 2470 ἐπενόησεν
2804 2400 2833 2452 ό
2869 2397 3115 2470 ἀγύρτης
3159 2395 3339 2467 ἐαυτῷ
3381 2394 3616 2465 δεύτερον
3657 2391 3747 2443 λου-

511 2492 635 2530 cum
671 2478 990 2547 paenitentia
1025 2478 1328 2550 confugiat,
1365 2480 1726 2552 similiterque
1768 2482 2011 2546 tertium,
2052 2498 2064 2537 ι

2206 2493 2356 2564 τρὺν,
2390 2491 2588 2562 φήσας,
2619 2489 2700 2543 ὅτι
2741 2487 2990 2552 Ἔξεστιν
3029 2487 3134 2550 ἓως
3161 2484 3328 2557 τριῶν
3359 2482 3608 2555 λουτρῶν,
3633 2496 3747 2532 τουτ-

515 2578 638 2638 post
715 2571 1020 2625 secundum
1082 2571 1280 2626 iterum
1336 2587 1396 2627 se
1439 2571 1656 2628 delictis
1723 2573 2068 2628 obstrinxerit

2209 2584 2326 2638 έστι
2359 2582 2526 2654 τριῶν
2580 2577 2929 2651 βαπτισμῶν,
2974 2579 3055 2642 εἰς
3094 2579 3288 2647 ἄφεσιν
3336 2573 3608 2646 ἁμαρτιῶν
3648 2570 3749 2624 δίδο-

513 2659 670 2724 Quod
713 2660 779 2714 ad
826 2659 1067 2714 infamiae
1117 2676 1232 2716 suae
1267 2661 1572 2716 remedium
1611 2663 1964 2733 excogitavit,
1994 2679 2065 2734 qu

2213 2677 2337 2731 σθαι
2360 2692 2374 2706 ·
2408 2676 2475 2730 ἵν’
2505 2675 2559 2728 εἴ
2579 2691 2663 2738 τις
2690 2673 3001 2746 παρέπεσεν
3035 2672 3116 2733 εἰς
3142 2669 3203 2723 τὸ
3234 2669 3473 2738 πρῶτον,
3497 2665 3625 2738 λάϐῃ
3656 2660 3743 2714 δεύ-

515 2765 576 2804 se
599 2765 821 2804 rursum
871 2759 998 2820 post
1023 2749 1241 2808 facinus
1286 2758 1603 2822 purgatum,
1653 2759 1709 2808 et
1757 2753 1901 2808 inter
1943 2753 2068 2808 iuno

2210 2785 2368 2840 τερον
2399 2767 2757 2838 μετανοήσας,
2780 2765 2876 2818 καὶ
2902 2762 3086 2835 τρίτον
3109 2760 3398 2825 ὡσαύτως,
3427 2757 3517 2814 ἐὰν
3539 2760 3592 2811 ἐν
3614 2769 3750 2825 παρα-

516 2851 706 2899 ccntes
746 2843 1153 2898 numerandum
1203 2859 1328 2900 esse
1379 2845 1758 2914 persuaderet.
1826 2846 1908 2902 Ad
1960 2863 2068 2922 quo

2213 2858 2471 2930 πτώματι
2520 2857 2660 2928 μετά
2696 2856 2758 2910 τὸ
2795 2855 3050 2927 δεύτερον
3083 2847 3331 2924 γένηται.
3361 2851 3515 2922 ⁴Ιιέρει
3543 2845 3749 2917 δέδῆθεν,

515 2935 683 2988 etiam
745 2932 885 2988 falso
943 2934 1321 2990 testimonium
1375 2935 1649 3006 quoddam
1705 2941 2068 2996 accommodat

2214 2949 2304 3002 ἵνα
2333 2948 2432 3018 τὴν
2462 2946 2656 3001 ἐαυτοῦ
2693 2945 2893 3016 χλεύην
2932 2942 3192 3015 ἀνασώσῃ
3225 2945 3303 3005 εις
3337 2941 3662 3013 παράστασιν
3689 2934 3754 2988 αὑ-

517 3023 663 3093 quod
694 3025 878 3094 specie
913 3025 1030 3095 ipsa
1090 3027 1375 3095 probabile
1406 3028 1582 3098 possit
1613 3027 1788 3084 videri
1825 3049 1840 3085 :
1867 3033 1971 3088 etsi
1997 3049 2070 3089 no

2214 3039 2310 3094 τοῦ
2327 3054 2342 3068 °
2382 3041 2464 3092 ὄτι
2487 3038 2548 3091 τὸ
2577 3038 2714 3110 μετά
2741 3037 2801 3091 τὺ
2842 3033 3008 3090 αὐτοῦ
3037 3035 3396 3106 παράπτωμα
3425 3031 3580 3085 πάλιν
3600 3024 3756 3083 ἐκαθαο

496 3105 584 3172 ’ρο
631 3131 740 3187 quo
791 3117 904 3171 vult
931 3119 1200 3188 pertineat
1230 3137 1244 3174 :
1276 3121 1356 3173 sic
1385 3120 1531 3174 enim
1554 3122 1786 3178 asserit:
1818 3121 2048 3177 Dominu

2221 3131 2402 3204 ρίσθη,
2449 3131 2547 3184 καὶ
2578 3105 2776 3183 ’λοιπὸν
2821 3129 2880 3182 ἐν
2931 3105 3130 3189 ἀθώοις
3175 3125 3447 3197 ὑπάρχει,
3509 3115 3758 3193 μαρτυρίαν

517 3213 806 3276 postquam
845 3221 874 3259 a
896 3203 1110 3260 Joanne
1153 3207 1467 3276 baptizatus
1499 3215 1605 3270 est,
1631 3208 1839 3264 dixisse
1861 3208 2070 3280 discipu

2211 3203 2342 3295 περὶ
2387 3222 2580 3276 τούτου
2622 3218 2978 3292 ψευδηγορῶν
3017 3259 3033 3286 ,
3081 3216 3160 3282 ὡς
3202 3216 3468 3286 πιθανὴν,
3512 3209 3761 3280 δυναμένην

519 3295 589 3350 lis
618 3313 632 3350 :
659 3295 938 3365 Baptisma
993 3295 1158 3350 habeo
1209 3295 1494 3365 baptizari,
1529 3305 1579 3350 et
1623 3298 1749 3366 quid
1784 3297 1901 3352 volo
1925 3299 2072 3351 nisi:

2224 3313 2590 3384 ἐξαπατῆσαι,
2614 3313 2677 3366 ού
2697 3310 2856 3365 τοῦτο
2879 3309 2936 3364 δέ
2961 3307 3361 3380 σημαίνουσαν,
3391 3306 3422 3360 ὃ
3442 3303 3596 3366 αὐτὸς
3631 3300 3759 3366 λέγειν

517 3385 794 3460 perﬁciam
833 3390 1079 3459 ipsum“!
1114 3389 1276 3460 305
1320 3390 1400 3444 Ac
1442 3404 1660 3446 rursum
1691 3410 1704 3445 :
1741 3390 1976 3446 Calicem
2020 3389 2070 3444 In

2222 3407 2306 3462 δτι
2347 3405 2511 3477 φησί’
2561 3402 2890 3467 Βαπτισθεὶς
2935 3403 2965 3455 ὁ
3007 3399 3212 3472 Κύριος
3264 3397 3376 3452 ὑπὸ
3419 3394 3512 3451 τοῦ
3549 3392 3763 3451 Ἰωάννωι

517 3482 616 3536 beo
665 3483 876 3536 bibere:
913 3491 962 3537 et
1008 3481 1138 3552 quid
1170 3483 1306 3543 volo,
1369 3483 1474 3536 nisi
1523 3489 1582 3536 ut
1639 3483 1886 3550 impleam
1920 3482 2070 3537 illum

2226 3499 2380 3568 ἔλεγε
2407 3498 2520 3560 τοῖς
2552 3494 2847 3568 μαθηταῖς·
2881 3491 3202 3561 Boiath
3227 3491 3350 3560 ἔχω
3367 3481 3758 3554 βαπτισθῆναι·

519 3571 683 3627 Unde
725 3573 911 3642 plures
939 3573 1064 3628 illos
1097 3571 1401 3641 baptismos
1431 3581 1781 3627 commentus
1813 3579 1920 3628 est.

2231 3591 2334 3645 καὶ
2380 3590 2440 3644 τι
2480 3586 2636 3644 θέλω
2673 3589 2724 3641 ει
2769 3585 2889 3656 ἤδη
2933 3583 3218 3639 τετέλεκα
3265 3580 3450 3656 αὑτός
3492 3577 3582 3633 καὶ
3613 3572 3764 3630 πάλιν

522 3673 821 3743 Ποτήριον
848 3674 965 3744 ἔχω
1002 3673 1189 3729 πιεῒνο
1235 3675 1336 3729 καὶ
1382 3677 1441 3730 τι
1478 3673 1630 3732 θέλω
1664 3675 1782 3746 ἤδη
1821 3663 2122 3748 πληρώσὼ
2159 3683 2354 3748 αὑτός
2385 3683 2480 3736 καὶ
2543 3679 2690 3735 οὕτω
2725 3652 2808 3734 τὸ*
2860 3652 3062 3733 διδόναι
3105 3673 3280 3729 πλείω
3323 3652 3658 3744 βαπτίσματα
3689 3661 3769 3718 ἐδο-

523 3766 814 3838 γμάτισεν.

601 3853 692 3910 lV.
723 3852 997 3909 Preterea
1023 3853 1197 3925 legem
1233 3869 1298 3909 ac
1356 3855 1652 3927 prophetas
1683 3871 1877 3914 omnes
1902 3858 2125 3930 abiicit;

2307 3865 2383 3917 A'.
2408 3864 2484 3919 Οὐ
2507 3864 2668 3935 μόνον
2695 3862 2752 3917 δέ
2765 3859 3087 3927 τοῦτο,ἀλλά
3114 3856 3314 3913 καὶτὸν
3335 3857 3499 3928 νόμον
3514 3845 3767 3942 ἀποϐάλλειὶ

522 3961 671 4018 quos
711 3946 980 4018 principis
1020 3946 1168 4002 illius
1201 3945 1410 4014 amatu,
1447 3949 1540 4019 qui
1580 3949 1728 4004 hunc
1768 3950 1958 4006 orbem
1994 3965 2075 4006 cor

2233 3957 2330 4010 καὶ
2358 3955 2564 4020 πάντας
2623 3954 2928 4025 προφήτας,
2971 3950 3147 4020 λέγων
3185 3951 3249 4002 ἐκ
3284 3945 3383 4002 τοῦ
3444 3946 3677 4015 ἄρχοντος
3704 3950 3769 3988 τω

523 4041 693 4110 didit,
727 4042 1060 4098 vaticinatos
1086 4041 1390 4100 existimat.
1422 4044 1710 4100 Christum
1744 4060 1876 4101 vero
1906 4046 2030 4102 ideo
2061 4063 2076 4101 ι

2235 4047 2328 4102 τὸν
2365 4046 2571 4117 κόσμον
2601 4043 2960 4116 πεποιηκότος
2988 4043 3117 4106 τοὺς
3140 4039 3420 4104 τοιούτους
3455 4047 3769 4117 προπεφητευῇ

527 4134 671 4189 εωῐο
731 4132 1015 4204 delapsum
1059 4132 1155 4188 illo
1189 4148 1220 4186 a
1255 4131 1510 4201 Parente,
1544 4135 1640 4205 qui
1668 4148 1772 4190 nec
1810 4133 1985 4190 videri
2030 4151 2080 4189 n4

2239 4136 2415 4191 κέναι.
2450 4115 2689 4206 Χριστὸν
2716 4133 2773 4187 δέ
2793 4115 2955 4202 λέγει
2986 4129 3192 4185 ἄνωθεν
3225 4129 3333 4182 ἀπὺ
3357 4127 3453 4182 τοῦ
3484 4115 3771 4197 ἀοράτουιαὶ

530 4224 808 4280 nominari
837 4233 1043 4295 potest,
1075 4233 1136 4279 ut
1165 4233 1219 4280 et
1248 4226 1464 4282 animas
1499 4227 1783 4296 liberaret,
1818 4235 1875 4284 et
1907 4227 2083 4291 εἰσότε(

2239 4227 2685 4298 ἀκατονομάστου
2734 4225 2949 4295 Πατρδς
2980 4221 3424 4293 καταϐεϐηκέναι
3468 4220 3558 4273 ἐπὶ
3586 4208 3772 4282 σωτηρίᾳ

532 4333 654 4372 rum
705 4332 769 4372 ac
815 4318 970 4388 legis,
1022 4325 1078 4373 et
1128 4317 1546 4387 prOpbetarum,
1601 4326 1767 4390 atque
1815 4319 2085 4376 istiusmoe

2235 4319 2345 4372 τῶν
2371 4318 2580 4390 ψυχῶν,
2602 4318 2696 4372 καὶ
2728 4317 2820 4369 ἐπὶ
2850 4314 3057 4385 ἐλέγχῳ
3080 4312 3174 4367 τοῦ
3209 4312 3344 4365 Θεοῦ
3380 4311 3488 4365 τῶν
3539 4302 3772 4363 Ἰουδαίων.

533 4416 857 4464 caaterorum
886 4409 1055 4464 Deum
1076 4409 1464 4481 redargueret.
1492 4409 1605 4466 lmo
1624 4411 1692 4466 ad
1723 4411 1929 4468 inferos
1955 4428 2086 4483 usqu

2238 4411 2333 4464 καὶ
2355 4411 2546 4481 νόμου,
2579 4409 2676 4462 καὶ
2712 4405 3028 4481 προφητῶν,
3043 4403 3262 4458 καὶτῶν
3275 4403 3552 4457 τοιούτων.
3572 4396 3669 4452 Καὶ
3684 4392 3774 4483 ἄχρξ

533 4499 889 4555 descendisse
925 4478 1328 4563 Dominumiut
1356 4509 1411 4556 et
1433 4499 1631 4566 Caino,
1659 4510 1713 4557 et
1739 4501 1901 4566 Core,
1927 4517 1992 4556 ac
2021 4478 2086 4555 ὗε

2232 4502 2358 4574 ᾅδου
2390 4478 2830 4570 κἀταὸεδηκέναι
2866 4497 2958 4551 τὸν
2992 4496 3220 4567 Κύριον,
3252 4495 3340 4548 ἴνα
3360 4493 3509 4564 σώσῃ
3535 4489 3646 4551 τοὺς
3684 4478 3773 4574 περξ

534 4590 714 4652 thani,
759 4597 815 4644 et
853 4589 1106 4655 Abironi,
1152 4605 1256 4645 nec
1303 4607 1416 4646 non
1467 4591 1649 4659 Esau,
1699 4608 1765 4648 ac
1810 4596 2087 4650 nationibt

2241 4567 2404 4656 kd’iv,
2419 4593 2511 4646 ml.
2531 4567 2806 4662 Κορέ,καὶ
2833 4587 3029 4653 Δαθάν,
3044 4587 3140 4640 καὶ
3163 4583 3433 4658 Ἀὅηρὼν,
3450 4578 3609 4636 Ἡσαῦ
3625 4593 3676 4629 τε
3709 4567 3774 4624 καὶ

536 4678 816 4741 omnibus,
856 4677 1062 4748 quibus
1114 4678 1429 4734 Judaeorum
1480 4680 1627 4738 Deus
1670 4682 1848 4738 fuerat
1889 4685 2089 4755 ignotu:

2243 4687 2421 4742 πάντα
2452 4684 2522 4739 τὰ
2559 4683 2686 4754 ἔθνη
2720 4681 2788 4736 τά
2819 4680 2894 4753 μὴ
2919 4679 3272 4750 ἐπεγνωκότα
3292 4678 3386 4731 τὸν
3407 4674 3536 4729 Θεὸν
3559 4669 3652 4724 τῶν
3681 4666 3774 4755 Ἰουξ

532 4770 775 4829 salutem
800 4769 1038 4825 aﬂerret.
1068 4771 1300 4827 Abelum
1333 4789 1485 4839 vero,
1509 4773 1818 4843 Enochum,
1845 4752 2085 4832 Noemuu

2243 4778 2429 4833 δαίων.
2456 4776 2596 4840 Τοὺς
2617 4752 2684 4828 δὲ.
2705 4752 2834 4845 περ).
2862 4771 3051 4838 Ἅϐελ,
3085 4773 3182 4825 καὶ
3215 4767 3410 4840 Ἑνὼχ,
3445 4765 3536 4821 καὶ
3561 4759 3688 4822 Νῶε,
3712 4752 3776 4806 καὶ

533 4861 936 4928 Abrahamum,
961 4863 1230 4930 Isaacum,
1253 4864 1542 4936 Iacobum,
1577 4865 1842 4940 Moysem,
1874 4868 2086 4924 Davidei

2257 4867 2530 4944 Ἀϐραὰμ,
2558 4866 2652 4920 καὶ
2687 4863 2894 4930 Ἰσαὰκ,
2930 4864 3027 4918 καὶ
3059 4860 3279 4928 Ἰακὼϐ,
3316 4860 3411 4915 καὶ
3436 4846 3773 4944 Μωῦσὲαηάξ·

529 4971 606 5012 ac
650 4954 998 5011 Salomonem
1045 4957 1161 5013 illic
1206 4960 1467 5030 relictos;
1523 4963 1780 5032 quoniam
1822 4963 2078 5020 Judaaoru

2247 4935 2437 5016 ϐίδπε
2471 4935 2928 5030 ’καὶιΣαλομῶνα
2987 4955 3105 5009 ἐκεῖ
3163 4948 3630 5009 καταλελοιπέναι·
3679 4935 3776 5032 διότι

539 5048 740 5114 Deum,
767 5048 1052 5120 inquiunt,
1087 5061 1453 5122 agnoverunt,
1486 5055 1580 5126 qui
1605 5056 1984 5112 universitatis
2006 5071 2092 5111 cor

2248 5053 2586 5123 ἐπέγνωσαν,
2641 5029 2796 5120 φησὶ,
2861 5048 2952 5103 τὸν
3003 5048 3136 5102 Θεὸν
3190 5045 3304 5101 τῶν
3378 5039 3645 5133 Ἰουδαίων,
3662 5029 3776 5133 σδντσ

539 5142 690 5198 ditor
721 5156 787 5195 ac
824 5141 1128 5198 fabricator
1173 5152 1282 5210 est,
1314 5145 1549 5217 ejusque
1597 5149 1745 5219 leges
1783 5157 1838 5204 et
1888 5150 2092 5204 institui

2251 5146 2482 5218 ποιητὴν
2531 5143 2628 5198 καὶ⁵
2670 5141 2918 5212 κτίστην,
2956 5139 3054 5194 καὶ
3101 5139 3172 5192 τά
3204 5137 3511 5210 καθήκοντα
3537 5130 3684 5185 αὑτοῦ
3707 5135 3772 5172 πε·

539 5234 724 5290 secuti
756 5243 922 5290 sunt:
956 5249 1021 5290 ac
1063 5251 1173 5292 non
1220 5252 1280 5293 se
1309 5240 1492 5308 potius
1540 5239 1698 5296 alteri
1747 5241 1826 5296 illi
1866 5241 1998 5306 Deo,
2047 5256 2092 5311 ῳ

2252 5242 2514 5310 ποιήκασι
2544 5235 2638 5290 καὶ
2669 5235 2792 5305 οὐχὶ
2819 5233 2896 5306 τῷ
2921 5232 3042 5304 Θεῷ
3073 5231 3154 5303 τῷ
3174 5230 3390 5303 ἀοράτῳ
3411 5221 3624 5283 ἐαυτοὺς
3648 5225 3773 5285 προετ-

545 5325 720 5380 videri
765 5325 943 5382 oculis
982 5329 1196 5398 nequit,
1243 5328 1594 5388 addixerunt.
1643 5331 1764 5386 iam
1804 5334 2093 5388 muliercul

2255 5331 2526 5386 ανέθεντο.
2581 5328 2776 5383 Δίδωσι
2824 5327 2918 5381 καὶ
2952 5324 3256 5398 ἐπιτροπὴν
3296 5318 3506 5392 γυναιξὶ
3542 5312 3775 5398 βάπτισμῆ

548 5415 867 5484 baptizandi
913 5391 1247 5501 potestatem
1297 5421 1450 5480 facit.
1494 5423 1643 5481 Nihil
1677 5433 1762 5484 est
1811 5412 1960 5483 enim
2000 5441 2101 5499 apu

2254 5425 2477 5480 διδόναι.
2517 5421 2655 5494 Παρ’
2692 5420 2875 5483 αὐτοῖς
2908 5417 3018 5490 γάρ
3046 5391 3226 5474 πάντα
3254 5412 3449 5488 χλεύης
3474 5404 3685 5479 ἔμπλεα,
3709 5391 3775 5447 καὶ

628 5566 645 5596 ¹
676 5567 811 5624 Luc.
851 5585 951 5635 xu,
979 5571 1066 5627 50.

596 5718 746 5801 ,(64)
781 5721 1084 5801 Νηστεζαξη
1111 5726 1332 5801 δὲ’-καὶ,
1365 5726 1430 5781 τὸ
1457 5726 1783 5782 Σάϐϐατρν.
1819 5725 1946 5801 ch.
2001 5727 2139 5784 κατὰ

2215 5752 2222 5762 ·
2251 5728 2384 5788 Σὰϐ.
2417 5727 2551 5786 Nam
2587 5727 2829 5788 Sabbalo
2860 5727 3102 5801 Jejuuari
3130 5733 3318 5786 contra
3341 5717 3607 5782 Orientalis
3634 5704 3768 5764 Eccle'

562 5790 658 5845 sia:
684 5800 886 5844 morem
917 5789 1146 5856 jubcbat
1172 5795 1393 5852 Marcio.
