3934 6420
193 375 287 432 ῖθί

838 370 1210 430 ADVERSUS
1247 369 1594 430 HERESES
1631 371 1759 430 LIB.
1807 371 1850 430 ι.
1892 371 2058 430 TOM.
2103 371 2194 428 lll.
2234 403 2306 414 —
2344 370 2624 428 HJERES.
2660 368 2822 428 XLII.

3363 370 3474 424 7οὶ

190 493 338 551 οὐδὲν
359 491 553 562 ἕτερον
575 505 589 520 ·
620 487 782 543 ὁπότε
812 485 914 544 ’καὶ
949 489 1018 544 τὰ
1063 491 1342 561 μυστήρια
1375 489 1608 546 ἐνώπιον
1643 509 1762 546 κατ·

1882 491 2007 548 illos
2055 492 2165 548 nisi
2208 491 2448 547 ludibrio
2495 507 2560 547 ac
2606 492 2724 548 risu
2768 490 3182 564 dignissimum,
3231 509 3356 550 cum
3388 497 3472 554 vel

186 583 515 656 ηχουμένων
565 581 834 634 ἐπιτελεῖν
865 581 1160 652 τολμῶσιν.
1221 582 1543 637 Ἀνάστασιν
1573 583 1659 650 δὲ,
1703 582 1779 647 ὡς

185 679 356 742 εἷπον,
394 669 554 738 οὗτος
605 673 754 743 λέγει
787 675 908 744 οὐχὶ
943 674 1234 746 σωμάτων,
1265 675 1402 729 ἀλλὰ
1432 675 1620 746 ψυχῶν
1640 694 1656 709 ο
1683 676 1779 730 καὶ

187 766 465 836 σωτηρίαν
517 764 740 828 ταύταις
799 763 1061 836 ὁρίζεται,
1107 765 1228 836 οὐχὶ
1255 768 1370 829 τοῖς
1395 765 1630 837 σώμασι.
1669 765 1779 818 Καὶ

187 853 600 921 μεταγγισμοὺς
659 852 860 922 ὁμοίως
894 851 1003 905 τῶν
1043 852 1253 923 ψυχῶν,
1287 855 1381 907 καὶ
1425 871 1780 926 μετενσωμα-

182 941 374 1006 τώσεις
413 942 528 996 ἀπὸ
552 943 822 1015 σωμάτων
853 946 934 1008 είς
965 943 1191 1016 σώματα
1227 946 1448 1014 φάσκει.

247 1119 322 1172 Ε’.
360 1117 713 1189 Πανταχόθεν
767 1119 827 1173 δὲ
874 1118 1062 1172 πίπτει
1090 1121 1123 1190 ή
1153 1119 1319 1174 αὐτοῦ
1374 1120 1582 1192 ματαία
1618 1138 1775 1175 κενο-

180 1210 374 1279 φωνία,
405 1209 483 1274 ὡς
522 1211 621 1282 ήδη
669 1228 759 1282 μοι
804 1213 862 1265 ὲν
901 1212 1090 1276 ἄλλαις
1137 1212 1381 1284 αἱρέσεσι
1441 1214 1774 1286 πεπραγμά-

181 1318 378 1357 τευται.
416 1301 546 1367 Πῶς
562 1303 669 1373 γὰρ
697 1305 1064 1376 ἀναστήσεται
1092 1306 1126 1375 ἢ
1158 1305 1231 1376 μὴ
1258 1309 1579 1361 πεπτωκυῖα
1593 1307 1770 1380 ψυχήῖ

98 1464 106 1469 _
192 1391 512 1456 Ἀνάστασις
541 1393 599 1447 δὲ
645 1394 763 1459 πῶς
805 1397 976 1467 αὐτῆς
1023 1395 1378 1466 κληθήσεται,
1401 1397 1503 1468 τῆς
1556 1398 1630 1470 μὴ
1676 1415 1774 1454 πε-

182 1483 376 1554 σούσης
397 1483 585 1555 ψυχῆς
607 1503 640 1551 ;.
670 1488 786 1541 Πᾶν
818 1488 928 1560 γὰρ
959 1489 1020 1542 τὸ
1049 1489 1247 1541 πῖπτον
1281 1490 1630 1555 ἀναστάσεως
1661 1491 1772 1547 δεῖ-

177 1592 279 1628 ται.
321 1577 526 1630 Πίπτει
564 1577 621 1630 δὲ
649 1579 748 1648 οὐχ
773 1582 805 1649 ή
833 1579 1002 1651 ψυχὴ,
1050 1578 1186 1634 ἀλλὰ
1241 1581 1423 1654 σῶμα.
1458 1582 1621 1636 Ὅθεν
1676 1584 1773 1638 καὶ

178 1667 391 1730 δικαίως
427 1667 634 1738 πτῶμα
674 1670 868 1742 αὑτὸὴ
908 1673 1166 1744 συνήθεια
1213 1676 1373 1729 εἴωθε
1420 1673 1626 1740 καλεῖν,
1674 1675 1771 1730 καὶ

177 1758 327 1822 αὐτὸς
375 1760 405 1812 6
444 1759 652 1830 Κύριος
693 1762 883 1827 εἰπὼν,
929 1765 1226 1821 ὅτιὍπου
1255 1767 1324 1820 τὸ
1369 1766 1598 1835 πτῶμα,
1643 1767 1774 1822 ἐκεῖ

1886 583 2167 654 mysteriis
2216 583 2352 654 ipsis
2401 585 2714 642 astantibus
2771 585 3205 651 catechumenis,
3257 590 3473 658 Operari

1884 689 1996 728 non
2021 673 2294 730 dubitem.
2323 674 2480 742 Quod
2508 675 2576 730 ad
2597 676 3059 733 resurrectionem
3082 678 3298 745 attinet,
3330 680 3474 737 hanc

1885 765 1979 820 ille
2009 780 2306 836 corporum
2349 783 2472 823 esse
2507 776 2690 838 negat,
2737 768 2818 822 uti
2866 770 3223 825 monuimus:
3259 772 3473 826 anima-

1883 871 2006 910 rum
2038 858 2311 921 concedit,
2347 859 2551 929 quibus
2582 860 2715 916 solis
2753 862 3006 927 salutem,
3046 879 3154 920 non
3190 866 3317 921 item
3348 882 3473 923 cor-

1883 949 2114 1020 poribus
2149 950 2580 1007 circumscribit.
2618 951 2940 1008 Animarum
2977 954 3214 1026 denique
3245 958 3315 1014 ab
3347 959 3469 1018 aliis

1883 1039 1938 1094 in
1973 1040 2080 1094 alia
2114 1055 2350 1110 corpora
2377 1042 2735 1112 migrationes
2761 1057 2825 1096 ac
2855 1044 3127 1100 transitus
3167 1048 3381 1102 statuit.

1955 1126 2240 1184 V.Verum
2283 1129 2466 1184 inanis
2503 1143 2568 1184 ac
2597 1128 2830 1184 ridicula
2860 1129 2977 1184 hac
3008 1131 3193 1201 opinio
3220 1133 3370 1186 omni
3400 1148 3476 1190 ex.

1882 1226 2039 1289 parte
2079 1217 2344 1285 concidit,
2378 1225 2439 1274 ut
2474 1217 2530 1272 in
2571 1219 2696 1274 aliis
2731 1219 3035 1277 limresibus
3079 1231 3239 1278 antea
3279 1223 3470 1280 docui-

1881 1327 2027 1367 mus.
2063 1311 2167 1378 Qui
2198 1311 2346 1368 enim
2392 1325 2684 1382 resurgere
2735 1311 2915 1366 anima
2963 1313 3056 1368 illa
3099 1322 3301 1385 potest,
3345 1333 3468 1387 qua:

1880 1417 2160 1472 nunquam
2194 1402 2436 1458 corruit?
2467 1400 2775 1468 Quomodo,
2810 1402 3032 1472 inquam
3059 1445 3073 1469 ,
3107 1406 3178 1470 ei,
3205 1421 3324 1474 quae
3355 1423 3466 1464 non

1880 1495 2099 1559 cecidit,
2139 1495 2472 1552 resurrectio
2495 1494 2791 1549 tribuetur?
2811 1493 3088 1564 Quidquid
3118 1497 3263 1550 enim
3294 1498 3462 1561 cadit,

1880 1585 2292 1640 resurrectione
2317 1598 2458 1654 opus
2485 1583 2671 1638 habet.
2706 1580 2868 1637 Cadit
2899 1590 3084 1637 autem
3121 1597 3232 1636 non
3263 1583 3464 1651 anima,

1879 1677 1976 1733 sed
2013 1690 2236 1747 corpus.
2286 1674 2444 1743 Quod
2477 1675 2685 1731 idcirco
2713 1675 2934 1747 πτῶμα,
2962 1675 3068 1731 hoc
3103 1685 3187 1733 est
3216 1675 3464 1743 cadaver,

1891 1769 2228 1823 consuetudo
2268 1767 2579 1824 communis
2626 1768 2883 1838 appellat,
2919 1769 3164 1839 adeoque
3202 1767 3466 1824 Dominus

178 1849 671 1919 συναχθήσονται
726 1853 827 1906 καὶ
889 1858 945 1909 οἱ
984 1856 1168 1912 ἀετοί.
1228 1858 1341 1912 Καὶ
1393 1857 1504 1928 γὰρ
1543 1860 1602 1911 ὲν
1658 1861 1762 1922 τοῖς

1879 1859 2017 1930 ipse,
2051 1875 2177 1915 cum
2214 1860 2296 1915 sic
2342 1859 2625 1929 loquitur:
2666 1856 2973 1928 Ubicunque
3019 1867 3097 1913 est
3141 1858 3364 1930 πτῶμα,
3410 1858 3466 1914 id

179 1942 448 2013 μνήμασιν
477 1943 540 1996 οὐ
567 1945 968 2018 κατακλείομεν
998 1947 1178 2019 ψυχὰς
1202 1947 1340 2018 (65),
1371 1948 1508 2002 ἀλλὰ
1539 1947 1768 2020 σώματα

177 2036 598 2108 κατατιθέαμεν,
629 2037 688 2091 ὲν
714 2041 784 2108 γῇ
831 2038 1270 2110 καταχώσαντες,
1294 2032 1372 2093 ὧν
1409 2044 1442 2110 ὴ
1471 2041 1768 2106 ἀνάστασις

175 2126 248 2188 είς
281 2126 476 2183 ἐλπίδα
520 2127 646 2199 ἔχει
697 2129 759 2183 τὸ
785 2131 1068 2200 κήρυγμα,
1107 2131 1362 2204 καθάπερ
1397 2132 1426 2184 6
1457 2130 1552 2185 τοῦ
1617 2131 1765 2185 σίτου

176 2217 392 2283 κόκκοςο
445 2220 525 2284 ὡς
561 2222 656 2274 καὶ
696 2223 724 2274 6
775 2221 934 2291 ἅγιος
975 2222 1297 2287 Ἀπόστολος
1325 2224 1424 2295 τὴν
1461 2222 1768 2296 μαρτυρίαν

177 2311 360 2379 ἤνεγκε
380 2314 512 2387 περὶ
529 2312 626 2366 τοῦ
647 2314 847 2368 κόκκου
869 2313 964 2367 τοῦ
989 2315 1133 2368 σίτου
1151 2315 1247 2368 καὶ
1272 2315 1382 2369 τῶν
1410 2315 1586 2368 ἄλλων
1605 2332 1768 2387 σπερ-

179 2402 376 2458 μάτων·
419 2384 516 2460 καί
555 2405 719 2470 αὑτὸς
742 2407 798 2458 δὲ
837 2409 865 2460 ὁ
887 2406 1092 2477 Κύριος
1117 2407 1176 2458 ὲν
1198 2405 1276 2476 τῷ
1304 2407 1622 2478 Εὑαγγελίῳ
1639 2425 1654 2438 ο
1681 2384 1768 2461 ὅτι

187 2495 315 2549 Ἐὰν
344 2496 560 2550 πεσὼν
595 2500 628 2552 ό
660 2499 882 2565 κόκκος
907 2499 1015 2552 τοῦ
1046 2500 1223 2553 σίτου
1247 2499 1546 2568 ἀποθάνῃ,
1572 2501 1764 2570 μόνος

171 2585 340 2654 μένει.
380 2588 439 2642 '0
482 2589 546 2642 δὲ
606 2588 762 2658 ἅγιος
811 2590 1354 2662 Ἀπόστολόςφησιν·
1406 2591 1618 2662 ἄφρονα
1652 2591 1763 2663 γὰρ

175 2677 314 2731 καλεῖ
336 2679 425 2732 τὸν
460 2680 698 2734 ἄπιστον
743 2681 836 2735 τὸν
871 2681 1008 2745 ὅλως
1069 2682 1507 2753 ἀμφιϐάλλοντα,
1549 2683 1646 2737 καὶ
1668 2683 1761 2736 λέ-

176 2785 354 2835 γοντα·
412 2771 558 2839 Πῶς
591 2773 630 2842 ἡ
678 2772 1022 2840 ἀνάστασις
1054 2774 1315 2844 Tir-stat;
1359 2774 1511 2840 ποίῳ
1547 2774 1615 2827 δὲ
1653 2771 1764 2827 σώ-

174 2876 298 2926 ματι
321 2862 607 2932 ἔρχονται
632 2880 651 2929 ;
688 2865 799 2918 Καὶ
833 2865 996 2930 εὐθὺς
1025 2866 1162 2938 πρὸς
1194 2866 1322 2930 τοὺς
1350 2865 1624 2929 τοιούτους
1658 2883 1762 2938 φη-

176 2952 248 3004 σίν
263 2970 274 2983 ο
313 2956 569 3024 Ἄφρων,
597 2955 680 3010 σὺ
701 2954 732 3009 ὃ
757 2958 1032 3025 σπείρεις
1045 2959 1124 3011 οὐ
1148 2954 1536 3026 ζωογονεῖται,
1553 2955 1662 3010 ἐὰν
1670 2955 1758 3026 μὴ

174 3043 452 3116 ἀποθάνῃ.
519 3049 637 3103 Καὶ
705 3047 1011 3114 ὲξάπαντος
1069 3049 1270 3116 ἔδειξεν
1323 3051 1356 3120 ή
1413 3046 1607 3119 Γραφὴ
1663 3045 1759 3101 τοῦ

173 3139 507 3205 πεπτωκότος
567 3139 794 3205 κόκκου,
830 3143 1078 3196 τουτέστι
1110 3140 1205 3195 τοῦ
1261 3138 1516 3212 σώματος
1537 3139 1631 3194 τοῦ
1660 3139 1757 3193 Θα-

1871 1957 1956 2006 est
1991 1966 2204 2020 corpus,
2244 1949 2357 2003 illic
2397 1947 2858 2018 congregabuntur
2890 1957 2940 2001 et
2983 1947 3178 2017 aquilae
3205 1949 3243 2002 ¹.
3277 1945 3465 2017 Neque

1868 2039 2016 2094 enim
2071 2037 2345 2109 sepulcris
2400 2038 2619 2093 animas
2673 2035 3033 2102 includimus,
3086 2037 3182 2092 sed
3230 2051 3463 2106 corpora

1868 2127 2022 2183 humi
2075 2128 2296 2184 defossa
2337 2128 2721 2198 componimus
2765 2145 2778 2182 :
2817 2126 3020 2198 quibus
3055 2126 3225 2181 divini
3266 2126 3464 2195 praedi-

1866 2222 2084 2278 catione
2106 2221 2257 2277 verbi
2281 2235 2407 2291 spes
2437 2220 2867 2276 resurrectionis
2890 2218 3236 2275 ostenditur:
3271 2233 3466 2287 quem-

1867 2315 2161 2370 admodum
2199 2315 2254 2369 in
2287 2313 2546 2369 frumenti
2571 2328 2768 2384 grano,
2801 2313 3127 2382 caeterisque
3157 2312 3461 2368 seminibus

1865 2407 2110 2461 accidit:
2145 2422 2212 2461 ex
2262 2406 2464 2476 quibus
2498 2403 2798 2474 Apostolus
2843 2405 2910 2459 ad
2951 2403 3111 2459 [idem
3153 2401 3462 2458 faciendam

1865 2497 2114 2568 exempla
2147 2497 2421 2566 producit,
2469 2505 2529 2551 ut
2558 2505 2612 2552 et
2645 2497 2875 2569 ipsemet
2922 2497 2978 2551 in
3014 2495 3310 2566 Evangelio
3350 2496 3464 2552 Do-

1864 2591 2049 2646 minus
2082 2610 2096 2646 :
2129 2588 2276 2656 Nisi,
2302 2590 2503 2660 inquit,
2535 2606 2759 2660 granum
2784 2589 3038 2658 frumenti
3063 2588 3255 2643 cadens
3286 2589 3340 2642 in
3365 2597 3464 2642 ter-

1863 2699 1982 2738 ram
2009 2691 2274 2736 mortuum
2297 2682 2480 2752 fuerit,
2507 2684 2681 2752 ipsum
2719 2682 2893 2737 solum
2925 2692 3100 2737 manet
3125 2684 3166 2737 ².
3192 2682 3356 2754 306
3393 2683 3464 2736 At

1863 2775 2167 2845 Apostolus
2201 2788 2326 2829 cum
2363 2774 2507 2830 idem
2545 2782 2930 2844 argumentum
2967 2781 3290 2844 pertractat,
3326 2774 3466 2828 insi-

1863 2866 2102 2936 pientem
2139 2881 2266 2920 eum
2297 2866 2553 2935 appellat,
2594 2867 2688 2936 qui
2729 2881 2837 2921 non
2877 2866 3075 2931 credit,
3111 2873 3206 2921 aut
3237 2866 3465 2921 omnino

1863 2956 2126 3012 haesitans
2156 2956 2491 3027 interrogat:
2526 2956 2804 3022 Quomodo
2835 2957 2896 3025 ﬁt
2932 2956 3465 3028 resurrectiorquali

1861 3058 2038 3103 autem
2077 3063 2294 3116 corpore
2340 3049 2586 3104 uenient?
2618 3047 2696 3102 Ac
2740 3048 2926 3103 statim
2979 3056 3172 3102 contra
3226 3048 3347 3104 illos
3380 3047 3462 3103 sic

1861 3139 2142 3211 disputat:
2183 3138 2470 3210 Insipiens.
2503 3149 2560 3194 tu
2588 3141 2728 3210 quod
2756 3141 2988 3195 seminus
3009 3156 3114 3194 non
3138 3140 3459 3210 viviﬁcatur,

174 3230 445 3300 πτομένου,
501 3231 606 3288 καὶ
671 3232 733 3286 οὐ
772 3231 951 3305 ψυχῆς
993 3233 1092 3304 τὴν
1140 3233 1441 3289 ἀνάστασιν
1488 3231 1755 3302 γίνεσθαι.

1872 3229 1964 3284 νιεεί
1983 3229 2132 3297 prius
2161 3231 2427 3284 moriatur
2451 3231 2497 3284 ⁸.
2533 3229 2654 3296 Qua
2686 3245 2754 3286 ex
2795 3229 3098 3300 Scriptura:
3132 3233 3462 3284 auctoritate

175 3319 282 3386 Πῶς
327 3323 384 3377 δὲ
435 3324 592 3397 ψυχὴ
649 3325 931 3379 ἐλεύσεται
990 3326 1158 3398 μόνης
1205 3326 1325 3391 πῶς
1355 3326 1414 3380 δὲ
1447 3324 1756 3396 βασιλεύσει

1872 3321 2024 3393 plane
2077 3320 2214 3376 illud
2267 3320 2654 3392 intelligimus,
2695 3335 2870 3394 grano
2919 3321 3000 3375 illi
3040 3320 3192 3392 quod
3234 3321 3459 3386 cecidit,

177 3410 346 3484 μόνηή
371 3416 507 3487 ὁμοῦ
543 3415 644 3470 σὺν
667 3414 880 3487 σώματι
908 3417 1262 3490 ἐργασαμένη
1285 3416 1346 3471 τὸ
1370 3415 1580 3471 δίκαιον
1625 3414 1658 3486 ἦ
1694 3413 1756 3469 τὸ

175 3502 387 3573 φαῦλον;
418 3507 582 3562 ἔσται
609 3507 720 3580 γὰρ
754 3508 976 3579 ἐναντία
1008 3509 1103 3562 καὶ
1133 3509 1196 3562 οὑ
1229 3507 1420 3564 δικαία
1470 3509 1504 3580 ή
1544 3509 1749 3580 κρίσις.

1864 3411 1970 3468 hoc
1997 3420 2083 3468 est
2115 3413 2443 3483 consepulto
2477 3415 2719 3485 corpori,
2770 3428 2882 3468 non
2935 3413 3154 3478 animae,
3207 3427 3463 3469 resurre—

1862 3506 2100 3562 ctionem
2131 3520 2256 3562 esse
2284 3505 2699 3562 vindicandam.
2729 3505 2945 3562 Etenim
2971 3504 3247 3577 quomodo
3276 3504 3460 3558 anima

174 3596 274 3650 sola
304 3602 559 3676 veniret,
587 3610 686 3656 aut
734 3617 968 3673 regnare
1021 3604 1139 3658 sola
1193 3610 1403 3675 posset,
1459 3619 1584 3674 quae
1653 3617 1779 3658 cum
1819 3616 2055 3672 corpore
2095 3601 2243 3671 quod
2276 3601 2488 3672 justum
2521 3602 2620 3673 _vel
2668 3602 2875 3659 malum
2930 3608 3018 3658 est
3094 3600 3462 3656 communiter

172 3697 428 3751 exercuit?
470 3698 640 3753 Esset
677 3697 882 3769 quippe
922 3698 1156 3769 iustitiae
1202 3700 1431 3756 minime
1457 3709 1893 3755 consentaneum
1930 3705 1988 3751 ct
2019 3698 2282 3753 alienum.

233 3791 317 3856 ς’.
346 3792 469 3857 Πῶς
499 3794 565 3848 δὲ
595 3793 996 3866 συσταθήσεται
1029 3797 1058 3849 6
1088 3797 1216 3867 παρ’
1267 3795 1417 3868 αὑτῷ
1462 3795 1753 3866 Μαρκίωνι

173 3880 321 3949 τριῶν
357 3884 546 3956 ἀρχῶν
575 3885 768 3954 λόγος;
833 3886 961 3950 Πῶς
1001 3886 1058 3940 δὲ
1095 3889 1124 3940 6
1153 3885 1357 3956 ἀγαθὸς
1393 3886 1752 3959 εὑρεθήσεται

174 3970 223 4024 ὲν
253 3979 356 4040 τοῖς
377 3976 470 4031 τοῦ
510 3978 724 4048 φαύλου
760 3979 981 4052 μέρεσιν
1024 3979 1185 4052 ἔργον
1209 3981 1474 4035 ἐπιτελῶν
1505 3981 1539 4054 ἢ
1570 3998 1748 4052 σωτη-

177 4063 299 4134 ρίας,
332 4069 364 4140 ἢ
415 4071 532 4127 τῶν
588 4071 802 4139 mm;
833 4074 896 4127 Et
942 4073 1052 4144 γὰρ
1077 4075 1181 4128 οὐκ
1229 4073 1395 4128 αὑτοῦ
1425 4075 1684 4145 τυγχάνει
1721 4074 1751 4127 6

175 4157 374 4230 κόσμος,
419 4166 714 4219 ἀπέστειλε
779 4165 836 4218 δὲ
886 4165 1053 4222 αὑτοῦ
1103 4169 1196 4220 τὸν
1236 4167 1518 4237 Μονογενῆ
1545 4169 1624 4231 είς
1655 4167 1748 4222 τὸν

174 4249 356 4322 κόσμον
368 4255 559 4310 λαϐεῖν
577 4258 643 4311 ὲκ
659 4257 754 4310 τοῦ
775 4258 983 4330 κόσμου
998 4257 1092 4312 τοῦ
1110 4257 1415 4329 ἀλλοτρίου,
1438 4257 1475 4311 ἃ.
1494 4257 1568 4329 μὴ
1585 4258 1749 4322 αὐτὸς

173 4339 396 4418 ἔσπειρε,
423 4350 564 4421 μηδὲ
588 4349 864 4422 ἐποίησενο
892 4351 1297 4423 εὑρεθήσεταιῆ
1318 4350 1427 4405 τῶν
1452 4351 1749 4423 ἀλλοτρίων

174 4433 510 4514 ὲεί³ιέμενος,”1’ί
545 4443 737 4496 πενίαν
766 4444 1159 4514 ὑφιστάμενος,
1199 4444 1293 4498 καὶ
1321 4443 1428 4498 ίδια
1459 4444 1546 4516 ,μὴ
1583 4444 1744 4515 ἔχων,

175 4522 256 4576 ἐπὶ
285 4528 349 4582 τὰ
379 4532 640 4604 ἀλλότρια
662 4533 856 4586 ἑαυτὸν
885 4535 1173 4599 ἐπιδιδοὺς,
1201 4536 1350 4600 ὅπως
1375 4534 1554 4606 ἑαυτῷ
1583 4552 1750 4606 προσ-

1934 3790 2025 3846 Vl.
2073 3791 2211 3847 Nam
2256 3793 2455 3864 triplex
2499 3793 2634 3848 illud
2676 3791 2972 3848 Marcionis
3002 3791 3333 3863 principium
3363 3804 3456 3846 co-

1860 3880 2070 3938 haerere
2103 3898 2215 3953 quo
2245 3883 2465 3938 demum
2500 3889 2665 3953 pacto
2697 3881 2936 3954 poterit?
2972 3880 3079 3947 Qui
3122 3889 3305 3936 autem
3340 3879 3455 3935 fieri

1859 3980 2065 4044 potest,
2097 3981 2156 4027 ut
2182 3975 2280 4044 qui
2311 3974 2490 4029 bonus
2521 3974 2614 4039 sit,
2647 3972 2701 4026 in
2727 3973 3020 4028 deterioris
3044 3972 3292 4043 partibus
3315 3986 3454 4042 Opus

1858 4065 2118 4120 moliatur
2149 4067 2342 4132 ullum,
2383 4067 2529 4137 quod
2563 4067 2630 4121 ad
2667 4067 2904 4121 salutem
2946 4073 3000 4120 et
3039 4065 3093 4120 id
3145 4080 3319 4135 genus
3349 4066 3454 4119 alia

1857 4155 2166 4225 pertineat?
2206 4154 2266 4210 Si
2299 4156 2445 4210 enim
2483 4170 2594 4210 non
2630 4155 2807 4225 ipsius
2837 4154 3141 4225 peculiaris
3170 4162 3252 4209 est
3288 4170 3454 4209 mun-

1858 4247 1984 4313 dus,
2015 4256 2070 4304 et
2097 4249 2151 4303 in
2178 4248 2434 4304 eumdem
2462 4247 2755 4318 unigenam
2772 4261 2932 4303 suum
2962 4245 3324 4302 nihilominus
3351 4246 3453 4300 im-

1856 4340 2030 4406 misit,
2068 4349 2128 4395 ut
2162 4357 2230 4396 ex
2275 4341 2453 4397 alieno
2499 4339 2706 4394 mundo
2752 4340 2900 4411 quod
2947 4355 3047 4395 nec
3079 4348 3312 4406 severat,
3350 4357 3452 4396 nec

1857 4431 2086 4497 fecerat,
2120 4434 2364 4490 auferret
2395 4453 2408 4490 :
2448 4449 2681 4492 necesse
2715 4441 2800 4488 est
2835 4434 2988 4488 illum
3025 4435 3112 4489 vel
3142 4434 3451 4489 alienorum

1855 4526 2174 4597 cupiditate,
2217 4528 2302 4583 vel
2347 4527 2577 4598 penuria
2618 4528 2872 4584 laborare
2907 4546 2920 4582 :
2963 4537 3022 4582 ut
3056 4542 3179 4581 cum
3211 4526 3451 4596 propriis

274 4623 446 4695 ίσηται
463 4629 498 4683 ἃ.
517 4629 592 4700 μὴ
612 4629 878 4701 πρότερον
897 4629 1030 4700 ἔχει.
1055 4629 1177 4694 Πῶς
1193 4629 1249 4682 δὲ
1275 4629 1751 4702 κριτὴςάναμέσον

1872 4626 2065 4686 :areat,
2111 4622 2166 4674 in
2196 4634 2259 4676 ea
2290 4635 2415 4690 quae
2450 4620 2678 4678 alterius
2724 4628 2876 4685 sunt,
2913 4629 3119 4676 manus
3165 4619 3448 4684 immittat,

177 4710 479 4790 ἀμφοτέρων
503 4724 796 4794 γενήσεται
820 4725 849 4777 6
879 4723 1251 4795 Δημιουργός;
1281 4717 1415 4776 Εἶτα
1454 4721 1603 4785 τίνας
1637 4721 1751 4791 ἔχει

1855 4727 1966 4783 quo
2000 4711 2104 4768 sibi
2137 4727 2258 4783 quae
2295 4722 2457 4768 antea
2489 4728 2601 4768 non
2634 4713 2870 4769 habebat
2899 4721 3153 4783 usurpet.
3183 4711 3450 4767 Conditor

177 4807 374 4874 κρῖναις
405 4813 468 4866 Εί
500 4814 612 4885 γὰρ
659 4814 770 4870 τῶν
797 4816 909 4870 ἀπὸ
951 4815 1064 4869 τοῦ.
1089 4815 1202 4869 ἄνω
1251 4814 1461 4868 σκευῶν
1487 4812 1749 4886 δικαστὴς

1872 4823 2019 4864 )οιί·ο
2055 4809 2334 4878 quomodo
2373 4809 2520 4863 inter
2558 4816 2823 4879 utrosque
2855 4807 3149 4876 judicabit,
3184 4815 3280 4860 aut
3312 4820 3452 4873 quo-

178 4902 575 4974 προκαθέζεται,
610 4907 784 4979 ίσχύει
807 4909 947 4980 ὑπὲρ
975 4908 1067 4962 τὸν
1088 4909 1232 4962 ἄνω·
1256 4908 1444 4980 ἐπειδὴ
1479 4905 1636 4979 φέρει
1666 4907 1749 4969 είς

1872 4913 1976 4952 ὐηι
2019 4897 2248 4952 omnino
2285 4911 2509 4952 causam
2556 4897 2925 4966 disceptabit?
2975 4895 3035 4950 Si
3080 4895 3226 4951 enim
3257 4893 3324 4949 de
3353 4893 3445 4958 iis,

179 4984 328 5051 μέσον
352 4992 458 5048 τῶν
493 4996 659 5052 αὑτοῦ
690 4999 990 5069 κριτηρίων
1014 4999 1085 5052 τὰ
1116 4997 1214 5051 τοῦ
1257 4998 1372 5052 ἄνω
1400 4997 1742 5068 ὑπάρχοντα,

1872 5005 1975 5060 luas
2003 4989 2060 5043 in
2093 4988 2342 5058 supremi
2389 4988 2542 5044 illius
2584 4988 2935 5060 possessione
2981 4995 3130 5050 sunt,
3174 4984 3444 5052 judicium

175 5069 240 5135 ὡς
276 5077 350 5148 τῷ
391 5083 888 5158 Μαρκίωνι,ἐδοξε.
918 5088 1028 5141 Καὶ
1069 5089 1116 5141 εί
1150 5088 1287 5151 ὅλως
1315 5089 1510 5160 κριτὴς
1539 5087 1745 5157 τυγχά-

1872 5087 2127 5144 :xerceat,
2161 5079 2266 5136 erit
2300 5094 2558 5149 supremo
2607 5079 2701 5134 illo
2746 5078 3063 5148 potentior:
3109 5083 3298 5147 utpote
3351 5075 3446 5146 qui

177 5176 269 5229 νει,
295 5168 494 5241 δίκαιός
525 5179 658 5234 ἐστι.
686 5179 960 5251 Δείξωμεν
980 5179 1037 5233 δὲ
1066 5180 1174 5234 ἀπὸ
1187 5178 1280 5232 τοῦ
1310 5178 1520 5233 δικαίου
1546 5177 1746 5250 ὀνόμα-

1872 5189 1976 5245 [uae
2009 5172 2130 5241 ejus
2171 5181 2302 5230 sunt
2341 5187 2503 5228 suum
2552 5173 2620 5228 ad
2671 5171 2914 5226 tribunal
2966 5169 3446 5241 cognitionemque

179 5269 278 5342 Ἒος,
304 5262 383 5317 ὅτι
403 5271 593 5325 ταυτόν
609 5273 727 5326 ἐστι
751 5272 811 5325 τὸ
837 5272 1040 5341 ἀγαθὸν
1059 5274 1154 5326 καὶ
1183 5272 1245 5326 τὸ
1259 5272 1486 5326 δίκαιον.
1503 5271 1619 5325 Πᾶν
1639 5269 1747 5342 γὰρ

1872 5265 2183 5332 .ransferat,
2232 5274 2294 5321 ut
2329 5265 2550 5337 quidem
2603 5264 2868 5320 Marcioni
2919 5263 3151 5318 videtur.
3198 5257 3356 5325 Quod
3396 5257 3443 5313 si

184 5340 416 5433 ὂδίκαιόν
435 5359 568 5425 ἐστι,
594 5360 754 5415 τοῦτο
785 5340 895 5416 καί
919 5362 1151 5430 ἀγαθόν.
1203 5361 1336 5415 Ἀπὸ
1360 5360 1470 5433 γὰρ
1483 5359 1578 5414 τοῦ
1608 5340 1748 5428 ἀγα*-

1878 5359 2021 5415 udex
2050 5365 2156 5423 est,
2192 5359 2419 5415 omnino
2451 5358 2637 5429 justus
2671 5357 2862 5413 itidem
2900 5356 2974 5412 sit
2999 5359 3235 5425 oportet.
3271 5349 3444 5419 Atqui

184 5432 264 5488 σὺν
309 5437 442 5500 εἶναι
486 5451 545 5504 τὺ
566 5453 770 5522 ἀγαθὸν
809 5454 1096 5526 χαρίζεται
1139 5455 1366 5519 δικαίως
1421 5432 1560 5526 μετά
1612 5453 1746 5525 ἀλη-

1872 5467 1922 5506 ιι
1965 5451 2088 5523 ipso
2124 5451 2263 5523 justi
2306 5453 2529 5509 nomine
2561 5452 2766 5509 bonum
2797 5465 2861 5507 ac
2887 5448 3099 5521 justum
3134 5443 3285 5510 idem
3319 5447 3450 5502 esse

249 5547 268 5582 ³
322 5553 449 5617 Luc.
484 5580 618 5634 xvii,
646 5570 738 5626 '57.
815 5573 835 5603 ¹
865 5567 1025 5626 Joan.
1055 5587 1156 5637 xu,
1184 5569 1277 5627 24.
1354 5568 1376 5601 ³
1400 5568 1420 5622 ι
1441 5569 1570 5624 Cor.
1597 5584 1690 5637 xv,
1726 5567 1818 5633 55,
1850 5568 1940 5627 56.

255 5663 356 5740 (65)
394 5678 471 5732 Οὐ
497 5683 926 5755 κατακλείομεν
948 5682 1172 5755 ψυχάς.
1209 5681 1366 5750 Quod
1389 5681 1596 5738 ethnici
1631 5681 1762 5737 ccrti

1872 5681 2033 5738 itibus
2059 5682 2351 5738 faciebant.
2385 5679 2524 5738 Hinc
2559 5691 2619 5738 ιιι
2649 5679 2868 5737 fEneid.
2893 5688 2913 5728 :

1747 5769 2098 5844 Animamque
2141 5772 2380 5842 sepulcro

1329 5837 1632 5897 Condimus.
