3934 6420
511 372 616 425 τί)ῗῖ

1941 368 1999 424 S.
2043 368 2409 424 EPIPHANII.
3123 383 3126 386 ‘
3659 363 3739 420 7M

513 488 1040 544 demonstrabimus.
1101 487 1377 558 Quidquid
1429 484 1574 541 enim
1620 485 1829 557 justum
1887 498 1992 552 est,
2048 488 2092 542 id

2210 486 2358 551 Θείας
2383 485 2462 557 τῷ
2491 483 2672 554 ἀγαθὰ
2700 485 2996 557 δράσαντι·
3039 485 3135 540 καὶ
3164 483 3348 539 οὑκέτι
3372 483 3516 538 ἔσται
3558 481 3735 556 πρὸς-ιδ

512 583 680 633 etiam
721 590 807 636 est
837 581 1065 638 bonum.
1105 579 1181 634 Ex
1228 594 1295 635 eo
1327 579 1532 650 quippe
1573 578 1720 648 quod
1769 579 1973 634 bonum
2012 580 2104 646 sit,

516 672 618 725 hoc
655 672 840 737 habet,
880 679 939 726 ut
985 672 1034 726 ei
1071 673 1162 740 qui
1207 671 1348 725 bona
1396 669 1611 734 fecerit,
1641 669 1791 740 juste
1829 685 1894 725 ac
1927 671 2106 741 reipsa

513 765 717 818 bonum
751 763 1032 833 rependat.
1060 763 1240 828 Quare
1269 761 1414 832 quod
1443 761 1648 816 bonum
1679 768 1764 816 est
1797 761 1940 815 bono
1968 776 2104 815 con-

514 855 744 909 trarium
779 869 887 908 non
919 856 1057 921 erit;
1092 855 1225 909 illud
1259 855 1494 921 scilicet,
1544 854 1688 924 quod
1735 862 1792 909 et
1825 853 1970 908 bono
2008 853 2106 908 bo-

514 961 643 999 num
670 961 736 999 ex
775 945 1013 1015 justitia'
1041 947 1272 1010 tribuat,
1309 955 1362 1001 et
1401 945 1545 999 malo
1569 944 1784 1000 debitas
1813 959 2005 1014 poenas
2038 957 2104 998 ac

513 1039 781 1108 supplicia
830 1039 1150 1094 constituat.
1203 1037 1461 1093 Vicissim
1498 1051 1628 1092 vero
1661 1052 1763 1092 nec
1799 1037 1888 1092 ille
1927 1038 2104 1092 bonus

509 1130 637 1192 erit,
676 1129 770 1198 qui
802 1144 929 1184 eum
970 1130 1063 1198 qui
1101 1129 1280 1184 malus
1312 1129 1385 1184 sit
1414 1129 1469 1183 in
1499 1129 1606 1184 fine
1638 1127 1880 1199 praemiis
1915 1127 2099 1194 allicit,

509 1220 616 1276 nisi
648 1219 788 1275 forte
823 1221 1152 1292 resipuerit;
1187 1222 1440 1292 quamvis
1478 1221 1644 1275 modo
1670 1235 1827 1290 super
1852 1219 2013 1274 bonos
2041 1237 2103 1274 ac

509 1312 681 1367 malos
714 1314 846 1367 oriri
879 1315 1043 1367 solem
1089 1329 1244 1366 suum
1278 1313 1467 1382 faciat,
1497 1322 1652 1382 atque
1687 1313 1908 1366 imbrem
1948 1327 2101 1365 suum

510 1404 776 1473 largiatur
811 1407 825 1436 ⁸
866 1424 881 1461 :
915 1413 1141 1476 propter
1173 1421 1293 1460 eam
1327 1420 1451 1474 quae
1485 1405 1538 1458 in
1579 1405 1740 1460 malis
1775 1403 2002 1474 perinde
2036 1419 2101 1459 ac

510 1497 674 1553 bonis
697 1499 946 1553 cernitur
971 1497 1188 1552 arbitrii
1213 1497 1548 1552 libertatem.
1576 1493 1765 1566 Neque
1787 1496 1932 1551 enim
1955 1495 2100 1551 bona

508 1589 630 1659 ejus
656 1605 780 1645 esse
812 1599 1009 1644 natura
1041 1597 1243 1660 potest,
1273 1589 1366 1658 qui
1399 1588 1455 1643 in
1486 1588 1672 1642 futuro
1698 1589 1900 1644 saeculo
1926 1588 2101 1643 scele-

510 1691 632 1737 rato
664 1683 902 1754 cuipiam
935 1681 1242 1736 mercedem
1277 1681 1472 1736 salutis
1502 1680 1773 1743 conferat,
1806 1696 1910 1735 nec
1941 1680 2101 1750 quid-

509 1773 640 1844 quid
672 1773 871 1827 malum
902 1781 987 1827 est
1023 1771 1205 1842 potius
1242 1779 1579 1826 exsecretur.
1622 1769 1758 1824 Nam
1797 1770 1958 1840 307
1990 1778 2101 1824 ter-

2213 577 2418 647 ἀγαθὸν
2469 579 2725 642 ἐναντίως
2787 578 2867 650 τῷ
2912 579 3124 649 ἀγαθῷ,
3160 577 3303 632 κατά
3344 575 3663 648 δικαιοσύνην
3692 577 3738 632 ιδ

2211 669 2415 739 ἀγαθὸν
2444 667 2526 738 τῷ
2557 667 2748 739 ἀγαθῷ
2776 669 3058 740 παρέχων,
3102 669 3196 723 καὶ
3233 667 3313 740 τῷ
3338 666 3520 737 φαύλῳ
3542 666 3628 736 τὴν
3645 668 3739 720 ἐπι·

2210 758 2402 828 τιμίαν
2452 758 2552 829 τῆς
2612 759 2906 829 τιμωρίας.
2951 757 3088 812 Οὐδὲ
3138 756 3301 811 πάλιν
3330 754 3524 824 ἀγαθὸς
3547 754 3606 809 ἀν
3627 756 3739 823 εῐηό

2205 848 2292 920 τῷ
2340 849 2562 921 πονηρῷ
2592 848 2685 902 τὸν
2723 850 2932 918 ἀγαθὸν
2970 849 3161 922 μισθὸν
3203 849 3297 902 ἐπὶ
3326 847 3404 918 τῷ
3425 847 3562 904 ,τέλει
3590 847 3742 900 ἀποδι-

2206 941 2352 1007 δοὺς,
2385 942 2460 1012 μὴ
2488 941 2875 1012 μετανοοῦντι·
2919 943 2968 995 εί
2993 942 3089 996 καὶ
3121 944 3180 995 ὲν
3199 939 3276 1012 τῷ
3299 937 3743 1010 παρόντιάνατέλ-

2204 1037 2300 1088 ,λοι
2345 1033 2532 1088 αὐτοῦ
2574 1035 2683 1090 τόν
2712 1035 2893 1104 ἣλιον
2933 1036 3033 1089 ἐπὶ
3077 1033 3340 1104 ἀγαθοὺς
3367 1033 3462 1086 καί
3491 1033 3740 1100 φαύλους,

2206 1125 2305 1178 καὶ
2353 1126 2462 1180 τὸν
2500 1127 2679 1180 ὑετὸν
2697 1127 2887 1182 αὐτοῦ
2909 1126 3182 1197 παρέχοι,
3215 1125 3304 1180 διά
3324 1126 3383 1179 τὸ
3405 1124 3498 1181 νῦν
3529 1123 3741 1189 αὐτεξού-

2208 1235 2342 1281 σιον,
2368 1220 2485 1282 τοῖς
2509 1235 2568 1272 τε
2593 1222 2851 1292 πονηροῖς
2873 1221 2967 1273 καὶ
2989 1219 3214 1288 ἀγαθοῖς
3235 1217 3553 1290 ἀνθρώποις.
3579 1218 3742 1289 ’Δγαθὴ

2204 1309 2315 1381 γὰρ
2332 1310 2514 1364 οὑκέτι
2541 1312 2694 1366 ἔσται
2711 1311 2897 1383 φύσις,
2918 1314 3012 1367 καὶ
3027 1313 3211 1366 δικαία
3226 1311 3322 1365 τοῦ
3343 1311 3420 1382 τῷ
3439 1309 3641 1382 πονηρῷ
3670 1329 3741 1382 μι-

2207 1403 2332 1456 σθὸν
2361 1405 2419 1457 ὲν
2451 1403 2529 1474 τῷ
2565 1405 2814 1476 μέλλοντι
2836 1405 2992 1460 αἰῶνι
3021 1405 3294 1478 σωτηρίας
3317 1404 3647 1476 παρέχοντος,
3668 1404 3743 1458 καὶ

2203 1494 2264 1548 οὑ
2301 1495 2504 1567 μᾶλλον
2553 1497 2842 1567 μισοῦντες
2886 1499 2948 1552 τὸ
2978 1497 3217 1569 πονηρὸν
3255 1499 3351 1551 καὶ
3383 1496 3594 1567 φαῦλον.
3627 1497 3678 1551 '0
3699 1495 3744 1550 δὲ

2201 1587 2384 1657 τρίτος
2412 1589 2802 1661 εὑρισκόμενος
2833 1593 2964 1662 παρ’
2989 1589 3139 1662 αὑτῷ
3181 1590 3440 1661 πονηρὸς,
3469 1591 3515 1642 εἰ
3546 1590 3644 1660 ἔχει
3666 1589 3744 1660 τὴν

2203 1680 2456 1747 ἐξουσίαν
2483 1682 2552 1735 τά
2590 1683 2804 1754 πονηρά
2835 1683 3190 1756 ἐργάζεσθαι,
3216 1680 3638 1752 καὶ’κατισχὺειν
3658 1681 3744 1734 τῶν

2204 1772 2262 1824 ἐν
2316 1771 2396 1842 τῷ
2452 1772 2666 1844 κόσμῳ,
2699 1775 2732 1846 ἢ
2763 1773 2873 1827 τῶν
2901 1773 3110 1828 ἄνωθεν
3141 1757 3386 1842 ἀγαθῶν,
3434 1774 3467 1843 ἢ
3496 1773 3583 1824 τοὺ
3610 1771 3743 1842 μέσου

514 1866 625 1918 tius
676 1865 787 1930 ille,
837 1863 931 1934 qui
980 1878 1008 1918 a
1059 1861 1338 1916 Marcione
1372 1861 1595 1931 ponitur
1635 1861 1835 1928 malus,
1876 1861 1923 1916 si
1961 1861 2092 1914 male

2201 1862 2434 1925 δικαίου,
2465 1863 2823 1934 εὑρεθήσεται
2856 1865 3206 1936 ἰσχυρότερος
3227 1857 3384 1926 οὗτος
3409 1863 3500 1916 δύο
3530 1861 3743 1916 θεῶντῶν

513 1955 711 2027 agendi
748 1961 1021 2026 potestate
1077 1954 1338 2024 praeditus
1391 1964 1494 2019 est,
1547 1961 1712 2024 atque
1763 1969 1856 2009 eos
1905 1953 2000 2023 qui
2044 1953 2100 2008 in

511 2046 717 2102 mundo
747 2056 894 2112 sunt,
941 2055 1035 2100 aut
1068 2063 1098 2101 e
1129 2047 1274 2102 caelo
1312 2047 1523 2117 delapsi
1573 2056 1722 2111 sunt,
1777 2047 1973 2112 bonos,
2005 2053 2100 2100 aut

509 2140 842 2194 mediocrem
874 2139 1084 2209 justum
1123 2154 1442 2209 expugnare
1481 2146 1680 2207 potest,
1721 2127 1940 2194 duobus
1971 2142 2101 2193 reli—

505 2232 630 2302 quis
665 2231 772 2286 diis
808 2230 912 2286 erit
952 2229 1244 2300 potentior,
1283 2230 1487 2300 quippe
1523 2231 1616 2300 qui
1650 2231 1826 2284 aliena
1860 2245 1956 2300 per
1987 2229 2098 2283 vim

504 2323 676 2390 possit
707 2321 935 2390 eripere.
971 2321 1061 2375 Isti
1109 2335 1257 2383 vero,
1301 2322 1348 2376 si
1393 2336 1520 2377 cum
1558 2320 1652 2375 illo
1682 2329 2093 2391 comparentur,

2201 1955 2354 2027 παρὰ
2398 1957 2688 2028 Μαρκίωνι
2731 1957 3077 2027 λεγομένων·
3119 1955 3306 2026 ἐπειδὴ
3351 1955 3636 2022 ἐξουσιάζει
3673 1954 3746 2024 ἁρ-

2201 2048 2395 2112 πάζειν
2421 2047 2492 2101 τά
2530 2047 2810 2120 ἀλλότρια.
2849 2049 2960 2104 Καὶ
2991 2050 3243 2120 ἀδρανεῖς
3272 2047 3458 2102 λοιπὸν
3477 2046 3745 2116 καταψηφι-

2201 2138 2490 2208 σθήσονται
2521 2139 2570 2191 οἰ
2605 2137 2698 2190 δύο
2730 2138 2880 2212 παρά
2923 2139 3016 2191 τὸν
3039 2137 3137 2191 ἕνα
3172 2137 3435 2208 πονηρὸν,
3459 2137 3507 2189 οἰ
3534 2135 3601 2206 μὴ
3619 2134 3746 2188 δυνά-

2200 2247 2352 2301 μενοι
2408 2229 2677 2301 ἀντέχειν,
2729 2231 2824 2284 καὶ
2871 2229 3096 2302 ῥύεσθαι
3141 2229 3252 2284 ἀπὸ
3301 2229 3402 2282 τοῦ
3450 2225 3744 2299 ἁρπάζοντος

2195 2320 2263 2374 τὰ
2307 2319 2488 2373 αὐτῶν
2511 2321 2662 2384 ὄντα,
2689 2322 2784 2374 καὶ⁸
2811 2323 2890 2384 εἰς
2921 2320 3187 2391 πονηρίαν
3217 2319 3634 2392 μεταϐάλλοντος

504 2415 684 2486 ignavi
715 2423 768 2470 et
800 2415 1366 2470 imbecilles-habendi
1398 2425 1527 2471 sunt
1557 2435 1570 2471 :
1605 2417 1699 2487 qui
1735 2401 1954 2488 quidem
1992 2417 2253 2473 resistere
2307 2425 2603 2487 nequeant,
2663 2433 2872 2488 suaque
2925 2417 2995 2472 ab
3025 2418 3192 2485 illius,
3235 2417 3331 2488 qui
3383 2431 3446 2473 ea
3489 2415 3674 2487 rapiat,
3705 2423 3745 2470 et

502 2507 669 2563 insita
709 2508 812 2563 sibi
845 2509 1111 2578 pravitate
1138 2519 1477 2578 corrumpat,
1511 2509 1713 2578 injuria
1744 2507 2051 2564 vindicare.

576 2597 688 2652 VII.
725 2597 928 2654 Verum
960 2609 1018 2654 ut
1051 2600 1287 2673 improbi
1317 2600 1610 2656 nebulonis
1636 2601 1830 2656 inanes
1864 2616 1929 2655 ac
1957 2599 2095 2655 ridi-

501 2695 658 2749 cuias
688 2695 901 2750 fabulas
931 2697 1104 2777 magis
1132 2697 1418 2766 magisque
1441 2696 1778 2762 refellamus,
1806 2697 1912 2751 alia
1943 2695 2089 2752 istud

502 2789 717 2844 ratione
740 2789 1206 2844 considerandum
1232 2799 1336 2845 est.
1364 2789 1576 2844 Etenim
1606 2789 1652 2845 si
1677 2791 1853 2846 malus
1877 2790 1968 2846 ille
1997 2805 2090 2860 pe-

501 2881 651 2936 nitus
687 2881 864 2935 malns
889 2894 994 2949 cst,
1029 2891 1084 2937 et
1122 2896 1151 2936 a
1188 2883 1333 2936 bono
1378 2882 1738 2938 nihilominus
1786 2882 1957 2938 bonos
1989 2899 2089 2938 au-

502 2973 661 3039 ferat,
701 2974 882 3042 justos
925 2991 954 3028 a
1011 2976 1186 3045 justo,
1222 2974 1372 3030 solos
1405 2975 1491 3030 sui
1538 2975 1746 3031 similes
1790 2976 2088 3046 relinquat,

500 3066 689 3136 utique
717 3067 894 3122 malus
923 3081 1046 3122 esse
1077 3066 1314 3130 desinet,
1349 3067 1442 3136 qui
1487 3067 1665 3122 malus
1703 3067 1928 3131 dicitur,
1963 3083 2089 3122 cum

2276 2591 2350 2648 Z'.
2379 2595 2592 2660 Ἀλλως
2615 2596 2671 2649 δὲ
2701 2596 2863 2652 πάλιν
2891 2598 3196 2670 νοήσωμεν,
3223 2597 3311 2650 ἵνα
3338 2597 3442 2670 τὴν
3478 2595 3654 2668 χλεύην
3672 2592 3743 2648 τοῦ

2201 2685 2443 2758 ἀγύρτου
2486 2688 2832 2760 φωράσωμεν
2873 2689 2975 2760 τῆς
3033 2689 3530 2762 ματαιοφροσὺνης.
3577 2689 3632 2742 Εἰ
3660 2686 3743 2757 γὰρ

2199 2777 2335 2841 ὅλως
2375 2781 2404 2832 ό
2440 2779 2675 2850 πονηρὸς
2725 2780 2984 2853 ὑπάρχει,
3027 2782 3264 2852 ἁρπάζει
3301 2782 3365 2836 δὲ
3406 2784 3526 2843 τοὺς
3552 2780 3745 2850 ἀγαθοὺς

2199 2871 2311 2925 ἀπὸ
2353 2870 2448 2924 τοῦ
2485 2872 2717 2940 ἀγαθοῦ,
2751 2875 2846 2926 καὶ
2873 2873 2999 2937 τοὺς
3022 2872 3268 2937 δικαίους
3299 2875 3413 2928 ἀπὸ
3439 2876 3530 2928 τοῦ
3554 2874 3741 2933 δικαίου,

2203 2961 2366 3026 ἰδίους
2388 2963 2445 3017 δὲ
2468 2965 2568 3036 οὑχ
2593 2963 2828 3036 ἁρπάζει
2855 2965 3048 3036 μόνους
3072 2983 3086 2997 ·
3113 2966 3475 3038 εὑρεθήσεται
3504 2967 3532 3018 ό
3555 2962 3743 3035 πονηρὸς

2197 3055 2383 3108 οὐκέτι
2421 3056 2677 3128 πονηρὸς,
2716 3057 2826 3110 τῶν
2871 3057 3093 3126 ἀγαθῶν
3123 3058 3479 3130 ὀρεγόμενος,
3536 3058 3621 3112 καὶ
3653 3059 3744 3108 ὲπι-

500 3135 768 3212 bonorum
805 3157 1080 3213 desiderio
1117 3135 1390 3224 teneatur,
1425 3157 1760 3230 eosdemque
1789 3160 1892 3216 sibi
1931 3161 2092 3230 quasi

2197 3145 2556 3218 δικαζόμενος
2610 3147 2688 3211 ὡς
2758 3147 3068 3218 βελτιόνων.
3117 3149 3180 3202 Εἰ
3229 3150 3287 3202 δὲ
3319 3151 3422 3203 καὶ
3459 3151 3578 3212 τοὺς
3618 3146 3744 3206 ῑδίους

500 3252 757 3305 meliores
795 3265 1048 3306 as<erere
1084 3252 1328 3307 studeat.
1374 3249 1474 3304 Sin
1506 3249 1573 3305 de
1602 3251 1720 3307 suis
1749 3266 1970 3321 quoque
2003 3249 2094 3319 ju-

498 3340 707 3395 dicium
751 3342 1027 3407 instituat,
1079 3343 1150 3397 ab
1197 3343 1376 3413 iisque
1423 3341 1517 3410 qui
1561 3341 1822 3411 injuriam
1868 3341 2095 3398 fecerint

497 3450 691 3506 poenas
723 3433 924 3505 exigat",
955 3452 1064 3491 non
1094 3437 1207 3506 jam
1247 3437 1428 3492 malus
1461 3438 1569 3492 erit
1600 3446 1789 3508 utpote
1821 3439 2092 3492 malorum

493 3528 664 3598 judex
703 3547 714 3582 :
751 3536 915 3596 atque
962 3529 1067 3583 hoc
1112 3529 1280 3584 modo
1331 3538 1448 3583 tota
1499 3529 1648 3585 illius
1695 3529 1947 3584 doctrina
1995 3543 2095 3600 per

498 3631 619 3672 sese
668 3617 888 3686 penitus
937 3618 1208 3673 labefacta
1253 3619 1529 3675 concidet.
1572 3619 1728 3674 Nunc
1767 3621 1899 3675 illud
1929 3621 2092 3676 velim

499 3708 634 3764 mihi
673 3709 1037 3779 respondeas,
1080 3711 1228 3767 unde
1263 3713 1367 3766 tria
1404 3713 1495 3766 illa
1536 3713 1807 3784 principia
1851 3713 2090 3785 idipsum

499 3799 646 3868 quod
675 3809 804 3855 sunt
833 3801 1172 3856 obtinuerint
1195 3818 1210 3854 :
1237 3810 1332 3856 aut
1355 3803 1480 3871 quis
1508 3803 1721 3874 singula
1746 3803 1862 3858 suis
1891 3804 2092 3862 ﬁnibus

502 3907 567 3947 ac
596 3893 918 3964 regionibus
947 3893 1325 3964 descripserit.
1352 3895 1488 3950 Nam
1513 3894 1560 3952 si
1597 3896 1825 3951 deorum
1866 3875 2094 3967 quilibet

501 4000 604 4038 suo
644 3987 766 4039 loco
805 3986 1086 4054 definitur,
1129 4004 1240 4043 non
1290 3989 1525 4059 amplius
1558 3988 1800 4060 perfecta
1849 3991 1942 4044 illa
1986 3991 2093 4046 tria

500 4086 818 4143 censentur,
839 4094 962 4148 quae
984 4082 1153 4137 certis
1184 4081 1582 4153 comprehensa
1609 4089 1738 4138 sunt
1763 4098 1826 4137 ac
1859 4084 2099 4140 circum-

499 4170 705 4240 scripta
749 4171 944 4240 spatiis
977 4190 992 4225 :
1025 4181 1220 4244 estque
1264 4174 1504 4244 idipsum
1551 4174 1699 4246 quod
1742 4176 1988 4231 continet
2026 4191 2094 4231 eo

497 4263 643 4332 quod
669 4265 982 4320 continetur
997 4266 1208 4338 majus;
1232 4283 1410 4338 neque
1427 4268 1571 4338 quod
1591 4268 1860 4337 ejusmodi
1882 4269 2092 4324 ambitu

496 4355 756 4424 cingitur,
807 4355 902 4411 Dei
947 4359 1370 4428 appellationem
1409 4366 1672 4424 tueretur,
1716 4357 1814 4413 sed
1849 4360 2090 4428 spatium

497 4443 632 4499 illud
651 4447 860 4514 utique,
886 4464 997 4518 quo
1029 4450 1146 4505 suis
1174 4452 1354 4520 ipsum
1387 4448 1657 4505 limitibus
1680 4450 2086 4518 complectitur.

495 4537 565 4590 At
582 4541 726 4592 enim
749 4554 872 4593 cum
893 4541 948 4594 in
975 4558 1144 4596 unum
1169 4542 1698 4612 coiissent,separati
1717 4552 1904 4612 postea
1927 4543 2086 4598 sedes

493 4643 625 4683 suas
657 4641 1025 4701 occuparunt,
1059 4648 1123 4688 ac
1147 4635 1370 4704 propria
1401 4634 1639 4705 quisque
1667 4641 1964 4690 contentus
1989 4649 2087 4690 ne-

493 4733 771 4788 quaquam
829 4721 1038 4777 invadit
1089 4723 1143 4777 in
1193 4724 1450 4787 alterum,
1511 4731 1606 4777 aut
1664 4724 2084 4793 impressionem

495 4807 646 4862 facit.
690 4807 862 4878 Igitur
904 4826 1018 4865 non
1065 4812 1304 4882 amplius
1336 4811 1615 4867 contraria
1654 4810 1890 4866 invicem
1924 4818 2088 4866 erunt

493 4899 585 4954 illa
620 4900 916 4973 principia,
945 4919 1048 4960 nec
1077 4903 1250 4958 ullum
1296 4918 1421 4960 esse
1463 4903 1666 4958 malum
1703 4904 1925 4975 poterit,
1957 4919 2083 4958 cum

491 5005 622 5046 suas
654 5005 746 5046 res
773 4991 1004 5048 comiter
1029 5009 1097 5048 ex
1129 5008 1286 5064 aequo
1313 4993 1570 5064 bonoque
1609 5009 1674 5049 ac
1702 5009 1918 5049 summa
1943 5008 2082 5047 con-

490 5077 692 5132 stantia
729 5080 1068 5146 moderetur,
1129 5097 1232 5137 nec
1265 5082 1410 5137 ultra
1435 5083 1688 5154 progredi
1713 5098 1878 5153 quam
1905 5082 1987 5139 fas
2009 5083 2083 5138 sit

491 5175 730 5238 appetat.
772 5167 882 5226 Sed
923 5171 969 5226 si
1013 5172 1191 5228 malus
1223 5187 1253 5226 a
1291 5189 1550 5243 supremo
1579 5173 1843 5238 vincitur,
1872 5189 1937 5228 ac
1961 5175 2080 5230 vio-

493 5254 668 5313 Ienter
695 5262 1062 5332 Opprimitur;
1113 5279 1240 5318 cum
1281 5272 1336 5319 et
1369 5265 1439 5320 ab
1476 5279 1544 5320 eo
1582 5261 1868 5334 seiunctus
1900 5267 1993 5329 sit,
2024 5273 2080 5322 et

494 5351 770 5416 propriam
793 5355 980 5410 sedem
1008 5355 1275 5423 obtineat,
1306 5371 1429 5426 qua:
1459 5357 1587 5412 boni
1617 5357 1767 5414 illius
1797 5373 1862 5411 ac
1893 5372 2083 5428 supre-

496 5433 570 5486 mi
618 5439 752 5493 nihil
799 5443 1040 5510 intersit,
1091 5462 1270 5518 neque
1312 5448 1614 5520 quidquam
1655 5449 1710 5505 in
1754 5465 1817 5505 ea
1857 5465 1980 5521 qum
2021 5450 2076 5505 in

2199 3239 2396 3310 κρίνει,
2423 3241 2696 3311 τιμωρίαν
2706 3240 2764 3293 δὲ
2783 3241 2912 3304 τοὺς
2932 3241 3301 3312 ἀδικήσαντας
3317 3243 3564 3296 ἀπαιτεῖ·
3593 3237 3742 3294 οὐκέτι

2197 3331 2434 3403 πονηρὸς
2487 3331 2641 3386 ἔσται
2683 3334 2713 3386 ὁ
2753 3332 3006 3404 πονηρῶν
3045 3333 3310 3405 δικαστὴς
3353 3335 3630 3406 ὑπάρχων·
3670 3331 3740 3383 καὶ

2195 3423 2552 3495 εὑρεθήσεται
2602 3423 2744 3477 κατά
2791 3425 2970 3478 πάντα
3016 3425 3219 3496 τρόπον
3251 3427 3286 3496 ή
3323 3424 3490 3478 αὑτοῦ
3527 3421 3739 3482 ὑπόθεσις

2196 3514 2398 3586 ἑαυτὴν
2435 3515 2836 3587 ἀνατρέπουσα.
2871 3516 3044 3570 Πόθεν
3083 3517 3138 3570 δὲ
3167 3516 3427 3588 εἰλήφασι
3457 3517 3517 3569 τὸ
3551 3510 3740 3568 εἶναιαί

2194 3609 2344 3677 τρεῖς
2395 3609 2584 3678 ἀρχαὶ,
2634 3608 2798 3662 πάλιν
2841 3609 2966 3678 λέγε
2993 3625 3008 3641 ⁸
3045 3609 3131 3673 τίς
3160 3610 3218 3662 δὲ
3246 3611 3275 3660 ό
3303 3610 3524 3673 ταύταις
3553 3604 3739 3680 όρισμδν

2197 3695 2638 3766 συστησάμενος;
2680 3698 2742 3750 Εἰ
2769 3698 2868 3768 μὲν
2899 3701 3009 3770 γὰρ
3037 3699 3268 3763 ἕκαστος
3295 3700 3354 3752 ὲν
3386 3699 3465 3770 τῷ
3494 3699 3599 3768 ἰδίῳ
3623 3697 3740 3763 τόπῳ

2196 3785 2595 3857 περιορίζεται,
2624 3789 2808 3842 οὑκέτι
2825 3790 3005 3844 τέλεια
3037 3790 3108 3844 τά
3136 3791 3263 3862 τρία
3295 3791 3634 3862 εὑρεθήσεται
3655 3789 3734 3857 ὁρι-

2197 3876 2423 3948 ζόμενος
2453 3879 2471 3910 ³
2522 3879 2579 3934 ἓν
2621 3897 2732 3934 τισι
2771 3884 3142 3952 περιεκτικοῑς
3178 3883 3400 3947 τόποις·
3427 3880 3740 3954 εὑρεθήσεται

2193 3968 2251 4021 δὲ
2294 3969 2355 4022 τὸ
2417 3972 2768 4043 περιεκτικὸν
2830 3973 3018 4043 μεῖζον
3059 3972 3154 4026 τοῦ
3215 3973 3630 4045 περιεχομένου·
3671 3969 3740 4022 καὶ

2151 4063 2166 4086 "
2194 4060 2379 4115 οὐκέτι
2397 4062 2458 4116 τὸ
2491 4064 2885 4135 περιεχόμενον
2901 4065 3035 4128 Θεὸς
3065 4065 3131 4119 ἂν
3153 4065 3404 4137 κληθείη,
3429 4064 3558 4120 ἀλλά
3581 4060 3741 4135 μᾶλλον

2203 4155 2236 4226 ὴ
2269 4157 2593 4228 περιεκτικὴ
2614 4157 2887 4231 όροθεσία.
2921 4159 2984 4212 Ei
3009 4159 3066 4212 δὲ
3098 4161 3191 4212 καὶ
3213 4162 3295 4223 εἰς
3317 4159 3512 4213 ταυτὸν
3535 4155 3739 4227 ἀλλήλοις

2195 4249 2478 4321 γενόμενοι
2533 4250 2764 4314 ἕκαστος
2797 4251 2939 4306 κατά
2992 4252 3162 4305 δίεσιν
3202 4253 3294 4306 τὸν
3337 4253 3467 4307 ἴδιον
3497 4246 3737 4321 ἐκληρώθη

2192 4341 2379 4406 τόπον,
2425 4342 2522 4396 καὶ
2569 4342 2822 4406 ἕκαστος,
2863 4345 2923 4396 ἐν
2973 4343 3052 4413 τῷ
3085 4344 3198 4414 ίδίῳ
3242 4344 3340 4407 ὢν,
3378 4343 3456 4414 τῷ
3484 4341 3640 4414 ἑτέρῳ
3665 4337 3739 4390 οὑν

2193 4433 2526 4504 ἐντρίϐεται,
2579 4434 2700 4488 οὑδὲ
2742 4433 3069 4506 ἐπέρχεται·
3105 4435 3288 4488 οὐκέτι
3321 4436 3381 4488 αἱ
3414 4434 3574 4505 ἀρχαί
3607 4428 3740 4495 ἀλλή-

2196 4523 2316 4587 λαις
2356 4524 2625 4592 έναντίαι,
2679 4525 2802 4578 οὐδέ
2847 4542 2932 4588 τις
2969 4525 3150 4580 αὑτῶν
3193 4526 3374 4596 φαύλη
3409 4523 3740 4598 εὑρεθήσεται,

2193 4613 2280 4666 διὰ
2327 4613 2388 4667 τὸ
2427 4614 2570 4668 κατὰ
2608 4615 2669 4668 τὸ
2715 4615 2946 4682 δίκαιον,
3006 4617 3100 4670 καὶ
3129 4617 3353 4687 ἥσυχον,
3385 4619 3480 4671 καὶ
3521 4609 3740 4669 εὐσταθὲς

2193 4706 2301 4760 τῶν
2354 4707 2498 4761 ἰδίων
2549 4708 2924 4779 ἐπιμέλεσθαι,
2962 4709 3056 4763 καὶ
3101 4709 3176 4781 μὴ
3218 4710 3529 4782 περαιτέρω
3573 4705 3739 4778 βαίνειν

2160 4799 2644 4871 ’ὲπιὸαλλόμενον.
2695 4802 2759 4854 El.
2816 4801 2874 4854 δὲ
2903 4803 2931 4855 ό
2967 4802 3068 4874 μὲν
3119 4803 3355 4875 πονηρὸς
3388 4803 3491 4856 ὑπὸ
3534 4799 3620 4853 τοῦ
3651 4795 3738 4850 ἄνω

2194 4889 2570 4960 κατισχύεται,
2623 4893 2719 4946 καὶ
2745 4892 3011 4962 βιάζεται,
3050 4894 3144 4947 καὶ
3175 4895 3554 4948 καταπονείται
3597 4901 3737 4959 μεμε·

2196 4979 2450 5050 ρισμένος
2497 4963 2604 5048 ὢν,
2637 4981 2732 5036 καὶ
2781 4985 2839 5035 ὲν
2872 4982 2986 5054 ἰδίῳ
3013 4982 3165 5054 τόπῳ
3199 4983 3478 5053 ὑπάρχων,
3513 4971 3570 5034 οὗ
3602 4977 3734 5030 τόπου

2189 5072 2267 5142 τῷ
2324 5071 2438 5126 ἀνω
2495 5073 2687 5144 ἀγαθῷ
2739 5074 2886 5129 οὐδὲν
2917 5077 3206 5146 προσήκει,
3246 5075 3368 5128 οὑδὲ
3401 5093 3454 5128 τι
3489 5073 3575 5126 ὑπ’
3601 5061 3734 5124 αὑτοῦ

2189 5163 2489 5235 κεκτῆσθαι
2552 5165 2662 5219 τῶν
2717 5165 2953 5220 ἐνταῦθα
3002 5166 3145 5236 λέγω
3189 5168 3248 5221 ὲν
3277 5167 3354 5238 τῷ
3392 5165 3484 5219 τοῦ
3535 5156 3733 5230 πονηροῦ

2187 5253 2372 5325 τόπῳ·
2416 5255 2888 5326 τυραννικώτερος
2932 5256 3132 5326 μᾶλλον
3174 5257 3523 5328 εὑρεθήσεται
3573 5250 3730 5306 ὀάνω,

2187 5345 2280 5398 καὶ
2304 5345 2487 5398 ούκέτι
2504 5346 2728 5415 ἀγαθὸς,
2745 5347 2835 5401 τὸν
2852 5348 2982 5402 ἰδιον
3002 5349 3150 5416 Υἰὺν,
3169 5350 3343 5402 εῖτουν
3362 5345 3604 5419 Χριστὸν,
3630 5343 3730 5394 ἁπο-

2193 5435 2427 5504 στείλας,
2456 5438 2543 5491 ἵνα
2566 5437 2636 5491 τά
2655 5438 2910 5510 ἀλλότρια
2948 5439 3106 5512 λάϐῃ.

660 5536 934 5594 domicilio
975 5550 1124 5608 sunt,
1149 5543 1294 5612 juris
1329 5544 1551 5612 habeat,
1613 5548 1920 5618 tyrannicis
1980 5551 2156 5622 magis
2194 5552 2301 5608 erit
2324 5554 2572 5613 moribus
2606 5572 2897 5628 supremus
2935 5556 3024 5613 illc
3063 5555 3395 5627 minimeque
3435 5553 3617 5615 bonus,
3651 5542 3722 5613 (Ιυί

497 5615 691 5674 l-‘ilium
718 5641 898 5693 suum,
927 5646 1120 5702 nempe
1143 5637 1424 5692 Christum
1452 5615 1751 5706 miserit,ut
1789 5615 2096 5713 usurparet
2113 5645 2308 5705 aliena.

566 5805 582 5838 ⁸
615 5809 798 5874 Mallia.
833 5843 880 5894 v,
927 5823 1008 5877 i5.
1089 5833 1105 5860 ²
1137 5832 1197 5890 F.
1234 5836 1544 5909 όριζόμενα.
