3934 6432
188 436 286 495 705

848 435 1214 494 ADVERSUS
1249 437 1594 496 HERESES
1622 440 1754 498 LIB.
1794 442 1836 500 1.
1876 442 2044 500 TOM.
2086 439 2263 499 lll.——
2301 440 2578 503 ll/ERES.
2625 444 2784 502 XLII.

3327 455 3435 508 Ἰθῦ

250 554 356 606 Καὶ
382 552 488 607 ποῦ
518 553 546 606 6
573 552 697 624 ὅρος
740 552 770 605 6
797 552 1048 625 διορίζων
1089 553 1190 618 τὰς
1229 559 1379 628 τρεῖς
1411 557 1584 630 ἀρχὰς
1615 559 1747 614 κατά

1923 561 2090 632 308
2134 561 2254 627 Quo
2297 562 2516 631 quidem
2563 563 2886 628 constituto,
2921 564 3013 619 ubi
3043 565 3133 620 ille
3165 567 3430 622 terminus

187 648 267 700 τὸν
296 645 390 699 τοῦ
422 645 658 716 ἀγύρτου
695 646 796 715 τῆς
820 645 1129 709 ὑποθέσεως
1154 646 1345 716 λόγον;
1375 651 1748 723 Ζητηθήσεται

184 735 284 806 γὰρ
320 733 579 806 τέταρτός
599 751 684 798 τις
719 735 1146 800 ἐπιεικέστατος,
1191 738 1287 792 καὶ
1314 738 1423 791 τῶν
1449 739 1616 810 τριῶν
1660 757 1749 793 σο-

183 825 438 898 φώτερος,
463 823 811 896 όριογνὼμων
830 843 890 880 τε
906 828 1001 880 καὶ
1015 829 1354 900 ἐπιστήμων,
1387 829 1445 893 ὃς
1477 831 1547 885 τὰ
1576 832 1750 902 μέτρα

183 919 390 988 ἑκάστῳ
447 917 684 988 διένειμέ
739 936 798 972 τε
833 922 926 974 καὶ
961 923 1089 985 τοὺς
1130 923 1281 993 τρεῖς
1311 924 1746 995 είρηνοποίησεν.

183 1011 240 1060 Εἰ
267 1008 322 1060 δὲ
373 1008 449 1077 μὴ
480 1011 495 1038 ¹
529 1009 879 1064 στασιάσαιεν
923 1013 1058 1084 πρὸς
1105 1014 1390 1084 ἀλλήλους,
1427 1017 1561 1086 μηδὲ
1584 1019 1664 1080 εἰς
1683 1017 1750 1071 τά

180 1097 332 1150 ἄλλου
356 1097 516 1160 ἄλλος
535 1099 903 1153 ,ἀποστέλλει.
936 1103 1044 1155 Kal.
1076 1097 1230 1168 οὗτος
1262 1105 1385 1174 μὲν,
1427 1106 1620 1170 πείσας
1653 1107 1750 1173 τὰς

181 1190 319 1259 τρεῖς
371 1189 568 1259 ἀρχὰς,
611 1190 966 1262 εὑρεθήσεται
1004 1194 1262 1265 τέταρτος
1294 1197 1388 1249 καὶ
1422 1196 1748 1268 σοφώτερος,

181 1279 266 1330 καὶ
293 1279 700 1352 ἐπιεικέστερος
721 1297 734 1312 ο
771 1283 866 1335 καὶ
891 1283 1053 1346 αὑτὸς
1085 1284 1141 1336 δὲ
1185 1287 1241 1338 ὲν
1270 1285 1384 1356 ἰδίῳ
1415 1286 1566 1356 τόπῳ
1591 1287 1751 1340 πάλιν

181 1366 542 1438 ζητηθήσεται
565 1408 580 1434 ,
617 1370 710 1438 ἀφ’
744 1365 915 1442 οὗπερ
938 1373 1018 1436 είς
1051 1373 1212 1442 μέσον
1263 1369 1392 1445 ἦλθε
1421 1375 1529 1428 τῶν
1559 1376 1746 1446 τριῶν,

180 1459 264 1511 καὶ
305 1459 523 1529 ἑκάστῳ
568 1461 631 1513 τὸ
685 1462 848 1534 μέρος
901 1462 1082 1532 σοφῶς
1130 1463 1400 1536 διώρισεν,
1432 1466 1520 1521 ἵνα.
1559 1467 1632 1539 μὴ
1670 1470 1750 1532 εἰς

180 1552 432 1624 ἀλλήλους
479 1553 733 1608 ἀδικοῖεν.
770 1557 833 1608 Et
874 1555 932 1608 δὲ
987 1558 1044 1608 ὲν
1068 1559 1180 1620 τοῖς
1210 1557 1304 1611 τοῦ
1335 1559 1474 1621 ἐνὸς,
1518 1559 1662 1628 λέγω
1684 1560 1748 1631 δὴ

180 1643 264 1696 τοῦ
293 1643 652 1716 δημιουργοῦ,
682 1646 738 1698 αἱ
760 1645 854 1698 δύο
877 1645 1044 1717 ἀρχαί
1072 1647 1209 1700 εἰσιν
1235 1648 1746 1720 ἐμπολιτευόμεναι,

180 1735 205 1786 δ
233 1751 287 1787 τε
331 1735 571 1806 πονηρὸς
599 1737 659 1790 ἐν
684 1739 798 1798 τοῖς
827 1736 922 1789 τοῦ
964 1737 1294 1808 δημιουργοῦ
1327 1739 1534 1811 χώραις
1562 1758 1621 1794 τε
1657 1742 1749 1794 καὶ

180 1823 383 1896 χώροις,
446 1826 544 1880 καὶ
596 1827 625 1879 6
677 1827 770 1879 τοῦ
825 1827 1029 1896 ἀγαθοῦ
1086 1827 1319 1900 Χριστὸς
1371 1832 1744 1904 ἐπιδημήσας.

1851 653 1958 707 erit
1988 669 2016 706 a
2049 669 2161 724 quo
2192 669 2260 708 ex
2307 655 2626 724 impostoris
2657 655 2806 711 illius
2853 657 3113 726 opinione
3158 660 3263 713 tria
3303 672 3435 716 sunt

1853 745 1946 799 illa
1995 747 2267 816 principia
2321 749 2611 816 separata?
2665 747 3004 814 Quaerendus
3038 751 3296 805 nimirum
3327 753 3435 806 erit

1851 846 2084 904 quartus
2130 836 2330 906 aliquis
2373 840 2746 907 aequissimus,
2804 855 2867 894 ac
2900 841 3077 896 tribus
3110 843 3431 911 sapientior,

1849 929 2000 983 velut
2040 928 2272 984 limitum
2325 929 2627 1002 ﬁniumque
2671 935 3034 1002 regendorum
3074 937 3302 1003 peritus,
3335 937 3429 1006 qui

1853 1033 2014 1072 suum
2048 1019 2248 1088 cuique
2277 1022 2498 1074 modum
2533 1023 2803 1086 attribuit,
2837 1039 2899 1077 ac
2926 1039 3113 1092 pacem
3141 1025 3283 1079 inter
3308 1027 3430 1081 illos

1851 1108 2140 1174 stabilivit,
2194 1115 2255 1162 ttt
2301 1125 2371 1164 ne
2415 1111 2653 1185 amplius
2688 1127 2718 1166 a
2758 1127 2818 1166 se
2849 1121 3039 1168 mutuo
3073 1114 3429 1179 dissiderent,

1851 1207 1947 1252 aut
1982 1200 2120 1253 alter
2157 1201 2427 1255 satellites
2461 1217 2593 1256 suos
2621 1202 2676 1256 in
2708 1204 3001 1258 stationem
3050 1205 3280 1262 alterius
3329 1207 3431 1258 im-

1849 1290 2092 1345 mitteret
2119 1309 2132 1346 :
2157 1300 2321 1362 atque
2347 1293 2436 1347 ille
2462 1291 2682 1362 quidem
2714 1308 2847 1362 pace
2873 1295 3016 1350 inter
3039 1297 3144 1350 tria
3166 1299 3432 1367 principia

1851 1382 2152 1436 constituta
2180 1391 2412 1452 quartus
2444 1384 2839 1447 numerabitur,
2873 1389 3087 1452 caeteris
3113 1390 3432 1458 prudentior

1851 1487 1916 1527 ac
1950 1473 2188 1542 justior;
2220 1482 2274 1529 et
2303 1474 2446 1528 idem
2485 1486 2666 1529 tamen
2708 1475 2826 1544 ipse
2858 1478 3078 1546 proprio
3109 1496 3176 1536 at:
3200 1490 3348 1532 certo
3377 1481 3430 1533 in

1851 1564 1975 1619 loco
2005 1565 2334 1634 quaerendus
2369 1574 2474 1625 est.
2513 1581 2542 1620 a
2574 1581 2684 1636 quo
2715 1568 2881 1620 trium
2931 1567 2984 1620 in
3026 1569 3261 1621 medium
3299 1585 3430 1637 pro-

1851 1671 2076 1726 gressus
2109 1657 2409 1726 unicuique
2437 1666 2646 1726 partem
2680 1673 2835 1711 suam
2878 1659 3014 1712 scite
3045 1672 3107 1711 ac
3133 1660 3306 1728 perite
3333 1661 3432 1713 tri-

1852 1745 2054 1809 buerit,
2095 1761 2163 1800 ne
2195 1752 2385 1799 mutuo
2423 1746 2528 1800 sibi
2579 1745 2836 1814 injuriam
2885 1747 3265 1816 importarent.
3312 1747 3432 1800 Jam

1851 1851 1980 1890 vero
2025 1835 2070 1890 si
2121 1836 2176 1889 in
2223 1835 2387 1889 ttnius
2435 1843 2564 1904 puta
2613 1836 2880 1890 creaturis
2929 1837 3280 1905 possessione
3323 1837 3434 1891 duo

181 1917 348 1970 οὐκέτι
366 1917 474 1986 ἀρα
505 1918 699 1990 κριτὴς
717 1919 812 1972 καὶ
835 1919 1164 1992 δημιουργὸς
1189 1922 1343 1994 μόνον
1371 1923 1745 1995 εὑρεθήσεται,

1853 1923 2119 1992 principia
2149 1931 2478 1988 versentur;
2515 1924 2690 1977 malus
2725 1925 3008 1987 nimirum,
3051 1926 3141 1994 qui
3180 1926 3232 1979 in
3267 1927 3432 1995 hujus

181 2009 303 2063 ἀλλά
357 2010 452 2063 καὶ
505 2010 734 2078 ἀγαθὸς,
783 2013 1081 2084 συγχωρῶν
1112 2015 1225 2076 τοῖς
1253 2013 1404 2068 δυσὶν
1428 2017 1508 2079 είς
1536 2015 1606 2068 τὰ
1641 2016 1748 2070 ἴδια

183 2101 343 2152 ποιεῖν
373 2099 402 2152 ὃ
444 2098 758 2169 βούλονται·
791 2100 824 2170 ἢ
868 2101 1104 2171 ἀδρανὴς
1135 2102 1510 2172 εὑρεθήσεται,
1551 2106 1645 2157 καὶ
1673 2105 1749 2177 μὴ

185 2189 368 2259 ἰσχύων
402 2189 647 2244 κωλῦσαι
680 2189 789 2244 τῶν
819 2191 963 2244 ίδίων
981 2193 1104 2256 τοὺς
1129 2191 1440 2264 ἀλλοτρίους
1469 2194 1744 2265 ἅρπαγας.

182 2285 303 2338 Εἱδὲ
329 2285 421 2338 καὶ¹
445 2285 634 2356 ἥσσων
652 2286 717 2355 τῇ
743 2284 970 2355 δυνάμει
994 2286 1163 2349 ἐστὶν,
1183 2286 1366 2338 οὑκέτι
1392 2286 1748 2358 εὑρεθήσεται

183 2377 212 2444 ἡ
253 2376 582 2448 δημιουργία
649 2375 996 2428 συνεστῶσα·
1047 2375 1160 2428 ἀλλ’
1220 2375 1465 2440 ἐξέλιπεν
1513 2375 1749 2430 ἔκπαλαι

184 2466 597 2538 ἀναρπαζομένη
652 2466 774 2519 καθ’
839 2465 1072 2538 ἑκάστην
1124 2465 1338 2537 ἡμέραν
1387 2466 1492 2520 ὑπό
1537 2485 1596 2520 τε
1652 2465 1746 2520 τοῦ

183 2556 404 2628 πονηροῦ
447 2559 533 2620 είς
563 2555 626 2607 τὸ
670 2554 800 2607 ἴδιον
831 2555 1021 2626 μέρος,
1051 2555 1148 2608 καὶ
1177 2555 1281 2608 ὑπὸ
1302 2553 1396 2608 τοῦ
1433 2554 1638 2624 ἀγαθοῦ
1669 2557 1747 2620 είς

182 2646 243 2699 τὰ
267 2646 392 2702 ἀνω.
436 2648 556 2700 Kal.
601 2644 704 2698 ποῦ
734 2644 813 2698 ἔτι
840 2648 874 2716 ὴ
909 2644 1242 2716 δημιουργία
1293 2645 1650 2717 σταθήσεται;
1684 2647 1748 2700 El

182 2737 232 2790 δὲ
258 2739 334 2791 ὅτι
365 2739 548 2811 χρόνῳ
578 2737 752 2808 λήξει,
775 2737 976 2806 λέγεις,
1011 2737 1105 2789 καὶ
1131 2737 1359 2790 δυνατὸν
1385 2737 1589 2809 ταύτην
1612 2737 1749 2801 ὅλως

183 2827 352 2899 λήγειν
377 2831 462 2883 διὰ
527 2830 628 2900 τῆς
668 2826 762 2880 τοῦ
803 2827 1009 2896 ἀγαθοῦ
1057 2827 1405 2896 ἐπιμελείας·
1469 2829 1663 2882 οὐκοῦν
1719 2830 1749 2882 6

184 2923 368 2989 ἀγαθὸς
395 2922 572 2985 αἴτιος
593 2921 692 2992 τῆς
723 2919 927 2990 βλάϐης
949 2917 1104 2972 ἔσται
1134 2921 1162 2971 6
1187 2919 1262 2989 μὴ
1287 2919 1455 2973 πάλαι
1487 2921 1745 2991 ποιήσας,

182 3013 301 3084 ὅπερ
353 3015 583 3087 ὕστερον
644 3013 848 3083 ἀγαθὸν
901 3012 1078 3080 ἔδοξεν
1132 3012 1419 3076 ἐπιτελεῖν,
1459 3013 1596 3084 μήτε
1643 3011 1748 3083 μὴν

183 3105 478 3174 πεποιηκὼς
530 3105 642 3159 ἀπὸ
678 3103 814 3158 τῶν’
841 3105 1128 3170 ἀνέκαθεν,
1155 3106 1342 3176 πρὶνῆ
1377 3106 1503 3168 τοὺς
1532 3105 1748 3170 πλείους

184 3193 506 3266 ἀδικηθῆναι,
568 3196 662 3248 καὶ
724 3194 1008 3264 ὲγκαθέξει
1056 3197 1076 3227 ²
1133 3195 1330 3260 αὑτοὺς
1368 3194 1620 3266 γενέσθαι
1652 3194 1745 3249 τοῦ

185 3285 375 3352 κριτοῦ,
411 3285 508 3339 καὶ⁸
542 3285 693 3338 κάτω
732 3285 1118 3356 μεμενηκέναι.

1850 2013 2171 2082 regionibus
2199 2013 2444 2082 locisque
2476 2012 2735 2077 resideat,
2778 2023 2832 2068 et
2859 2030 2888 2068 a
2916 2015 3061 2069 bono
3093 2017 3293 2070 missus
3321 2017 3429 2070 ibi-

1849 2104 2083 2174 demque
2111 2119 2461 2160 commorans
2497 2105 2783 2169 Christus;
2813 2121 3156 2175 consequens
3185 2113 3290 2170 est,
3321 2123 3429 2162 non

1850 2195 2000 2248 illum
2034 2194 2196 2250 modo
2225 2195 2468 2264 judiccm
2503 2210 2566 2248 ac
2601 2195 2962 2260 conditorem,
2999 2197 3092 2250 sed
3134 2206 3188 2252 et
3227 2199 3428 2257 bonum

1849 2300 1992 2349 esse,
2027 2286 2120 2354 qui
2157 2286 2424 2340 ambobus
2471 2285 2842 2358 quodcunque
2883 2287 3029 2357 apud
3075 2304 3134 2343 se
3168 2298 3431 2358 cuperent

1849 2392 2008 2448 agere
2033 2379 2379 2448 permiserit;
2405 2385 2501 2431 aut
2531 2393 2662 2432 sane
2683 2393 2946 2448 perquam
2970 2380 3074 2434 erit
3095 2381 3428 2443 imbecillus.

1850 2469 1945 2538 qui
1985 2469 2290 2523 alienorum
2331 2468 2640 2538 direptores
2673 2484 2932 2524 coercere
2965 2472 3294 2540 nequiverit.
3327 2471 3432 2541 lgi-

1852 2569 1940 2614 tur
1985 2560 2177 2615 demus
2224 2561 2375 2614 illttm
2421 2561 2638 2615 viribus
2673 2563 2938 2631 imparem
2973 2579 3114 2629 esse,
3158 2579 3430 2633 nusquam

1851 2650 2176 2704 fabricatum
2215 2664 2352 2719 Opus
2393 2649 2461 2702 ab
2509 2665 2572 2704 eo
2607 2659 2867 2706 constare
2901 2652 3134 2720 poterit;
3172 2655 3265 2708 sed
3290 2654 3434 2722 jam-

1851 2741 2062 2811 pridem
2114 2740 2454 2794 interciderit
2507 2749 2746 2809 oportet,
2796 2757 2918 2794 eum
2965 2742 3160 2796 diebus
3203 2744 3433 2814 singulis

1849 2832 2164 2900 decerptum
2193 2830 2431 2885 indidem
2462 2832 2667 2900 aliquid
2702 2833 2901 2901 partim
2935 2848 2965 2886 a
2992 2834 3133 2888 malo
3157 2836 3431 2904 propriam

1851 2925 1906 2978 in
1936 2925 2239 2994 regionem,
2275 2923 2472 2992 partim
2510 2938 2537 2974 a
2594 2922 2739 2976 bono
2791 2925 2845 2976 in
2882 2925 3168 2993 superiora
3200 2925 3437 2980 transfe-

1848 3023 2023 3069 ratur.
2079 3013 2311 3068 Ubinam
2358 3028 2488 3083 ergo
2519 3012 2738 3067 demum
2772 3014 2902 3068 illud
2934 3015 3210 3083 Opiﬁcium
3241 3016 3431 3070 consi-

1850 3107 1989 3161 stet?
2019 3105 2076 3159 Si
2107 3105 2368 3175 paulatim
2421 3105 2729 3160 desiturum
2780 3105 3140 3174 rcspoudeas,
3191 3121 3255 3159 ac
3305 3106 3436 3162 boni

1850 3213 1983 3252 cura
2037 3197 2330 3267 studioque
2389 3197 2551 3252 linem
2611 3198 2910 3267 aliquando
2967 3206 3438 3266 consecuturum;

1775 3279 1822 3340 C
1854 3301 2038 3341 nonne
2068 3286 2204 3340 illati
2240 3285 2424 3340 damni
2464 3287 2680 3356 culpam
2716 3288 2896 3341 bonus
2942 3287 3046 3342 iste
3096 3289 3437 3343 sustinebit:

185 3379 264 3446 qui
306 3383 444 3450 quod
494 3380 631 3437 boni
684 3375 884 3435 fecisse
927 3388 1119 3450 postea
1162 3381 1316 3438 visus
1359 3386 1465 3445 est,
1508 3395 1620 3434 non
1649 3379 1741 3434 diu
1780 3391 1924 3443 ante,
1983 3380 2230 3450 adeoque
2270 3379 2426 3432 initio
2465 3379 2776 3449 perfecerit.
2835 3388 3130 3452 antequam
3195 3382 3442 3452 plerique

186 3472 422 3541 iujuriam
453 3473 794 3542 acciperent,
826 3481 876 3526 et
908 3472 960 3525 in
982 3472 1183 3542 judicis
1211 3481 1484 3544 potestate
1514 3473 1743 3536 detenti,
1786 3471 2049 3526 inferiore
2084 3471 2205 3527 loco
2238 3472 2620 3527 remanerent-'1

246 3560 321 3616 ll'.
342 3564 508 3618 Πάλιν
539 3563 598 3616 δὲ
622 3563 690 3616 τὰ
721 3563 820 3633 τῆς
852 3561 1003 3628 θείας
1036 3564 1261 3636 Γραφῆς
1287 3565 1388 3617 οὑκ
1412 3563 1590 3636 ὀρθῶς
1615 3563 1752 3618 νοῶν

185 3656 450 3727 προφέρει,
510 3655 609 3709 καὶ
641 3655 766 3718 τοὺς
813 3655 1104 3726 ἀκεραίους
1132 3652 1377 3726 ἐξαπατᾷ
1413 3655 1751 3727 διαστρέφων

182 3743 236 3795 τὸ
262 3746 348 3798 τοῦ
395 3745 726 3800 Ἀποστόλου
782 3747 940 3817 ῥητὸν
963 3786 978 3812 ,
1039 3745 1119 3798 ὅτι
1169 3745 1425 3813 Χριστὸς
1455 3743 1614 3813 ’ἡμᾶς
1647 3745 1747 3809 ἑξ-

185 3837 464 3904 ητόρασεν
493 3839 568 3891 ἐκ
601 3837 710 3904 τῆς
741 3836 1001 3905 κατάρας
1033 3835 1140 3890 τοῦ
1180 3836 1390 3904 νόμου,
1429 3838 1749 3906 γενόμενος

184 3927 320 3996 ὑπὲρ
345 3929 516 3999 ἡμῶν
548 3929 796 3997 κατάρα.
820 3927 931 3981 Καί
959 3945 1120 3998 φησιν
1139 3943 1155 3960 ο
1173 3928 1238 3980 Εἰ
1265 3923 1407 3998 ἦμεν
1441 3927 1628 3991 αὑτοῦ,
1645 3929 1746 3980 οὑκ

184 4013 242 4068 ἂν
283 4017 340 4070 τὸ
369 4017 568 4073 ἑαυτοῦ
620 4018 912 4089 ἠγόραζεν.
958 4015 1259 4088 Ἀγοράσας
1281 4017 1338 4068 δὲ
1363 4016 1442 4080 είς
1469 4016 1747 4087 ἀλλότριον

185 4107 366 4178 κόσμον
396 4107 566 4182 ἢλθεν
591 4111 736 4181 ἡμᾶς
777 4109 1044 4180 ἀγοράσαι
1080 4108 1207 4170 τοὺς
1240 4107 1340 4159 οὑκ
1367 4105 1526 4169 ὄντας
1556 4105 1742 4160 αὑτοῦ.

185 4197 380 4271 Ποίημα
403 4203 514 4273 γὰρ
544 4197 684 4272 ἦμεν
715 4200 923 4272 ἐτέρου,
959 4201 1052 4253 καὶ
1081 4198 1169 4252 διὰ
1205 4197 1362 4250 τοῦτο
1393 4199 1542 4268 ἡμᾶς
1571 4197 1752 4262 αὐτὸς,

183 4286 432 4360 ἠγόραζεν
489 4293 572 4355 εἰς
625 4291 721 4362 τὴν
779 4287 973 4344 ἑαυτοῦ
1015 4289 1180 4360 ζωήν.
1216 4289 1428 4357 Ἀγνοεῖ
1457 4289 1515 4342 δὲ
1549 4289 1684 4353 ὅλως
1723 4291 1751 4342 6

183 4381 370 4448 ἠλίθιος
385 4424 400 4449 ,
427 4386 512 4438 ὅτι
534 4383 658 4436 οὔτε
681 4383 913 4456 Χριστὸς
928 4384 1173 4454 κατάραν
1197 4382 1296 4452 τὴν
1327 4382 1414 4436 διὰ
1434 4385 1533 4451 τῆς
1563 4384 1748 4454 ἁμαρ-

183 4472 288 4537 τίας
349 4476 500 4548 ήμῶν
532 4475 770 4544 ἁιρεῖλεν,
829 4475 1018 4528 ἑαυτὸν
1076 4473 1418 4546 σταυρώσας,
1462 4475 1556 4528 καὶ
1597 4473 1748 4542 γενό-

189 4577 330 4630 μενος
373 4567 603 4630 θάνατος
642 4566 856 4637 θανάτῳ
885 4565 974 4619 διὰ
1009 4565 1108 4629 τὰς
1139 4567 1414 4636 ἁμαρτίας
1440 4565 1619 4637 ήμῶν,
1652 4566 1748 4619 καὶ

1935 3559 2227 3616 νιΙΙ..1;ιῐιι
2285 3563 2433 3631 quod
2483 3577 2515 3617 e
2565 3561 2742 3618 sacris
2799 3547 3181 3632 depromptum
3217 3561 3440 3620 Litteris

1857 3634 2132 3718 aﬂertfeo
2163 3669 2454 3724 perperam
2491 3653 2796 3721 intellecto,
2838 3663 3002 3724 atque
3051 3654 3298 3724 Apostoli
3346 3654 3442 3709 de-

1853 3755 2082 3815 pravata
2121 3749 2417 3811 sententia,
2462 3746 2782 3806 rudioribus
2817 3746 3003 3800 fucum
3042 3745 3233 3816 objicit
3268 3764 3281 3799 :
3313 3761 3440 3800 cum

1851 3839 1927 3892 ita
1967 3839 2216 3909 loquitur
2262 3838 2562 3909 Apostolus
2598 3856 2611 3892 :
2652 3836 2896 3892 Christus
2943 3852 3038 3890 nos
3085 3853 3116 3888 α
3160 3835 3440 3889 maledicto

1851 3928 2090 3993 redemit,
2116 3943 2211 3997 pro
2239 3929 2388 3982 nobis
2415 3929 2590 3998 factus
2624 3926 3027 3981 maledictum‘.
3056 3926 3133 3980 Ex
3163 3941 3271 3995 quo
3295 3925 3442 3980 istud

1853 4020 2090 4088 colligit;
2127 4018 2174 4074 si
2208 4019 2381 4089 ipsius
2435 4033 2708 4080 essemus,
2758 4031 2868 4071 non
2916 4017 3105 4085 utique
3145 4013 3291 4084 quod
3327 4014 3441 4083 jam

1853 4125 2015 4164 suum
2045 4118 2164 4164 erat
2195 4108 2610 4177 redempturum
2651 4107 2843 4162 fuisse.
2889 4104 3027 4160 Cum
3072 4106 3241 4175 igitur
3280 4108 3442 4162 rede-

1848 4204 2016 4260 misse
2046 4202 2285 4266 dicatur,
2316 4215 2546 4256 necesse
2575 4209 2661 4255 est
2687 4200 2924 4254 alienum
2958 4199 3014 4252 in
3046 4198 3312 4252 mundum
3345 4214 3440 4270 pe-

1855 4295 1978 4349 dem
2007 4293 2280 4364 posuisse,
2315 4299 2375 4346 ut
2407 4306 2509 4347 nos
2539 4292 2633 4362 qui
2667 4291 2810 4345 illius
2843 4304 2952 4343 non
2986 4304 3256 4355 essemus,
3295 4289 3442 4344 redi-

1855 4393 2053 4440 meret.
2090 4383 2242 4455 Opus
2291 4385 2438 4439 enim
2487 4399 2714 4439 eramus
2767 4383 3018 4446 alterius,
3073 4381 3306 4450 ideoque
3339 4395 3444 4436 nos

1851 4477 2018 4532 vitam
2044 4477 2111 4531 ad
2132 4490 2286 4530 suam
2306 4475 2762 4545 transportandos
2795 4473 3043 4530 redemit.
3077 4471 3277 4528 Verum
3308 4472 3444 4526 illud

1851 4569 2136 4623 hominum
2184 4567 2582 4623 stolidissimus
2629 4567 2866 4637 ignorat,
2909 4579 3254 4636 nequaquam
3287 4564 3445 4618 Chri-

185 4653 380 4724 κατάρα
431 4655 598 4719 αὐτὸς
643 4657 709 4726 τῇ
753 4655 969 4726 κατάρᾳ
1017 4655 1327 4725 γενόμενος.
1372 4655 1463 4708 Διὸ
1502 4657 1603 4709 οὑκ
1632 4657 1747 4710 ἐστι

1856 4668 1999 4714 stum
2032 4658 2384 4713 maledictum
2423 4657 2616 4722 fuisse,
2644 4659 2787 4714 absit
2814 4666 2872 4712 ut
2893 4657 3164 4728 ejusmodi
3184 4657 3446 4728 quiddam

185 4739 400 4812 Χριστὸς
456 4748 694 4818 κατάρα,
731 4746 867 4800 ἀλλά
887 4748 987 4817 τῆς
1027 4747 1272 4820 κατάρας
1315 4749 1498 4813 λύσις⁸
1527 4749 1746 4818 εὐλογία

183 4830 234 4886 δὲ
257 4839 383 4891 πᾶσι
423 4843 535 4904 τοῖς
563 4843 642 4905 εἰς
679 4841 840 4894 αὑτὸν
866 4841 1079 4913 ἀληθῶς
1117 4844 1557 4898 πεπιστευκόσιν.
1591 4843 1748 4899 Οὑτω

193 4927 278 4979 καὶ
297 4931 372 4992 τὸ,
400 4932 792 5002 ἐξηγόρασεν,
819 4935 917 4988 οὑκ
933 4930 1106 5001 εἶπεν,
1136 4935 1465 5004 ἠγόρασεν.
1483 4935 1619 4990 Οὑτε
1636 4937 1746 5009 γὰρ

187 5019 260 5081 είς
307 5020 580 5095 ἀλλότριον
617 5021 780 5096 ἦλθεν
831 5025 1074 5097 ἁρπάσαι
1112 5027 1145 5097 ἢ
1193 5029 1484 5099 ἀγοράσαι.
1525 5029 1589 5081 Et
1638 5029 1747 5098 γὰρ

185 5107 459 5184 ὴγόρασεν,
495 5117 570 5187 μὴ
622 5117 760 5187 ἔχων
799 5117 1067 5188 ἠγόρασε,
1116 5117 1211 5171 καὶ
1251 5118 1327 5182 ὡς
1357 5120 1571 5188 πτωχὸς
1597 5119 1632 5172 ἃ
1671 5119 1746 5191 μὴ

188 5195 320 5270 εἶχεν
343 5206 627 5278 ἐκτήσατο.
672 5208 783 5263 Καὶ
805 5208 834 5261 6
853 5210 874 5241 ⁸
901 5227 1068 5280 κεκτη
1078 5210 1238 5280 μένος
1261 5211 1410 5280 ἡμᾶς
1437 5211 1743 5282 πέπρακεν,

189 5286 455 5363 ἀπορήσας
480 5295 782 5368 πέπρακεν,
814 5297 922 5351 ἀπό
950 5315 1094 5361 τινος
1136 5299 1245 5368 ἄρα
1277 5298 1556 5352 δανειστοῦ
1589 5299 1750 5353 ὲλαυ-

193 5380 421 5449 νόμενος.
440 5387 577 5442 Ἀλλ’
605 5391 704 5443 οὐκ
730 5388 843 5460 ἔχει
870 5387 1065 5451 οὑτως.
1097 5387 1234 5442 Οὑτε
1266 5389 1376 5462 γὰρ
1393 5385 1571 5455 εἶπεν,
1613 5389 1746 5459 ἠγό-

194 5485 364 5541 ρασεν,
397 5477 532 5543 ἀλλ’,
567 5481 959 5550 ἐξηγόρασεν.
997 5479 1220 5550 Ὅμοιον
1245 5479 1302 5534 δὲ
1323 5479 1496 5551 τούτῳ
1527 5481 1555 5532 6
1583 5481 1747 5545 αὑτὸς

193 5558 333 5628 ὅιγιος
391 5568 705 5636 Ἀπόστολός
771 5589 934 5643 φησιν
961 5589 978 5605 ·
1061 5570 1586 5644 Ἐξαγοραζόμενοι
1637 5572 1747 5627 τὸν

194 5650 406 5718 καιρὸν,
436 5653 522 5708 ὅτι
545 5661 604 5713 αἱ
633 5658 847 5730 ἡμέραι
880 5661 1138 5730 πονηραί
1170 5663 1311 5714 εἱσι.
1336 5660 1449 5715 Kal.
1476 5661 1576 5733 οὑχ
1600 5661 1740 5734 ἡμέ-

1852 4750 2219 4816 arbitremur;
2257 4749 2354 4804 sed
2400 4765 2526 4805 cum
2561 4751 2706 4805 ultro
2752 4765 2968 4805 crucem
3007 4749 3285 4812 subiisset,
3315 4762 3448 4802 con-

1857 4849 2089 4898 tractum
2119 4857 2150 4895 a
2188 4843 2347 4897 nobis
2377 4857 2444 4897 ex
2483 4850 2708 4912 peccato
2740 4841 3089 4895 maledictum
3128 4839 3444 4900 abstulisse,

1853 4931 2018 5003 309
2048 4942 2106 4986 ut
2137 4948 2286 4988 mors
2316 4932 2719 5002 quodammodo
2751 4933 2945 4986 mortis
2977 4938 3124 4986 esset
3160 4930 3318 4998 culpa
3345 4943 3446 4983 no-

1854 5037 1969 5081 stra
2023 5035 2322 5094 susceptae,
2391 5025 2672 5095 ipsiusque
2739 5023 3013 5077 maledicti
3068 5021 3441 5076 maledictum.

1855 5113 2036 5182 Quare
2068 5115 2418 5170 maledictum
2449 5117 2702 5172 Christus
2733 5129 2843 5169 non
2883 5125 2985 5179 est,
3019 5114 3115 5169 sed
3156 5112 3444 5168 dissolutio

1853 5206 2163 5274 maledicti;
2214 5214 2405 5261 contra
2457 5222 2589 5262 vero
2638 5206 2944 5262 benedictio
2984 5205 3240 5259 omnibus
3268 5202 3443 5258 estin

1853 5311 1978 5352 eum
2017 5311 2143 5351 vere
2172 5311 2236 5351 ac
2278 5297 2492 5353 sincere
2534 5297 2906 5352 credentibus.
2951 5293 3106 5350 Unde
3133 5302 3188 5350 et
3222 5296 3441 5348 redemit

1851 5390 2117 5459 scriptum
2172 5397 2300 5456 est,
2347 5405 2458 5444 non
2502 5392 2648 5444 entit.
2703 5388 2889 5458 Neque
2919 5388 3062 5442 enim
3102 5387 3159 5441 in
3205 5386 3442 5442 alienant

1851 5484 2259 5554 possessionem
2315 5483 2605 5555 diripiendi
2664 5485 2750 5540 vel
2805 5484 3018 5540 emendi
3067 5483 3241 5554 gratia
3268 5481 3440 5537 venit.

1851 5572 1988 5628 Nam
2020 5577 2067 5630 si
2098 5585 2324 5643 emeret,
2364 5576 2511 5648 quod
2549 5582 2675 5632 ante
2704 5591 2813 5632 non
2850 5575 3105 5642 habebat,
3127 5581 3353 5644 emeret,
3377 5587 3441 5628 ac

1853 5665 2090 5721 mendici
2144 5666 2321 5724 instar
2365 5667 2568 5742 quibus
2613 5677 2866 5725 caruerat
2919 5668 3024 5726 sibi
3075 5673 3440 5739 compararet.

260 5797 278 5830 ¹
307 5797 364 5856 F.
392 5801 475 5856 ἵνα
505 5808 599 5876 μή.
674 5810 695 5842 ²
726 5808 789 5865 F.
816 5811 873 5866 ὲν
907 5809 1144 5874 καθέξει.
1220 5809 1241 5843 ³
1262 5808 1389 5868 Cor.
1422 5809 1506 5876 ὃς.
1581 5810 1747 5886 ‘_Gal:

1853 5819 1930 5882 in,
1967 5815 2054 5870 15.
