3934 6426
517 427 624 487 701

1921 415 1981 474 S.
2020 411 2362 472 EPIPHANII
3656 414 3738 470 708

517 542 693 611 Cujus
729 547 909 596 autem
957 536 1012 594 in
1062 535 1278 606 peculio
1309 548 1553 598 eramus,
1601 533 1826 590 omnino
1864 542 2108 606 egestate

2222 553 2311 608 ρας
2346 531 2716 606 άγοράξομεν,
2750 531 2872 587 οὐδὲ
2905 528 3069 603 τιμὴν
3109 529 3330 603 ἡμερῶν
3371 529 3603 601 δίδομεν·
3634 532 3740 589 ἀλλὰ

520 649 624 690 nos
653 645 951 702 oppressus
981 629 1166 697 aliqua
1193 626 1556 691 vendidisset;
1585 625 1747 695 quasi
1774 639 1803 678 a
1829 625 2106 681 creditore

520 725 779 796 quopiam
810 728 1056 777 coactus.
1093 718 1280 789 Longe
1310 732 1442 772 vero
1475 731 1596 772 sese
1623 717 1782 770 aliter
1805 730 1894 771 res
1919 715 2102 770 habet.

519 813 638 868 Non
681 812 829 868 enim
867 809 1080 867 emendi
1113 809 1281 864 verbo
1327 823 1461 863 usus
1491 814 1597 870 est,
1633 805 1728 862 sed
1777 805 2104 861 redimendi.

519 905 622 961 Cui
659 903 838 960 simile
865 909 951 958 est
978 901 1135 966 illud,
1169 900 1317 970 quod
1349 901 1490 955 idem
1531 899 1826 970 Apostolus
1852 899 1959 954 alio
1987 901 2107 955 loco

521 997 690 1051 dixit:
726 993 1058 1048 Rcdimentes
1085 1001 1310 1061 tempus,
1341 993 1592 1063 quoniam
1619 992 1729 1045 dies
1761 991 1891 1045 mali
1920 1001 2042 1046 sunt
2063 993 2104 1048 ⁸.

521 1087 684 1155 Atqui
721 1100 899 1155 neque
946 1085 1066 1141 dies
1115 1094 1378 1140 emuntur
1422 1099 1455 1138 a
1501 1083 1683 1149 nobis,
1721 1100 1819 1138 nec
1851 1099 1951 1154 pro
2000 1085 2110 1140 illis

521 1178 756 1248 pretium
789 1177 960 1232 ullum
989 1177 1374 1246 persolvimus,
1415 1175 1510 1231 sed
1552 1175 1620 1230 ad
1661 1176 2002 1246 patientiam,
2045 1191 2110 1232 ac

525 1272 893 1334 tolerantiam,
947 1268 1228 1338 animique
1283 1268 1644 1324 constantiam
1693 1268 2104 1338 exprimendam

518 1378 649 1417 eam
693 1360 962 1436 loquendi.
1007 1360 1277 1414 rationem
1323 1359 1590 1414 adhibuit.
1645 1357 1914 1424 Quocirca
1961 1359 2106 1414 redi-

523 1451 706 1507 mendi
743 1451 966 1504 verbum
997 1457 1170 1504 totum
1207 1448 1339 1503 illud
1374 1448 1615 1518 suscepti
1650 1463 1749 1518 pro
1796 1449 1968 1504 salute
2004 1465 2109 1503 no-

521 1552 640 1599 stra
691 1543 963 1613 corporis,
1020 1540 1402 1611 adventusque
1464 1541 1738 1610 negotium
1798 1541 2108 1611 significat;

521 1650 636 1705 quo
674 1634 893 1706 quidem
944 1634 1054 1702 pati
1097 1641 1286 1688 nostra
1331 1648 1498 1688 causa
1537 1631 1792 1703 dignatus
1823 1643 1908 1688 est
1940 1633 2105 1699 Deus,

521 1728 622 1797 qui
658 1729 770 1798 pati
801 1727 938 1781 nihil
971 1724 1175 1795 alioqui
1216 1731 1448 1795 poterat,
1498 1740 1623 1780 cum
1652 1725 1708 1779 in
1737 1725 1928 1780 eodem
1959 1732 2105 1782 statu

2208 627 2270 682 τὸ
2300 627 2368 680 δι’
2414 625 2712 698 ὑπομονὴν,
2744 625 2838 678 καὶ
2865 624 2927 678 τὸ
2952 623 3272 694 μελλητικόν
3307 640 3366 675 τε
3399 621 3737 694 μακροθυμίας

2210 718 2511 790 σημαίνων,
2531 716 2691 771 τοῦτο
2706 715 2832 786 ἔφη.
2853 716 3014 768 ’Ὥστε
3051 715 3132 779 τὸ,
3173 713 3520 783 ἑξητόρασε,
3540 714 3628 786 τὴν
3643 714 3742 769 ὑπό

2209 809 2359 862 θεσιν
2414 808 2660 878 ἀπέφηνε
2687 806 2788 878 τῆς
2826 805 2967 877 ὑπὲρ
3001 801 3160 874 ήμῶν
3199 803 3462 874 άναδοχῆς
3499 805 3554 856 ὲν
3591 804 3747 876 κόσμῳ

2207 901 2476 972 ὲνσάρκου
2497 899 2800 970 παρουσίας
2814 914 2827 928 ·
2852 892 2922 970 ἦς
2942 896 3230 964 ἀνεδέξατο
3255 897 3398 968 ὑπὲρ
3413 898 3447 967 ἡ
3455 897 3563 967 μῶν
3593 896 3749 949 παθεῖν

2208 995 2238 1047 6
2283 991 2500 1063 ἀπαθὴς
2543 990 2619 1045 ὢν
2664 991 2818 1054 Θεὸς,
2867 991 3046 1062 μένων
3084 992 3142 1052 ὲν
3179 992 3244 1060 τῇ
3288 989 3393 1060 ἰδίᾳ
3428 987 3750 1060 ἀπαθείατῆς

2211 1084 2380 1139 αὑτοῦ
2431 1085 2711 1155 θεότητος
2755 1083 2851 1136 καὶ
2899 1082 3034 1136 αὐτὸ
3067 1081 3096 1134 6
3140 1079 3429 1145 ἀνεδέξατο
3465 1079 3599 1150 ὑπὲρ
3625 1077 3752 1149 ἡμῶν

2213 1175 2427 1242 παθεῖν,
2460 1177 2559 1229 οὐκ
2587 1174 2875 1246 ἀγοράζων
2900 1175 3048 1244 ἡμᾶς
3073 1173 3166 1227 ἀπ’
3198 1171 3515 1243 ἀλλοτρίων,
3541 1169 3664 1223 ἀλλά
3679 1171 3754 1240 τὴν

2213 1267 2470 1321 ὑπόθεσιν
2517 1267 2660 1338 ὑπὲρ
2715 1265 2874 1338 ήμῶν
2938 1263 3035 1318 τοῦ
3103 1262 3338 1336 σταυροῦ
3403 1259 3756 1331 ἀναδεξάμενος

2217 1360 2555 1431 προαιρέσει,
2595 1349 2690 1413 καὶ
2739 1358 2800 1412 οὐ
2830 1358 2946 1428 μετ’
2976 1357 3240 1427 ἀνάγκης.
3272 1353 3437 1409 Ὅθεν
3473 1352 3756 1424 ὲλήλεγκται

2218 1450 2362 1504 κατὰ
2382 1451 2558 1504 πάντα
2580 1451 2674 1504 τοῦ
2710 1452 3039 1523 Μαρκίωνος
3081 1453 3110 1503 6
3142 1449 3317 1518 λόγος.
3346 1447 3462 1502 Καὶ
3485 1444 3644 1499 πολλά
3668 1447 3759 1496 ἐστι

2218 1542 2288 1596 τὰ
2338 1542 2476 1613 πρὸς
2508 1542 2825 1614 ἀνατροπὴν
2869 1542 2967 1612 τῆς
3000 1540 3190 1594 τούτου
3229 1538 3481 1610 μηχανῆς
3514 1535 3603 1590 καὶ
3622 1551 3761 1605 τραγ-

2214 1635 2380 1705 ῳδίας
2400 1676 2414 1700 ,
2443 1633 2504 1698 ἐξ
2539 1633 2796 1697 εὐσεϐοῦς
2821 1631 3083 1702 λογισμοῦ
3124 1630 3218 1686 καὶ
3254 1629 3481 1698 εὐλόγου
3505 1627 3759 1706 ὁρμώμενα

2215 1725 2507 1796 ἐμφάσεως
2530 1726 2588 1778 ὲν
2617 1714 2684 1795 τῇ
2711 1725 2846 1796 πρὸς
2876 1724 3039 1777 αὐτὸν
3076 1723 3400 1794 ἀντιρρήσει

523 1823 857 1889 divinitatis,
881 1823 1122 1893 patiendi
1158 1821 1431 1884 videlicet,
1466 1820 1826 1877 nihilominus
1849 1822 2189 1890 persisteret.
2216 1821 2375 1888 Quod
2402 1835 2533 1877 vero
2588 1820 2801 1891 perpeti
2829 1819 3034 1890 aliquid
3093 1835 3193 1890 pro
3246 1819 3412 1874 nobis
3459 1815 3641 1877 voluit,
3677 1827 3760 1867 non

535 1919 589 1972 id
613 1915 829 1972 emendi
857 1915 1031 1970 nostri
1058 1913 1233 1986 gratia
1259 1914 1534 1983 praestitit,
1563 1914 1724 1984 quasi
1755 1914 1935 1969 alieno
1987 1915 2262 1985 mancipio
2291 1923 2633 1980 teneremur;
2663 1912 2761 1968 sed
2792 1928 2902 1967 uno
2953 1913 3219 1968 duntaxat
3282 1909 3465 1966 nostri
3524 1905 3687 1962 studio
3724 1905 3763 1959 ει

526 2024 715 2064 amore
777 2005 978 2062 ductus
1022 2006 1207 2060 crucis
1255 2005 1586 2074 supplicium
1641 2018 1751 2058 non
1802 2005 2131 2060 necessitate
2183 2006 2313 2068 ulla,
2364 2005 2462 2060 sed
2514 2004 2796 2058 voluntate
2851 2003 3135 2060 sustinuit.
3191 2001 3271 2055 Ex
3343 2015 3456 2072 quo
3507 1997 3756 2053 Marcionis

525 2109 641 2156 tota
689 2100 780 2154 illa
824 2099 966 2174 ratio
1002 2096 1248 2151 funditus
1289 2095 1674 2152 labefactatur.
1721 2095 1829 2152 Sed
1876 2098 1944 2152 ad
1992 2097 2114 2168 ejus
2142 2099 2453 2154 machinam
2477 2114 2694 2154 omnem
2724 2113 2789 2154 ac
2846 2097 3172 2169 tragoediam
3219 2094 3592 2158 evertendam,
3629 2091 3762 2146 multa

526 2204 656 2248 sunt
679 2209 710 2247 a
738 2193 898 2248 nobis
922 2195 978 2246 in
1009 2191 1157 2246 illius
1181 2191 1568 2248 refutationem
1593 2199 1875 2264 congesta,
1899 2193 2202 2266 eademque
2231 2195 2490 2267 religiosa
2509 2210 2577 2250 ex
2605 2202 2810 2262 mente,
2835 2195 3115 2264 animique
3138 2200 3288 2249 recta
3339 2192 3553 2247 ratione
3595 2187 3764 2259 praediti

523 2289 927 2361 significatione
958 2286 1225 2357 profecta.

533 2423 538 2427 -
583 2356 692 2438 ‘lX.
730 2380 852 2437 Jam
893 2356 1038 2436 enim
1071 2380 1137 2435 ad
1169 2380 1291 2450 ejus
1325 2379 1563 2450 scripta,
1597 2379 1686 2436 vel
1723 2379 1908 2451 potius
1933 2356 2111 2436 scele-

2287 2375 2365 2430 8'.
2407 2373 2732 2447 Ἐλεύσομαι
2773 2375 2831 2428 δὲ
2865 2376 2944 2440 είς
2989 2375 3058 2429 τὰ
3107 2374 3199 2428 ὑπ’
3228 2375 3400 2430 αὐτοῦ
3429 2378 3760 2451 γεγραμμένα,

525 2485 648 2532 rate
677 2475 1011 2538 commissa,
1043 2487 1130 2528 me
1160 2470 1408 2527 confero.
1441 2470 1578 2526 Nam
1613 2472 1716 2528 iste
1741 2473 1921 2527 solum
1955 2471 2117 2526 Luca!

528 2567 882 2638 Evangelium
926 2564 1308 2635 amplectitur,
1334 2573 1619 2634 amputato
1649 2570 1832 2619 tamen
1854 2561 1977 2633 ejus
2012 2562 2119 2616 ini-

528 2660 630 2722 tio,
665 2657 809 2728 quod
842 2655 922 2710 ibi
951 2653 1254 2709 Salvatoris
1300 2653 1357 2707 in
1399 2661 1556 2710 utero
1591 2655 1998 2726 generationem
2020 2695 2036 2720 ,
2064 2659 2120 2708 et

528 2748 777 2818 ejusdem
803 2745 1097 2800 adventum
1123 2759 1247 2798 cum
1280 2758 1512 2813 corpore
1545 2746 1837 2816 perspicue
1874 2745 2119 2800 comine-

529 2849 727 2897 moret.
769 2838 879 2895 Nec
920 2838 1138 2892 initium
1187 2834 1350 2890 modo
1396 2835 1834 2908 circumscripsit
1889 2838 1982 2893 ille
2033 2835 2120 2894 sui

530 2935 716 3005 potius
744 2946 906 3002 quam
936 2918 1228 2999 Evangelii
1262 2935 1583 2998 corruptor;
1617 2929 1713 2984 sed
1764 2936 1820 2984 et
1861 2943 1930 2984 ex
1963 2928 2121 2984 initio

531 3025 738 3098 pariter
764 3037 828 3077 ac
862 3021 1040 3076 medio
1073 3020 1364 3090 plerasque
1390 3020 1642 3077 veritatis
1664 3022 1966 3077 sententias
1996 3037 2122 3078 sus-

529 3116 691 3182 tulit,
760 3114 1006 3184 aliasque
1055 3127 1154 3183 pro
1207 3112 1318 3169 illis
1372 3113 1680 3169 substituit.
1747 3112 1902 3169 Hanc
1955 3128 2120 3169 unam

530 3224 697 3280 pono
729 3205 1006 3277 Evangelii
1053 3205 1322 3270 formam,
1371 3205 1518 3275 quod
1577 3220 1608 3259 a
1661 3204 1810 3261 Luca
1855 3206 2120 3276 scriptum

531 3300 790 3355 admittit.
825 3297 1101 3369 Epistolas
1130 3304 1393 3367 praeterea
1422 3296 1580 3351 Pauli
1625 3298 1860 3367 apostoli
1897 3297 2083 3353 decem
2104 3338 2121 3362 ,

528 3392 730 3463 quibus
770 3391 905 3446 solis
959 3391 1152 3453 utitur,
1203 3406 1306 3444 nec
1357 3391 1425 3446 iis
1465 3389 1686 3460 quidem
1728 3390 1993 3462 integris,
2028 3390 2123 3445 sed

529 3483 638 3536 alia
664 3497 731 3536 ex
762 3479 872 3534 illis
915 3478 1096 3548 capita
1130 3479 1402 3544 detrahit,
1437 3480 1544 3533 alia
1573 3487 1900 3533 commutat.
1946 3480 2126 3550 Atque

533 3573 635 3628 hos
691 3571 830 3625 duos
877 3571 1049 3624 libros
1103 3569 1368 3625 duntaxat
1407 3585 1508 3640 pro
1560 3570 1853 3625 canonicis
1902 3570 2065 3625 habet
2108 3589 2120 3625 :

531 3673 728 3738 praeter
758 3679 897 3735 quos
923 3663 1027 3716 alia
1063 3662 1288 3732 insuper
1312 3677 1343 3716 a
1374 3676 1432 3716 se
1487 3661 1810 3716 elucubrata
1841 3662 2122 3716 volumina

531 3756 740 3814 erroris
771 3755 935 3826 310
968 3754 1054 3808 sui
1089 3753 1355 3809 studiosis
1398 3753 1656 3808 obtrusit.
1689 3753 1943 3823 Epistolae
1967 3769 2120 3820 vero,

533 3863 656 3918 qua:
673 3847 850 3902 abillo
867 3845 1191 3917 probantur,
1207 3844 1434 3900 haesunt
1454 3866 1466 3900 :
1486 3845 1658 3915 prima
1677 3853 1762 3900 est
1785 3844 1852 3899 ad
1869 3841 2088 3901 Galatas
2107 3862 2121 3912 ;

535 3954 577 3994 ιι
606 3939 674 3992 ad
709 3937 1028 3994 Corinthios
1059 3937 1270 4007 prima;
1312 3953 1372 3991 ιιι
1395 3937 1460 3991 ad
1499 3935 1817 3991 Corinthios
1848 3935 2121 4003 secunda;

536 4049 592 4088 Iv
615 4032 682 4086 ad
700 4029 1011 4097 Romanos;
1029 4046 1062 4083 v
1087 4027 1159 4084 ad
1185 4027 1710 4084 Thessalonicenses
1731 4027 1942 4100 prima;
1975 4043 2029 4082 v1
2053 4025 2124 4082 ad

533 4124 1058 4181 Thessalonicences
1091 4121 1369 4188 secunda;
1402 4137 1479 4176 vu
1508 4120 1574 4177 ad
1607 4120 1905 4192 Ephesios;
1933 4136 2031 4176 vm
2054 4118 2124 4176 ad

534 4215 919 4283 Colossenses;
970 4230 1027 4269 ix
1066 4213 1134 4268 ad
1163 4213 1568 4280 Philemonem;
1619 4229 1651 4266 ι
1683 4213 1752 4268 ad
1803 4211 2123 4282 Philippen-

537 4324 646 4364 ses.
685 4307 860 4364 Habet
899 4314 955 4362 et
1001 4307 1070 4362 ad
1114 4304 1481 4361 Laodicenses
1521 4305 1781 4376 Epistola‘.
1823 4305 2124 4374 particulas

537 4398 765 4472 aliquot.
817 4395 938 4462 Qua
981 4411 1050 4452 ex
1100 4395 1254 4465 ipsa,
1312 4409 1476 4464 quam
1536 4395 1773 4459 retinet,
1807 4393 2121 4466 Evangelii,

536 4485 1017 4556 Epistolarumque
1059 4483 1273 4551 forma,
1318 4485 1542 4554 planum
1591 4484 1738 4540 hunc
1765 4491 1820 4540 et
1860 4486 2124 4556 imposta—

538 4599 654 4638 rem
705 4597 830 4638 esse
869 4583 1250 4637 demonstrare
1282 4580 1396 4636 Deo
1435 4580 1737 4650 opitulante
1787 4596 2120 4650 possumus,

539 4667 968 4745 plenissimeque
996 4671 1267 4727 refellere.
1310 4670 1528 4727 Etenim
1558 4686 1624 4726 ex
1663 4671 1733 4726 iis
1766 4671 1900 4742 ipsis
1929 4673 2122 4740 libris,

536 4781 680 4837 quos
729 4777 1018 4836 germanos
1065 4777 1190 4818 esse
1241 4758 1570 4827 confitetur,‘
1596 4763 1786 4832 procul
1822 4763 1991 4819 dubio
2035 4781 2124 4821 re-

537 4857 856 4926 darguetur.
902 4853 982 4908 Ex
1025 4853 1095 4908 iis
1128 4852 1351 4923 inquam
1378 4868 1516 4924 quas
1541 4853 1804 4910 adsciscit
1844 4869 1907 4910 ac
1942 4865 2123 4913 servat

537 4949 844 5020 Evangelii,
878 4945 1359 5022 Epistolarumque
1387 4945 1657 5016 reliquiis,
1686 4945 1830 5016 apud
1858 4950 1955 5003 eds
1997 4948 2123 5020 qui-

2223 2466 2420 2538 μᾶλλον
2452 2467 2508 2521 δὲ
2537 2467 3062 2541 ὲρῤαδιουργημένα.
3095 2462 3264 2532 Οὗτος
3293 2469 3407 2542 γὰρ
3433 2470 3543 2540 ἔχει
3567 2471 3762 2539 Εὐαγγέο

2219 2558 2333 2613 λιον
2364 2559 2523 2630 μόνον
2551 2560 2613 2614 τὸ
2639 2559 2782 2614 κατά
2814 2561 3052 2626 Λουκᾶν,
3082 2562 3560 2633 περικεκομμένον
3582 2562 3676 2615 ἀπὺ
3695 2561 3763 2632 τῆς

2220 2651 2395 2722 ἀρχῆς
2423 2651 2512 2705 διὰ
2542 2652 2641 2722 τὴν
2673 2651 2768 2704 τοῦ
2799 2653 3053 2724 Σωτῆρος
3084 2651 3350 2723 σύλληψιν
3386 2655 3480 2707 καὶ
3500 2655 3593 2726 τὴν
3617 2653 3761 2724 ἐνεαρ-

2221 2759 2316 2795 κον
2336 2741 2500 2796 αὑτοῦ
2525 2745 2853 2816 παρουσίαν.
2887 2746 2962 2798 Uti
3002 2745 3161 2816 μόνον
3189 2746 3245 2800 δὲ
3268 2747 3372 2818 τὴν
3407 2748 3576 2821 ἀρχὴν
3603 2747 3754 2804 ἀπέτε-

2225 2852 2326 2907 μεν
2355 2836 2385 2888 ό
2406 2836 2791 2909 λυμηνάμενος
2806 2836 3008 2891 ἑαυτὸν
3034 2839 3178 2910 ἥπερ
3205 2837 3266 2890 τὸ
3287 2839 3614 2910 Εὐαγγὲλιω
3631 2859 3643 2870 ·
3665 2838 3762 2893 ἀλλό

2223 2929 2318 2983 καὶ
2349 2929 2442 2983 τοῦ
2471 2929 2660 2994 τέλους
2689 2931 2784 2984 καὶ
2807 2930 2915 2983 τῶν
2947 2933 3130 3001 μέσων
3174 2931 3350 2986 πολλά
3384 2933 3663 3005 περιέκοψε
3685 2931 3766 2985 τῶν

2221 3021 2324 3091 τῆς
2356 3021 2614 3091 ἀληθείας
2643 3021 2816 3091 λόγων
2837 3039 2851 3053 ·
2877 3023 3013 3078 ἄλλα
3054 3023 3112 3077 δὲ
3161 3023 3317 3096 παρὰ
3359 3025 3432 3081 τὰ
3459 3027 3767 3100 γεγραμμένα

2223 3112 2600 3184 προστέθεικε.
2627 3113 2792 3184 Μόνῳ
2818 3115 2874 3168 δὲ
2898 3114 3165 3187 κέχρηται
3191 3115 3371 3188 τούτῳ
3400 3118 3482 3188 τῷ
3509 3118 3766 3190 χαρακτῆρι

2223 3205 2302 3276 τῷ
2336 3205 2476 3258 κατά
2508 3207 2722 3261 Λουκᾶν
2753 3208 3257 3281 Εὐαγγελίῳ.⁹Εχει
3273 3211 3332 3265 δὲ
3360 3213 3459 3265 καί⁵
3502 3208 3767 3271 Ἐπιπολὰς

2225 3297 2356 3369 παρ’
2389 3297 2538 3368 αύτῷ
2587 3296 2681 3352 τοῦ
2727 3299 2884 3367 ἀγίου
2928 3299 3254 3354 Ἀποστόλου
3304 3302 3464 3368 δέκα,
3487 3296 3574 3365 αἷς
3621 3300 3767 3371 μόναις

2225 3389 2514 3460 κέχρηται,
2542 3391 2604 3443 οὐ
2644 3393 2779 3445 πᾶσι
2817 3393 2875 3446 δὲ
2919 3396 3031 3456 τοῖς
3071 3395 3128 3446 ὲν
3170 3393 3364 3460 αὐταῖς
3390 3393 3766 3469 γεγραμμένοις,

2227 3477 2364 3532 ἀλλά
2389 3497 2512 3535 τινα
2540 3481 2720 3536 αὐτῶν
2747 3482 3112 3554 περιτέμνων,
3149 3485 3271 3539 τινὰ
3298 3486 3360 3540 δὲ
3389 3485 3671 3547 ἀλλοιώσας
3702 3499 3768 3534 κε·

2228 3571 2450 3639 φάλαια.
2475 3573 2717 3638 Ταύταις
2745 3574 2801 3628 δὲ
2825 3578 2946 3639 ταῖς
2971 3575 3094 3629 δυσὶ¹
3117 3575 3320 3647 βίϐλοις
3352 3571 3768 3650 κέχρηται.’Λλλα

2227 3661 2286 3714 δὲ
2325 3663 2680 3735 συντάγματα
2729 3667 2823 3736 ἀφ’
2846 3667 3040 3720 ἑαυτοῦ
3079 3669 3335 3734 συνέταξε
3381 3673 3495 3734 τοῖς
3527 3671 3615 3724 ἀπ’
3641 3662 3768 3720 αὑτοῦ

2229 3753 2623 3826 πλανωμένοις.
2648 3759 2715 3811 Αἱ
2741 3758 2798 3812 δὲ
2833 3759 3144 3814 Ἐπιστολαί⁵
3174 3763 3229 3814 αί
3262 3764 3397 3835 παρ’
3426 3761 3571 3834 αὑτῷ
3596 3760 3768 3828 λεγόμξ·

2227 3845 2317 3899 ναι
2377 3847 2520 3900 εἱσι·
2575 3844 2767 3923 πρώτη
2815 3851 2914 3923 μὲν
2963 3852 3102 3923 πρὸς
3168 3853 3442 3920 Γαλάτας,
3491 3853 3693 3922 δευτέρα
3728 3848 3767 3900 δῖε

2229 3935 2366 4007 πρὸς
2409 3938 2750 4010 Κορινθίους,
2821 3942 2976 4015 τρίτη
3022 3943 3158 4015 πρὸς
3210 3945 3533 4016 Κορινθίους
3562 3941 3761 4012 δευτέραν

2227 4028 2461 4100 τετάρτη
2521 4029 2660 4102 πρὸς
2717 4030 3022 4102 Ῥωμαίους
3050 4071 3068 4097 ,
3124 4033 3351 4106 πέμπτη
3412 4037 3549 4107 πρὸς
3603 4035 3765 4087 Θεσσα-

2227 4114 2481 4188 λονικεῖς,
2539 4122 2670 4196 ἕκτη
2697 4163 2714 4191 ,
2758 4125 2897 4199 πρὸς
2939 4127 3364 4191 Θεσσαλονικεῖς
3395 4127 3632 4198 δευτέρα,
3656 4122 3766 4177 €666-

2231 4227 2308 4290 μη
2321 4217 2459 4287 πρὸς
2508 4217 2790 4287 Ἐφεσίους
2815 4257 2831 4284 ,
2907 4219 3070 4292 ὀγδόη
3137 4221 3273 4294 πρὸς
3335 4223 3663 4285 Κολωσσεῖς,
3703 4218 3764 4269 ἐν·

2227 4312 2362 4382 νάτη
2407 4309 2546 4382 πρὸς
2593 4311 2891 4382 Φιλήμονα,
2942 4313 3146 4386 δεκάτη
3202 4313 3340 4385 πρὸς
3395 4310 3761 4384 Φιλιππησίους.

2232 4404 2387 4475 Ἔχει
2419 4403 2476 4456 δὲ
2519 4403 2617 4457 καὶ
2647 4404 2749 4474 τῆς
2779 4404 2916 4475 πρὸς
2956 4406 3277 4468 Λαοδικείας
3315 4407 3612 4478 λεγομένης
3638 4402 3764 4474 μέρη.

2241 4497 2331 4562 Ἐξ
2372 4488 2544 4568 οὗπερ
2573 4497 2921 4567 χαρακτῆρος
2967 4495 3061 4550 τοῦ
3112 4498 3242 4568 παρ’
3270 4497 3437 4551 αὐτοῦ
3484 4493 3764 4566 σωζομένων

2225 4586 2320 4641 τοῦ
2347 4604 2408 4640 τε
2439 4585 2790 4656 Εὑαγγελίου,
2821 4584 2916 4640 καὶ
2948 4585 3058 4639 τῶν
3085 4585 3420 4641 Ἐπιστολῶν
3440 4587 3533 4640 τοῦ
3556 4580 3766 4639 Ἀποστό·

2226 4678 2341 4744 λου,
2379 4677 2549 4742 δεῖξαι
2574 4676 2734 4731 αὐτὸν
2775 4678 2833 4729 ὲν
2876 4675 2994 4746 Θεῷ
3039 4675 3235 4747 ἔχομεν
3275 4677 3566 4730 ἀπατεῶνα
3591 4672 3674 4727 καὶ
3699 4683 3766 4719 πε·

2230 4769 2589 4840 πλανημένον,
2621 4768 2716 4822 καὶ
2753 4767 3031 4840 ἀκρότατα
3073 4767 3360 4837 διελέγξαι.
3381 4770 3469 4836 Ἐξ
3493 4765 3655 4821 αὐτῶν
3683 4759 3762 4828 γὰρ

2225 4863 2611 4934 ἀναμφιϐόλως
2637 4860 2748 4916 τῶν
2769 4863 2902 4932 παρ’
2923 4859 3088 4914 αὑτοῦ
3109 4861 3554 4932 ὁμολογουμένων
3579 4859 3764 4924 ἀνατρα-

2227 4953 2597 5028 πήσεται.Ἑκ
2637 4954 2747 5026 γὰρ
2790 4953 2900 5008 τῶν
2948 4953 3128 5007 αὐτῶν
3165 4953 3244 5007 ἔτι
3279 4954 3408 5025 παρ’
3436 4949 3594 5006 αὐτοῦ
3621 4943 3763 5013 λειψά-

536 5041 694 5104 dem,
739 5038 834 5108 qui
869 5037 1150 5107 sapientiae
1179 5036 1460 5105 paululum
1511 5036 1785 5104 habeant,
1834 5039 2117 5096 manifeste

2227 5065 2356 5114 νων,
2385 5046 2478 5100 τοῦ
2506 5065 2567 5100 τε
2591 5045 2927 5116 Εὐαγγελίου
2950 5047 3045 5100 καὶ
3071 5044 3179 5099 τῶν
3206 5044 3539 5100 Ἐπιστολῶν
3564 5041 3762 5111 εὑρισκο-

467 5145 472 5152 '
538 5129 894 5200 probabimus
923 5165 938 5191 ,
998 5140 1346 5197 nequaquam
1406 5141 1438 5179 a
1503 5126 1700 5182 Vetere
1772 5125 2126 5184 Testamento

538 5223 816 5278 Christum
837 5261 852 5287 ,
885 5228 979 5274 aut
1009 5219 1076 5276 ab
1103 5234 1170 5274 eo
1203 5233 1328 5272 cum
1363 5232 1527 5273 carne
1559 5221 1812 5273 veniente
1832 5218 2128 5289 prophetas

539 5313 857 5368 abhorrere.
880 5310 1022 5376 Quin
1039 5310 1204 5365 etiam
1223 5307 1681 5364 resurrectionem
1727 5323 2020 5378 corporum
2057 5310 2127 5364 ab

538 5400 798 5470 Apostolo
829 5400 1154 5471 praedicari,
1184 5407 1238 5456 et
1268 5402 1322 5454 in
1367 5415 1559 5456 eorum
1593 5400 1688 5470 qui
1720 5400 1955 5455 salutem
1989 5414 2126 5454 con-

540 5499 844 5560 sequuntur
895 5506 1183 5546 numerum
1249 5491 1619 5546 Abrahamum
1681 5492 1748 5546 ab
1812 5493 2002 5547 eodem
2067 5500 2121 5546 et

540 5579 784 5634 lsaacum
813 5581 1187 5652 Jacobumque
1215 5584 1448 5652 referri;
1492 5599 1595 5639 nec
1628 5599 1738 5639 non
1773 5584 1984 5654 reliqua
2020 5583 2118 5640 de-

541 5671 995 5726 monstrabuntur
1053 5673 1256 5742 omnia,
1306 5691 1433 5748 quae
1475 5683 1666 5730 sancta
1721 5675 1818 5731 Dei
1871 5662 2128 5733 Ecclesia

617 5819 634 5850 ¹
667 5818 870 5891 Ephes.
904 5836 964 5885 ν,
1000 5819 1089 5874 16-

2227 5138 2426 5209 μένων,
2458 5137 2801 5209 δειχθήσεται
2833 5140 2862 5191 6
2892 5138 3125 5209 Χριστὸς
3153 5139 3264 5200 τοῖς
3291 5139 3528 5198 συνετοῖς
3555 5132 3622 5203 μὴ
3648 5124 3760 5182 ἀλλά

2224 5244 2374 5296 τριος
2415 5223 2556 5280 εἶναι
2601 5227 2849 5290 Παλαιᾶς
2873 5227 3171 5298 Διαθήκης,
3201 5226 3296 5280 καὶ
3329 5228 3378 5279 οἱ
3408 5225 3664 5296 προφῆται
3689 5209 3759 5268 οὖν

2223 5316 2324 5368 οὐκ
2345 5314 2612 5386 ἀλλότριοι
2644 5314 2798 5378 ὄντες
2827 5315 2927 5384 τῆς
2955 5315 3048 5368 τοῦ
3078 5315 3279 5387 Κυρίου
3306 5313 3576 5385 ὲνδημίας,
3599 5307 3678 5362 καὶ
3695 5305 3755 5356 ὅτι

2223 5404 2519 5458 ἀνάστασιν
2537 5403 2739 5475 σαρκὸς
2762 5405 2790 5456 6
2807 5404 3130 5468 ’Λπόστολος
3154 5403 3430 5475 κηρύττει,
3450 5401 3538 5455 καὶ
3559 5392 3756 5450 δικαίους

2225 5497 2353 5559 τοὺς
2381 5497 2667 5568 προφήτας
2686 5494 2960 5566 ὀνομάζει,
2995 5495 3088 5549 καὶ
3112 5498 3168 5548 ὲν
3198 5493 3519 5566 σωζομένοις
3539 5488 3753 5558 ὑπάρχον·

2224 5605 2325 5652 τας
2360 5589 2485 5652 τοὺς
2520 5589 2646 5658 περὶ
2671 5587 2946 5658 Ἀϐραὰμ,
2976 5589 3071 5643 καὶ
3103 5588 3307 5652 Ἰσαὰκ,
3344 5587 3438 5640 καὶ
3467 5578 3658 5641 Ἰακὼϐ,
3679 5570 3752 5627 καί

2225 5677 2403 5732 πάντα
2433 5681 2533 5734 ὅσα
2561 5678 2678 5733 ἐστὶ
2709 5677 2808 5747 τῆς
2847 5677 3006 5745 ἁγίας
3042 5678 3135 5732 τοῦ
3175 5675 3309 5732 Θεοῦ
3343 5669 3645 5744 Ἐκκλησίας
3668 5659 3747 5735 (τε)
