3934 6428
176 416 262 474 ἷθθ
837 420 1218 480 ADVERSUS
1256 422 1601 480 lMERESES
1638 423 1722 479 LII

1837 466 1850 480 .
1893 383 2056 483 Ton.
2099 425 2184 482 ιιι.
2227 459 2296 472 --
2328 428 2602 490 naues.
2632 433 2793 490 xui.

3331 442 3439 502 710

172 535 396 606 σωτήρια
423 533 516 586 καὶ
541 531 670 600 ἅγια
701 533 796 586 xui.
825 536 890 588 ἐκ
914 535 1047 589 Θεοῦ
1079 538 1482 610 ἐστηριγμένα,
1514 539 1572 595 ἐν
1593 558 1653 595 τε
1678 543 1722 612 τῇ

1853 542 2162 612 proﬁtetur,
2199 545 2464 601 salutaria
2496 547 2585 601 illa
2617 549 2861 620 quidem,
2893 563 2957 606 ac
3001 559 3223 620 sancta,
3243 555 3448 628 Deique

168 628 332 681 πίστει
356 625 447 678 καὶ
478 626 534 678 ἐν
562 627 630 696 τῇ
659 623 879 694 γνώσει,
908 627 1000 680 καὶ
1037 629 1096 681 ἐν
1129 628 1325 696 ἐλπίδι,
1355 632 1450 684 καὶ
1481 631 1739 686 διδασκα-

171 719 271 790 λίᾳ.

229 810 280 865 ι’.
313 809 708 881 Παραθήσομαι
730 809 785 862 δὲ
805 810 900 864 καὶ
935 811 1003 883 ἢν
1025 813 1384 888 ἐποιησάμην
1417 818 1542 872 κατ’
1569 817 1737 872 αὐτοῦ

166 899 547 972 πραγματείαν,
603 901 734 971 πρὶν
777 902 872 956 τοῦ
915 903 1125 977 ταύτην
1176 924 1279 978 μου
1324 910 1426 980 τὴν
1484 911 1738 977 σύνταξιν

165 991 533 1046 ἐσπουδακέναι
563 991 650 1045 διὰ
677 993 778 1063 τῆς
809 994 966 1066 ὑμῶν
990 995 1101 1050 τῶν
1134 997 1382 1069 ἀδελφῶν
1420 991 1740 1074 προτροπῆς

94 1143 96 1146 τ
165 1081 487 1154 ποιήσασθαι.
506 1082 640 1136 Ἀπὸ
653 1084 790 1137 ἐτῶν
822 1087 1024 1141 ἱκανῶν
1047 1090 1139 1142 άνε
1150 1091 1354 1161 ρευνῶν
1373 1091 1390 1122 ¹
1419 1092 1518 1163 τὴν
1544 1094 1736 1146 τούτου

164 1174 245 1228 τοῦ
276 1174 594 1246 Μαρκίωνος
619 1177 1053 1252 ἐπινενοημένην
1096 1181 1466 1256 ψευδηγορίαν
1503 1185 1600 1238 καὶ⁵
1648 1186 1738 1256 λης

170 1267 292 1338 ρώδη
317 1266 678 1337 διδασκαλίαν,
708 1271 881 1335 αὐτὰς
917 1272 982 1345 δὴ
1031 1273 1134 1339 τὰς
1181 1275 1276 1329 τοῦ
1330 1277 1732 1348 προειρημένου

167 1360 382 1430 βίϐλους,
416 1361 484 1426 ἃς
512 1362 777 1435 κέκτηται
803 1365 943 1436 μετά
970 1369 1159 1439 χεῖρας
1191 1368 1395 1434 λαϐὼν,
1428 1370 1488 1421 τό
1509 1387 1569 1423 τε
1602 1372 1734 1440 παρ’

164 1453 323 1506 αὐτῶν
350 1451 642 1524 λεγόμενον
670 1457 1006 1527 Εὐαγγέλιον
1033 1459 1130 1513 καὶ
1154 1461 1513 1515 ἀποστολικὸν
1544 1461 1736 1515 καλού-

167 1561 308 1615 μενον
346 1546 476 1617 παρ’
503 1546 674 1617 αύτῷ,
703 1547 1149 1620 ἐξανθισάμενος,
1197 1553 1290 1606 καὶ
1335 1554 1732 1624 ἀναλεξάμενος

163 1635 480 1708 καθέίρμδν
514 1639 625 1691 ἀπὸ
662 1639 772 1693 τῶν
817 1643 1234 1714 προειρημένων
1281 1645 1374 1698 δύο
1409 1645 1629 1715 βιϐλίων
1662 1645 1731 1698 τὰ

160 1727 354 1798 ἐλέγξαι
377 1729 542 1784 αὑτὸν
560 1730 858 1803 δυνάμενα,
892 1733 1112 1804 ἐδάφιόν
1141 1753 1192 1789 τι
1221 1737 1529 1802 συντάξεως
1552 1741 1732 1808 ἐποιη-

164 1820 341 1890 σάμην,
374 1821 685 1886 ἀκολούθως
729 1823 893 1889 τάξας
931 1826 1228 1896 κεφάλαια,
1279 1830 1374 1883 καὶ
1416 1831 1728 1901 ἐπιγράψας

1847 635 2177 690 auctoritate
2209 636 2488 700 roborata,
2532 654 2654 708 quae
2686 643 2966 696 communi
3001 643 3138 712 ﬁde,
3175 647 3443 714 scientia,

1853 740 1972 796 spe,
2003 726 2364 797 doctrinaque
2389 732 2825 800 comprehendit.

1915 819 1983 875 Χ.
2032 820 2188 877 Libet
2215 839 2344 879 vero
2371 825 2799 896 disputationem
2834 827 3130 899 quamdam
3161 829 3252 884 hic
3286 830 3438 886 inse-

1843 928 1995 978 rere,
2037 929 2201 984 quam
2244 915 2508 973 adversus
2561 919 2875 974 haereticum
2923 922 3092 977 istum
3147 922 3441 976 elucubra-

1837 1019 2059 1068 veram,
2092 1013 2386 1076 antequam
2421 1023 2560 1080 opus
2593 1010 2739 1065 istud
2786 1011 3007 1067 hortatu
3043 1021 3228 1068 vestro
3258 1014 3438 1069 susci-

1841 1109 2047 1164 perem.
2097 1095 2231 1151 Nam
2287 1111 2413 1152 cum
2457 1101 2644 1155 multis
2683 1102 2884 1157 abhinc
2939 1104 3100 1160 annis
3143 1104 3438 1159 Marcionis

1837 1187 2006 1258 hujus
2029 1190 2437 1246 commentitias
2467 1191 2701 1256 fabulas,
2727 1203 2781 1248 et
2813 1195 3136 1250 inanissima
3171 1196 3428 1267 dogmata

1836 1287 2219 1350 perscrutatus
2262 1297 2442 1338 essem
2466 1324 2481 1347 ,
2518 1299 2768 1356 quosque
2801 1287 2890 1341 ille
2922 1288 3092 1342 llbros
3129 1304 3229 1358 pro
3261 1305 3432 1344 cano--

1837 1372 1976 1427 nicis
2027 1374 2385 1444 comprobat;
2423 1383 2554 1445 puta
2597 1377 2960 1448 Evangelium
3008 1381 3153 1448 quod
3201 1381 3306 1450 ipsi
3341 1396 3438 1438 vo-

1833 1469 2086 1526 cant,et
2118 1464 2482 1533 apostolicum
2533 1466 2602 1520 ab
2641 1466 2833 1521 iisdem
2889 1468 3230 1522 nominatum
3286 1470 3436 1524 evol-
3503 1467 3510 1470 ’

1833 1569 1989 1619 vens,
2028 1554 2316 1610 selectiora
2352 1557 2480 1613 inde
2515 1559 2778 1612 nonnulla
2802 1600 2816 1623 ,
2853 1575 2975 1629 quae
3002 1561 3066 1614 ad
3101 1561 3251 1614 illum
3285 1561 3435 1615 refu-

1834 1646 2058 1701 tandum
2097 1649 2405 1718 pertinent,
2456 1651 2775 1705 continuata
2810 1652 2951 1706 serie
2998 1653 3434 1722 decerpsissem,

1831 1739 2106 1794 uberioris
2157 1739 2446 1809 cujusdam
2500 1744 2682 1812 operis
2734 1743 3093 1798 fundamenta
3135 1745 3330 1814 posui;
3372 1759 3437 1798 ac

1832 1831 2174 1900 singulorum
2213 1833 2454 1903 capitum
2499 1833 2748 1888 ordinem
2786 1836 2861 1888 ita
2895 1835 3189 1900 distribui,
3218 1843 3276 1889 ut
3313 1837 3436 1889 uni-

161 1912 339 1986 ἑκάστῃ
371 1914 530 1986 ῥήσει
555 1913 798 1988 πρώτην,
833 1917 1122 1991 δευτέραν,
1156 1920 1382 1992 τρίτην·
1426 1924 1520 1976 καὶ¹
1557 1923 1722 1986 οὕτως

1831 1922 2032 1992 cuique
2075 1924 2395 1988 sententiae,
2450 1925 2658 1994 prima,
2709 1926 2983 1991 secunda,
3019 1927 3180 1981 tertia
3203 1967 3218 1990 ,
3253 1942 3317 1981 ac
3354 1928 3435 1983 sic

281 2006 462 2070 τέλους
503 2006 806 2078 διεξῆλθον,
837 2011 895 2064 ἐν
937 2007 1019 2076 οἷς
1063 2012 1317 2082 φαίνεται
1346 2013 1570 2085 ηλιθίως
1599 2014 1722 2068 καθ’

159 2095 324 2149 ἐαυτοῦ
357 2097 448 2151 ἐπὶ
479 2098 687 2163 ταύτας
725 2100 826 2164 τὰς
876 2106 1298 2174 παραμεινάσας
1336 2105 1430 2159 τοῦ
1460 2123 1519 2159 τε
1548 2101 1724 2175 Σωτῆ-

159 2203 235 2258 ρος
256 2188 343 2242 καὶ
381 2188 473 2242 τοῦ
491 2191 820 2246 Ἀποστόλου
848 2193 1026 2259 λέξεις
1051 2197 1360 2266 φυλάττων.
1389 2199 1455 2251 Ai
1490 2199 1590 2269 μὲν
1613 2199 1722 2271 γὰρ

156 2276 309 2330 αὐτῶν
335 2278 807 2351 παρηλλαγμένως
846 2282 938 2336 ὑπ’
958 2285 1127 2338 αὐτοῦ
1156 2287 1722 2360 ἐρῤᾳδιουργήθησαν,
1771 2349 1774 2352 _

153 2369 232 2422 καὶ
258 2369 328 2433 ὡς
354 2371 452 2424 οὐκ
483 2369 602 2442 εἶχε
635 2373 714 2444 τῷ
749 2374 892 2428 κατὰ
924 2376 1140 2431 Λουκᾶν
1183 2379 1503 2451 Εὑαγγελίῳ
1531 2380 1593 2433 τὸ
1629 2381 1724 2435 ἀν-

152 2456 408 2530 τίγραφον,
439 2459 568 2514 οὔτε
599 2463 632 2534 ἡ
657 2463 753 2516 τοῦ
780 2465 1140 2521 ἀποστολικοῦ
1169 2472 1520 2541 χαρακτῆρος
1547 2471 1723 2542 ἐμφα-

154 2564 249 2610 σις·
277 2550 405 2606 ἀλλα
431 2551 488 2608 δέ
521 2552 688 2623 φύσει
711 2555 788 2619 ὡς
815 2555 929 2630 ἔχει
967 2560 1064 2614 καὶ
1104 2560 1166 2614 τὸ
1199 2562 1534 2633 Εὐαγγέλιον
1564 2564 1657 2618 καὶ
1691 2565 1721 2616 ὁ

164 2639 476 2710 Ἀπόστολος,
516 2644 600 2717 μὴ
647 2645 957 2717 ἀλλαγέντα
1003 2652 1096 2705 ὑπ’
1131 2653 1318 2721 αὐτοῦ,
1363 2656 1640 2727 δυνάμενα
1664 2655 1720 2709 δὲ

151 2732 292 2786 αὐτὸν
323 2734 644 2807 διελέγχειν,
695 2737 762 2791 δι’
790 2733 867 2794 ὧν
895 2741 1168 2799 δείκνυται
1214 2746 1428 2801 Παλαιά
1473 2748 1718 2821 Διαθήκη

153 2827 487 2895 συμφωνοῦσα
539 2829 680 2900 πρὸς
705 2829 805 2903 τὴν
838 2833 1005 2899 Νέαν,
1041 2836 1136 2889 καὶ
1165 2837 1198 2908 ἡ
1227 2838 1403 2910 Καινὴ
1447 2840 1586 2912 πρὸς
1618 2843 1719 2914 τὴν

150 2916 367 2972 Παλαιὰν
399 2921 904 2993 Διαθήκην.”Αλλαι
930 2926 988 2980 δὲ
1017 2923 1181 2982 πάλιν
1209 2930 1385 2995 λέξεις
1406 2932 1515 2985 τῶν
1535 2935 1717 2989 αὐτῶν

151 3005 347 3076 βιϐλίων
379 3011 746 3081 ὑποφαίνουσι
792 3015 1030 3087 Χριστὸν
1085 3019 1142 3072 ἐν
1185 3021 1348 3091 σαρκὶ
1375 3021 1714 3092 ἐληλυθέναι,

149 3100 228 3152 καὶ
249 3101 302 3152 ἐν
326 3102 454 3172 ἡμῖν
481 3103 710 3168 τελείως
739 3107 897 3178 ἐνηνθ
907 3110 1246 3181 ρωπηκέναι,
1265 3111 1425 3168 Ἀλλά
1445 3115 1539 3167 καὶ
1560 3115 1716 3170 ἄλλαι

150 3188 289 3244 πάλιν
317 3192 682 3264 ὁμολογοῦσαι
727 3197 824 3268 τὴν
864 3198 974 3253 τῶν
1020 3201 1233 3272 νεκρῶν
1262 3203 1581 3272 ἀνάστασιν,
1614 3209 1715 3272 καὶ

147 3279 226 3371 τδν
263 3275 389 3338 Θεὸν
436 3287 539 3342 ἐνα
587 3287 719 3342 ὄντα
759 3287 965 3360 Κύριον
1011 3291 1229 3347 πάντων
1275 3299 1714 3371 παντοκράτορα.
1745 3279 1787 3336 C

148 3370 288 3428 αὐτὸν
320 3378 550 3451 ποιητὴν
581 3379 812 3450 ούρανοῦ
840 3382 936 3436 καὶ
960 3384 1084 3454 γῆς,
1115 3387 1211 3439 καὶ
1238 3387 1456 3442 πάντων
1485 3389 1594 3445 τῶν
1626 3370 1720 3446 ἐπὶ

147 3463 233 3534 γῆς
289 3470 600 3542 γενομένων
628 3511 643 3535 ,
702 3473 796 3525 καὶ
849 3473 974 3526 οὔτε
1041 3481 1567 3551 παραχαράσσουσαι
1623 3484 1718 3537 τοῦ

147 3551 454 3625 Εὐαγγελίου
504 3560 612 3632 τὴν
661 3561 876 3632 κλῆσιν,
918 3563 1044 3618 οὔτε
1093 3571 1201 3641 μὴν
1249 3571 1579 3646 ἀρνούμεναι
1629 3575 1721 3629 τὸν

147 3650 352 3722 ποιητὴν
378 3653 472 3706 καὶ
503 3654 844 3727 δημιουργὸν
886 3657 995 3709 τῶν
1030 3660 1270 3727 πάντων,
1303 3663 1440 3718 ἀλλὰ
1463 3665 1721 3736 δηλοῦσαι

146 3736 223 3832 τὸν
262 3742 440 3812 σαφῶς
470 3744 903 3817 ὡμολογημένον
953 3749 1059 3803 ὑπὸ
1103 3753 1199 3806 τοῦ
1246 3761 1592 3832 χαρακτῆρος
1623 3762 1719 3816 τοῦ

145 3828 475 3919 ἀποστολικοῦ
521 3836 748 3890 καὶτοῦ
797 3841 1158 3912 εύαγγελικοῦ
1186 3828 1561 3919 κηρύγματος.
1609 3853 1722 3908 Καὶ

147 3918 245 3975 ἐστι
269 3923 333 3977 τὰ
356 3927 486 3998 ἡμῖν
517 3933 1079 4005 πεπραγματευμένα
1111 3937 1168 3990 ἐν
1193 3918 1578 4012 ὑποκειμένοις
1608 3963 1720 4001 πα-

147 4016 476 4091 ρατιθέμενα,
512 4019 678 4077 ἅτινά
705 4024 823 4077 ἐστι
856 4026 1008 4081 τάδε.

218 4302 530 4383 Προοίμιογ
554 4294 666 4383 τῆς
689 4307 823 4383 περὶ
848 4309 968 4364 τῶν
993 4314 1346 4383 Μαρκίαηρος
1363 4317 1627 4382 βιϐλίων

473 4377 824 4446 ὑποθέσεως
849 4396 916 4434 τε
950 4384 1051 4435 καὶ
1075 4377 1351 4454 exrnat}.

200 4484 294 4541 IA'.
329 4488 479 4562 Ὅτῳ
509 4491 666 4560 φίλον
704 4493 822 4546 ἐστὶ
863 4493 964 4560 τὰς
997 4497 1092 4552 τοῦ
1132 4498 1417 4573 ἀπατηλοῦ
1446 4505 1714 4578 Μαρκίω-

1833 2014 2092 2084 deinceps
2123 2017 2539 2085 praescriberem
2575 2037 2588 2072 :
2617 2026 2670 2072 et
2697 2019 2763 2072 ad
2804 2018 2964 2073 ﬁnem
3005 2034 3181 2088 usque
3217 2020 3432 2090 singula

1836 2115 2126 2174 notarem,
2171 2109 2228 2164 in
2260 2110 2461 2180 quibus
2513 2111 2650 2167 istas
2691 2110 2993 2166 Salvatoris
3038 2118 3134 2166 aut
3183 2112 3431 2181 Apostoli

1833 2201 2138 2258 sententias
2165 2211 2356 2257 contra
2403 2218 2459 2258 se
2497 2203 2716 2259 videtur
2749 2204 3078 2259 stultissime
3105 2204 3425 2259 retinuisse.

1831 2288 2089 2354 Quasdam
2125 2293 2270 2347 enim
2309 2308 2374 2348 ex
2427 2294 2535 2350 illis
2585 2295 2653 2349 ab
2683 2309 2748 2349 eo
2787 2301 3137 2350 commutatae
3169 2295 3432 2365 deprava-

1830 2387 2009 2452 taeque
2045 2392 2206 2448 sunt;
2250 2383 2408 2454 311
2451 2400 2560 2439 non
2593 2401 2657 2440 ea
2699 2385 2803 2440 ﬁde
2840 2394 3283 2456 repraesentata,
3320 2402 3429 2456 qua

1833 2481 1929 2530 aut
1974 2475 2029 2528 in
2074 2471 2354 2547 Evangelii
2414 2475 2714 2531 secundum
2770 2475 2972 2531 Lucam
3021 2477 3429 2547 exemplaribus

1829 2567 2107 2638 leguntur,
2150 2576 2244 2622 aut
2291 2569 2628 2638 apostolicus
2679 2568 2798 2640 ipse
2845 2569 3023 2640 stylus
3055 2585 3170 2639 prae
3202 2586 3260 2626 se
3285 2569 3429 2626 ferre

1828 2660 2102 2716 videatur.
2137 2660 2289 2716 Alias
2342 2661 2586 2729 integras
2639 2667 2693 2715 et
2747 2661 3102 2730 incorruptas
3155 2661 3425 2731 reliquit;

1829 2751 2143 2822 cujusmodi
2188 2752 2407 2808 sincero
2437 2752 2493 2806 in
2521 2751 2816 2822 Evangelio
2861 2759 2915 2806 et
2963 2753 3227 2822 Apostolo
3269 2768 3431 2824 repe-

1828 2845 2087 2911 riuntur;
2119 2860 2185 2899 ex
2236 2845 2441 2916 quibus
2481 2843 2631 2898 illius
2669 2843 2925 2898 convinci
2959 2844 3246 2899 mendacia
3299 2859 3426 2914 pos-

1829 2943 1992 3000 sunt;
2031 2941 2220 3003 utpote
2254 2948 2377 3004 qua:
2406 2931 2622 2989 Veteris
2679 2931 3015 2988 Testamenti
3063 2949 3188 2988 cum
3233 2932 3424 2999 Novo,

1828 3025 1994 3095 hujus
2039 3025 2285 3080 vicissim
2325 3040 2448 3080 cum
2477 3025 2572 3078 illo
2604 3027 3027 3080 consensionem
3076 3012 3141 3080 ac
3192 3040 3426 3080 concor-

1829 3117 1972 3172 diam
2025 3116 2328 3170 declarant.
2387 3115 2578 3172 lnsunt
2619 3116 2676 3169 in
2727 3116 2814 3171 his
2859 3115 3016 3171 libris
3046 3121 3101 3170 et
3133 3117 3236 3170 alia
3269 3117 3422 3181 loca,

1827 3207 2029 3277 quibus
2046 3213 2328 3276 aSsumpta
2349 3221 2516 3260 carne
2541 3206 2760 3261 venisse
2774 3206 3053 3260 Christum
3076 3207 3420 3284 ostendatur,

1824 3313 1889 3353 ac
1921 3296 2219 3370 perfectum
2267 3297 2411 3351 inter
2441 3312 2542 3370 nos
2575 3297 2851 3350 hominem
2892 3296 3064 3350 fuisse
3114 3307 3413 3351 versatum.

1826 3388 2110 3444 Accedunt
2145 3369 2208 3442 ca
2242 3403 2489 3460 quoque,
2521 3388 2725 3458 quibus
2775 3394 3120 3442 mortuorum
3153 3387 3423 3456 pnedica-

1829 3489 1918 3536 tur
1962 3479 2256 3545 excitatio;
2307 3479 2562 3548 idemque
2604 3477 2748 3534 Deus
2797 3487 2850 3533 et
2893 3479 3276 3532 universorum
3313 3477 3415 3530 Do-

1825 3573 2010 3627 minus
2032 3572 2411 3642 omnipotens,
2439 3572 2565 3628 coeli
2599 3586 2664 3626 ac
2697 3578 2890 3636 terrae,
2922 3573 3275 3641 omniumque
3301 3583 3422 3638 qua:

1827 3677 1954 3724 sunt
1989 3669 2044 3723 in
2091 3678 2234 3723 terra
2273 3668 2526 3723 conditor
2558 3667 2898 3738 perhibetur.
2945 3665 3078 3732 Qua:
3113 3679 3214 3720 nec
3247 3680 3421 3720 evan-

1825 3761 2052 3831 gelicam
2093 3761 2436 3814 vocationem
2475 3758 2820 3824 adulterant,
2845 3773 2948 3812 nec
2987 3759 3158 3812 totius
3193 3757 3421 3811 univer-

1824 3851 2006 3907 sitatis
2051 3858 2332 3924 auctorem
2364 3865 2428 3904 ac
2459 3852 2768 3905 molitorem
2812 3852 3116 3920 abuegant;
3142 3851 3235 3905 sed
3266 3865 3421 3904 eum-

1823 3945 1947 4000 dem
1978 3944 2156 4013 ipsum
2196 3941 2442 3997 referunt
2471 3983 2486 4008 ,
2512 3943 2730 4012 qualem
2760 3949 2814 3996 et
2845 3943 3179 4012 apostolicus
3210 3941 3418 4012 stylus,

1823 4046 1878 4092 et
1909 4035 2225 4106 evangelica
2247 4034 2562 4105 praedicatio
2584 4033 2890 4105 proﬁtetur.
2916 4032 3048 4099 Quae
3076 4033 3240 4104 igitur
3268 4033 3419 4087 hunc

1822 4128 1879 4182 in
1909 4126 2132 4182 modum
2184 4124 2590 4179 elaboravimus
2629 4123 2746 4177 suis
2794 4124 3132 4195 argumentis
3168 4122 3414 4193 digesta,

1825 4220 2086 4290 deinceps
2121 4215 2476 4288 praponenda
2502 4223 2652 4270 sunt.

1825 4401 1828 4404 _
1900 4335 1979 4389 De
2028 4331 2321 4388 Marcionis
2363 4331 2514 4386 libris
2553 4331 2826 4414 opusculi,
2857 4331 2965 4385 sire
3001 4330 3342 4400 refutatioms

2457 4419 2789 4472 promimum.

1895 4516 1988 4575 Xl.
2016 4516 2076 4572 Si
2103 4517 2231 4588 quis
2260 4515 2569 4571 adulterina
2600 4514 2894 4570 Marcionis
2917 4513 3137 4568 inventa
3166 4525 3415 4581 compre-

138 4592 216 4680 νος
241 4581 421 4685 κυάθου-ς
444 4585 712 4685 Αέπινοίας,
734 4587 1019 4658 ἀκριϐοῦν,
1063 4594 1158 4646 καὶ
1199 4595 1298 4660 τάς
1349 4598 1715 4666 ἐπιπλάστους

1830 4608 2063 4666 hendere
2095 4581 2316 4680 penitus
2346 4608 2567 4674 studet,
2601 4622 2667 4662 ac
2699 4605 2927 4677 pecudis
2962 4604 3110 4660 illius
3139 4603 3414 4658 versutias

139 4674 221 4768 τοῦ
247 4674 406 4768 αύτού
443 4675 792 4748 βοσκήματος
825 4681 1077 4751 μηχανὰς
1108 4684 1490 4755 διαγινώσκειν
1516 4694 1714 4764 τουτῳῒ

1830 4716 2012 4757 omnes
2040 4707 2094 4756 et
2130 4698 2362 4754 artiﬁcia
2396 4712 2753 4768 cognoscere,
2783 4695 2888 4751 hoc
2921 4695 3067 4764 quod
3097 4709 3128 4748 a
3163 4708 3251 4749 me
3274 4707 3413 4748 con-

142 4760 204 4831 τῷ
231 4765 640 4841 συλλελεγμένῳ
669 4775 944 4845 πονήματι
977 4776 1221 4847 ἐντυχεῖν
1252 4780 1326 4850 μὴ
1357 4760 1710 4840 κατοκνείτω.

154 4850 232 4948 diu
264 4856 370 4928 γὰρ
411 4859 508 4913 τοῦ
549 4863 678 4932 παρ’
704 4863 872 4916 αὐτοῦ
898 4865 1233 4935 Εὑαγγελίου
1260 4869 1329 4922 τά
1358 4871 1494 4942 πρὸς
1528 4874 1714 4948 ἀντίρ-

139 4943 279 5013 ρησιν
309 4948 408 5020 τῆς
440 4951 751 5024 πανούργου
780 4955 947 5009 αὑτοῦ
987 4958 1338 5029 ῥᾳδιουργίας
1373 4943 1712 5020 σπουδάσαν-

134 5049 216 5126 τες
247 5042 628 5114 παρεθέμεθαο
679 5045 746 5099 ἵν’
774 5047 823 5100 oi
876 5047 954 5118 τῷ
999 5051 1277 5121 πονήματι
1319 5054 1563 5126 ἐντυχεῖν
1593 5057 1712 5111 ἐθέ-

137 5125 323 5221 λοντες,
343 5126 512 5206 ἔχωσι
532 5136 689 5191 τοῦτο
709 5140 1010 5210 γυμνάσιον
1041 5142 1302 5216 ὀξύτητος
1331 5146 1709 5221 πρὸςέλεγχον

135 5219 231 5274 τῶν
261 5224 350 5277 ὑπ’
381 5227 549 5282 αὐτοῦ
577 5231 1012 5303 ἐπινενοημένων
1042 5234 1373 5303 ξενολεξιῶν.
1393 5239 1450 5292 Ὁ
1485 5242 1582 5311 μέν

137 5317 403 5401 χαρακτὴρ
428 5319 526 5373 τοῦ
558 5322 700 5376 κατά
727 5325 949 5379 Λουκᾶν
977 5328 1237 5398 σημαίνει
1260 5329 1320 5382 τὸ
1347 5331 1706 5401 Εὐαγγέλιον’

135 5400 203 5465 ὡς
225 5404 278 5457 δὲ
300 5407 748 5483 ἠκρωτηρίασται
782 5416 919 5486 μήτε
958 5417 1136 5489 ἀρχὴν
1171 5418 1334 5490 ἔχων.
1368 5400 1509 5494 μήτε
1538 5424 1710 5494 μέσα,

137 5495 265 5586 μήτε
295 5499 466 5566 τέλος,
501 5503 713 5572 ἱματίου
748 5505 1094 5579 βεϐρωμένου
1131 5511 1235 5564 ὑπὸ
1268 5511 1481 5567 πολλῶν
1527 5515 1708 5586 σητῶν

135 5585 309 5677 ἐπέχει
334 5591 426 5644 τέν
460 5595 676 5665 τρόπον.
703 5599 881 5663 Εὐθὺς
910 5601 1008 5670 μὲν
1042 5601 1152 5674 γὰρ
1179 5604 1239 5657 ἐν
1260 5606 1326 5676 τῇ
1356 5604 1500 5677 ἀρχῇ
1529 5585 1708 5661 πάντα

134 5674 196 5729 τὰ
216 5677 306 5731 ἀπ’
324 5680 502 5751 ἀρχῆς
527 5682 605 5752 τῷ
622 5687 805 5760 Λουκᾷ
831 5674 1408 5764 πεπραγματευμένα,
1425 5674 1707 5752 τουτέστιν

201 5853 217 5886 ¹
242 5852 366 5910 For.
394 5858 593 5914 ἱκανῶν
618 5863 742 5934 γάρ.
839 5875 845 5879 ”

1817 4793 2100 4848 cinnatuzn
2133 4805 2276 4860 opus
2325 4796 2412 4844 est
2456 4794 2766 4858 percurrat.
2816 4784 2951 4839 Nam
2983 4801 3047 4840 ex
3081 4784 3201 4854 ejus
3233 4782 3414 4837 Evan-

1817 4885 1958 4957 gelio
1986 4898 2107 4956 quae
2149 4891 2342 4937 contra
2378 4879 2731 4935 calliditatem
2767 4878 2942 4949 ipsius
2973 4877 3180 4932 scelere
3229 4873 3413 4942 impii-

1815 4984 1994 5032 catam
2045 4971 2248 5044 Opponi
2297 4977 2504 5042 queant
2553 4968 2801 5025 studiose
2845 4967 3174 5037 selegimus,
3213 4970 3272 5017 ut
3313 4961 3408 5031 qui

1815 5045 2236 5119 nostram‘hanc
2295 5059 2831 5114 lucubratiunculam
2867 5058 2924 5112 in
2963 5071 3160 5110 manus
3190 5070 3409 5131 sumere

1815 5154 2120 5217 voluerint,
2150 5151 2206 5205 in
2240 5137 2304 5207 ea
2332 5148 2626 5220 quamdam
2654 5148 2926 5203 acuminis
2956 5147 3407 5201 exercitationem

1816 5245 2089 5310 habeant,
2123 5258 2234 5313 quo
2256 5243 2669 5313 peregrinarum
2704 5254 2898 5294 vocum
2939 5239 3007 5292 ab
3038 5237 3133 5291 illo
3164 5244 3411 5305 reperta-

1815 5353 1938 5392 rum
1989 5337 2285 5393 novitatem
2338 5334 2693 5404 redarguant.
2741 5331 2808 5386 Et
2853 5329 3073 5400 quidem
3107 5328 3408 5384 Marcionis

1817 5427 1910 5482 ille
1954 5427 2093 5481 liber
2133 5425 2488 5496 Evangelium
2519 5422 2824 5478 secundum
2866 5420 3070 5474 Lucam
3107 5420 3251 5491 stylo
3283 5419 3408 5488 ipso

1815 5519 2025 5574 referre
2051 5516 2287 5580 videtur,
2321 5524 2380 5570 ut
2410 5503 2592 5570 autem
2638 5514 2706 5568 ab
2731 5529 2797 5569 eo
2827 5513 3110 5567 mutilatus
3157 5518 3242 5567 est
3261 5550 3276 5570 .
3301 5511 3409 5566 ini-

1817 5610 1916 5670 tio,
1979 5607 2159 5663 mcdio
2197 5622 2261 5662 ac
2305 5607 2412 5661 ﬁne
2439 5605 2774 5669 decurtatis,
2804 5603 3014 5658 corrosi
3050 5617 3082 5656 a
3111 5603 3274 5660 tineis
3302 5618 3407 5657 un-

1817 5699 1983 5770 dique
2026 5697 2336 5756 vestimenti
2370 5695 2683 5753 simillimus
2738 5703 2842 5752 cst.
2900 5693 3116 5751 Etenim
3159 5694 3228 5754 ab
3283 5705 3410 5764 ipso
