3934 6418
399 382 406 396 ’
507 420 604 475 m
1919 395 1952 450 ε

2185 387 2373 448 usu“
3117 337 3120 342 ’
3653 381 3738 435 m

507 531 697 586 statim
726 524 908 588 initio,
928 539 993 578 ea
1020 519 1164 576 unde
1186 516 1366 574 Lucas
1394 529 1628 573 exorsus
1657 520 1763 574 est,
1787 510 2047 566 nimirum

2197 503 2273 567 ὡς
2304 502 2480 571 λέγει’
2528 497 2876 568 Ἐπειδήπερ
2905 495 3126 553 πολλοὶ
3153 495 3568 565 ἐπεχείρησαν,
3587 493 3668 545 καὶ
3687 495 3741 547 τὰ

510 620 777 687 Quoniam
803 614 1012 688 quidem
1061 612 1214 666 multi
1245 611 1423 664 conati
1452 618 1577 662 sunt
1622 605 1873 660 ordinare
1915 617 2063 656 narrt

2204 595 2360 666 ἑξῆς*
2412 593 2508 647 καὶ
2548 592 2618 646 τὰ
2658 590 2789 662 περὶ
2832 589 2933 661 τῆς
2961 588 3266 652 Ἐλισάὄετ,
3297 587 3388 640 καὶ
3427 583 3518 638 τοῦ
3548 583 3741 653 ἀγγέλου

511 715 704 766 tionem
726 750 740 774 ,
770 675 875 763 είε.
899 710 939 771 ί,
975 720 1080 760 una
1114 718 1238 759 eum
1266 699 1596 758 Elizabethte
1626 705 1680 752 et
1711 695 1893 766 angeli
1921 692 2064 747 Mari:

2204 683 2690 755 εὐαγγελιζομένου
2737 682 2837 754 τὴν
2876 680 3098 753 Μαρίαν
3130 677 3425 753 Παρθένον,
3442 675 3668 730 Ἰωάννου
3699 692 3745 729 τε

516 800 720 870 Virgini
751 799 1006 852 nuntium
1035 793 1310 849 all‘erentis
1335 791 1596 853 historia,
1619 787 1852 843 Joannis
1881 786 2011 840 item
2040 797 2069 836 a

2207 779 2303 832 καὶ
2331 776 2625 850 Ζαχαρίου,
2650 774 2747 829 καὶ
2771 775 2868 845 τῆς
2905 775 2965 827 ὲν
2997 771 3248 844 Βηθλεὲμ
3273 770 3566 840 γεννήσεως
3589 783 3746 836 γενεα-

510 857 977 958 Z.icliariae.312
989 886 1234 954 adeoque
1251 885 1360 937 nati
1377 883 1519 953 apud
1537 880 1850 936 Bethlehem
1866 875 2058 930 Domin

2207 869 2414 939 λογίας,
2453 869 2548 923 καὶ
2578 867 2680 938 τῆς
2730 865 2824 920 τοῦ
2850 864 3226 936 βαπτίσματος
3250 860 3581 922 ὑποθέσεως·
3611 857 3751 941 ταῦτα

511 995 635 1032 cum
687 939 1318 1048 ejusdem-genealogis,
1343 939 1760 1042 aclbaptis‘mate
1799 985 1814 1023 :
1847 967 1986 1030 hac,
2024 965 2064 1018 it

2209 963 2391 1016 πάντα
2423 961 2725 1033 περικόψας
2758 957 3106 1029 ἀπεπήδησε,
3152 954 3248 1008 καὶ
3293 952 3464 1024 ἀρχὴν
3495 949 3580 1004 τοῦ
3605 939 3751 1018 Εὐαγ-

512 1084 707 1139 quam,
745 1068 932 1122 omnia
975 1061 1384 1120 circumcidens
1436 1077 1501 1115 ac
1564 1059 1922 1120 transiliens,
1983 1053 2065 1108 ind

2209 1053 2390 1124 γελίου
2427 1053 2585 1118 ἔταξε
2621 1050 2823 1122 ταύτην
2843 1066 2856 1078 ·
2903 1050 3000 1102 Ἐν
3035 1046 3116 1111 τῷ
3142 1041 3633 1105 πεντεκαιδεκάτῳ
3662 1040 3754 1094 ἔτει

512 1126 865 1232 ἑνεηεειὶιιῐη
903 1157 1206 1221 exorditur,
1247 1156 1399 1209 Anno
1432 1170 1500 1208 xv
1533 1151 1732 1208 Tiberii
1789 1147 2020 1205 Caesaris
2050 1148 2065 1178 ¹

2217 1146 2476 1215 Τιϐερίου
2499 1144 2825 1212 Καίσαρος,
2848 1140 2944 1194 καὶ
2966 1138 3036 1192 τὰ
3057 1137 3206 1207 ἑξῆς.
3224 1133 3500 1188 Ἐντεῦθεν
3523 1128 3610 1184 οὖν
3630 1126 3753 1194 οὗτος

512 1261 624 1310 ειε.
664 1219 788 1307 lloc
843 1251 1014 1322 igitur
1065 1219 1218 1304 illius
1259 1248 1479 1302 initium
1524 1253 1630 1300 est.
1685 1242 1873 1312 Neque
1928 1250 2065 1295 tame

2213 1236 2466 1307 ἄρχεται,
2505 1233 2600 1286 καὶ
2630 1231 2691 1284 οὐ
2723 1231 2844 1284 καθ’
2874 1227 3066 1300 εἱρμὸν
3101 1226 3261 1280 πάλιν
3290 1221 3553 1293 ἐπιμένει,
3574 1219 3690 1273 ἀλλὰ
3705 1219 3757 1271 τὰ

431 1345 449 1356 “
513 1350 712 1399 caetera
735 1311 931 1396 ordine
955 1339 1221 1410 pertexit;
1245 1353 1436 1393 verum
1463 1333 1737 1407 quaedam,
1764 1311 1824 1388 ut
1850 1331 1984 1386 dixit

2217 1329 2338 1398 μὲν,
2370 1326 2446 1390 ὡς
2490 1327 2775 1396 προεῖπον,
2824 1319 3189 1392 παρακόπτει,
3219 1315 3289 1370 τὰ
3337 1314 3396 1368 δὲ
3445 1311 3752 1384 προστίθησιν

517 1442 804 1507 amputat,
839 1400 992 1489 addit
1036 1400 1423 1504 alia,,'susque
1467 1400 1681 1501 deque,
1733 1427 1881 1499 quod
1923 1426 2070 1480 aiunt

2215 1417 2328 1472 ἄνω
2363 1417 2533 1480 κάτω,
2564 1415 2666 1468 οὐκ
2696 1411 2871 1485 ὀρθῶς
2899 1408 3152 1481 βαδίζων,
3185 1404 3324 1460 ἀλλὰ
3347 1400 3761 1478 ἐρρᾳδιουργημέ-

516 1526 704 1580 omnia
740 1525 1074 1593 perturbans
1098 1564 1112 1588 ,
1147 1539 1248 1578 nec
1290 1529 1440 1576 recta
1489 1520 1779 1593 gradiens,
1815 1517 1910 1574 sed
1949 1515 2069 1571 mali

1815 1517 1910 1574 sed
1949 1515 2110 1571 mali-
2218 1526 2326 1572 νως
2360 1509 2538 1562 πάντα
2570 1503 2990 1578 περινοστεύων.
3024 1501 3135 1556 Kal.
3165 1499 3344 1553 ἐστιν·

518 1619 660 1672 tiose
695 1617 803 1671 huc
835 1617 1076 1687 illucque
1106 1615 1408 1671 cursitans.
1448 1615 1524 1667 Ea
1563 1625 1730 1681 porro
1763 1617 2113 1679 sequuntur:

592 1710 645 1762 1.
671 1707 865 1763 Abiens
908 1669 1121 1761 ostende
1160 1715 1210 1760 te
1253 1669 1619 1766 sacerdoti,et
1648 1701 1781 1770 o/fer
1815 1669 1910 1765 pro
1937 1697 2120 1764 expia-

2291 1689 2362 1738 a'.
2388 1682 2451 1737 Ἀ
2459 1680 2699 1737 πελθὼν
2716 1678 2920 1743 δεῖξον
2939 1675 3203 1732 σεαυτὸν
3221 1672 3303 1740 τῷ
3322 1671 3484 1743 ἱερεῖ,
3505 1669 3595 1724 καὶ
3615 1682 3762 1739 προσ-

523 1801 662 1853 tione
703 1811 826 1867 tua,
866 1801 1002 1854 sicut
1034 1797 1278 1867 praecepit
1310 1793 1545 1864 Moyses,
1583 1803 1640 1846 ut
1676 1792 1745 1846 sit
1768 1791 1862 1844 hoc
1884 1763 2076 1844 testinu

2222 1776 2428 1847 ἐνεγκε
2472 1773 2606 1842 περὶ
2657 1771 2765 1825 τοῦ
2805 1767 3177 1839 καθαρισμοῦ
3223 1782 3365 1831 σου,
3397 1763 3583 1830 καθὼς
3614 1777 3763 1832 προσ-

519 1891 670 1944 nium
712 1891 890 1955 vobis,
921 1853 1117 1958 pro-eo
1149 1853 1297 1957 quod
1350 1900 1384 1940 a
1406 1853 1721 1940 “Salvatore
1759 1883 1972 1938 dictum
2003 1889 2072 1936 εει

2219 1867 2396 1932 έταξε
2432 1864 2716 1933 Μωῦσῆς.
2747 1864 2850 1917 ἵνα
2870 1857 2913 1934 ᾖ
2931 1861 3260 1931 μαρτύρισν
3286 1856 3465 1913 τοῦτο
3488 1855 3637 1926 ὑμῖν.
3654 1853 3763 1906 ’Avﬂ‘

522 1985 579 2037 in
614 1983 971 2037 testimonium
995 1982 1124 2050 ipsis
1154 1981 1196 2036 ³.

2225 1953 2287 2014 οὗ
2315 1955 2466 2012 εἶπεν
2494 1960 2523 2012 ὁ
2550 1956 2764 2027 Σωτὴρ,
2790 1957 2876 2020 είς
2902 1953 3235 2023 μαρτύριον
3267 1949 3494 2016 αὐτοῖς.

999 2033 1218 2134 sciatis,
1250 2070 1375 2140 quia
1407 2073 1722 2138 potestatem
1749 2062 1902 2118 habet
1942 2061 2121 2116 Filius

2295 2047 2364 2118 β’.
2385 2047 2540 2102 -Ἵνα
2567 2045 2636 2099 δὲ
2672 2043 2891 2113 εἰδῆτε,
2911 2042 3000 2096 ὅτι
3021 2041 3314 2106 ἐξουσίαν
3335 2038 3464 2107 ἔχει
3491 2039 3523 2091 ό
3551 2035 3670 2100 Υἱός
3688 2033 3767 2088 τοῦ

525 2165 752 2219 hominis
777 2162 1084 2217 dimittendi
1113 2171 1332 2232 peccata
1353 2163 1406 2214 in
1441 2169 1583 2213 terra
1607 2157 1651 2210 ⁸⁵.

2224 2137 2540 2209 ἀνθρώπου
2573 2137 2814 2207 ἀφιέναι
2841 2134 3129 2205 ἁμαρτίας
3151 2132 3250 2186 ἐπὶ
3281 2132 3395 2200 τῆς
3422 2130 3550 2202 τῆς.

597 2258 654 2312 5.
681 2257 945 2311 Dominus
974 2263 1054 2309 est
1090 2217 1270 2308 ilius
1295 2251 1524 2307 hominis
1553 2250 1716 2304 etiam
1742 2245 2022 2313 Sabbati".

2297 2241 2366 2302 γ’.
2407 2232 2633 2300 Κύριός
2664 2229 2834 2284 ἐστιν
2863 2230 2895 2282 ό
2935 2227 3069 2307 Υἱὸς
3097 2225 3206 2280 τοῦ
3235 2222 3550 2292 ἀνθρώπου
3581 2217 3767 2275 καὶτοῦ

2227 2322 2552 2378 Σαόϐἁτου.

597 2437 886 2521 Ldudam
917 2435 1271 2490 Iscariothem
1293 2474 1308 2498 ,
1345 2433 1436 2504 qui
1477 2431 1582 2502 fuit
1627 2429 1894 2502 proditor.
1926 2427 2033 2482 Pro
2061 2440 2127 2482 eo

2298 2416 2360 2469 δ’.
2401 2413 2630 2469 Ἰούδαν
2683 2409 2996 2478 Ἰσκαριὼθ
3017 2450 3034 2476 ,
3089 2407 3164 2474 ὃς
3212 2406 3451 2477 ἐγένετο
3506 2403 3767 2474 προδότης.

2241 2506 2286 2521 ιι
2365 2504 2377 2521 π
2492 2502 2572 2521 ’δέ
2633 2500 2852 2521 ’νυ-ιβ.-
2892 2499 3007 2521 ---_1
3043 2495 3235 2521 ...'.-.".-.
3306 2494 3421 2521 κη-.
3492 2493 3688 2521 πίνη-Δρ..
3726 2491 3767 2521 in:

528 2491 673 2599 quod
707 2540 828 2592 est,
875 2525 1160 2581 Descendit
1196 2491 1316 2578 cum
1339 2491 1501 2592 ipsis;
1533 2491 1698 2577 habet
1737 2518 2023 2574 Descendit
2072 2519 2081 2570 ι

2241 2504 2388 2558 ’Aw‘t
2426 2502 2600 2570 τοῦδε,
2626 2500 2854 2567 Κατέϐη
2877 2499 3007 2568 μετ’
3037 2495 3257 2560 αὐτῶν,
3305 2494 3446 2566 ἔχει,
3485 2493 3688 2560 Κατέϐη
3722 2491 3771 2544 ἐν

529 2594 672 2688 ipsos
696 2618 740 2670 ⁸.

2231 2594 2457 2660 αὐτοῖς.

603 2709 657 2762 5.
693 2707 762 2760 Et
786 2709 956 2761 omnis
985 2706 1141 2759 turba
1173 2704 1439 2774 quaerebat
1479 2719 1599 2758 eum
1630 2711 1844 2771 tangere
1870 2701 1914 2757 ⁷.

2304 2683 2366 2740 ε’.
2409 2684 2519 2739 Kal
2548 2682 2667 2750 πᾶς
2697 2685 2729 2737 ό
2756 2683 2941 2752 ὄχλος
2969 2679 3157 2748 ἐζήτει
3183 2678 3482 2734 ἅπτεσθαι
3512 2673 3694 2730 αὐτοῦ.

604 2797 658 2852 6.
704 2796 773 2850 Et
797 2798 908 2866 ipse
934 2796 1150 2850 elevatis
1201 2795 1378 2852 oculis
1398 2795 1532 2848 suis.
1563 2792 1863 2847 Secundum
1893 2791 2005 2847 [uec
2035 2807 2128 2846 ea-

2307 2783 2382 2841 ς’.
2422 2775 2531 2830 Kal
2564 2773 2748 2839 αὐτὸς
2782 2770 3010 2840 ἐπάρας
3053 2769 3196 2836 τοὺς
3229 2766 3579 2838 ὀφθαλμοὺς
3607 2759 3771 2819 αὐτοῦ.

537 2893 652 2946 dem
681 2886 949 2958 faciebant
977 2886 1245 2956 prophetis
1273 2895 1452 2956 patres
1487 2886 1645 2940 vestri
1669 2883 1714 2938 ⁸.

2238 2868 2396 2925 Κατὰ
2424 2869 2498 2922 τὰ
2529 2864 2684 2920 αὐτὰ
2707 2864 2958 2918 ἐποίουν
2982 2861 3109 2928 τοῖς
3133 2859 3474 2930 προφήταις
3502 2862 3552 2913 ol
3575 2855 3775 2924 πατέρες

2234 2960 2423 3030 ὑμῶν.

607 3072 660 3124 7.
689 3070 821 3124 Dico
847 3079 1024 3124 autem
1050 3081 1072 3124 :
1104 3067 1333 3122 Tantam
1373 3067 1532 3137 ﬁdem
1558 3081 1720 3137 neque
1747 3065 1805 3118 in
1852 3062 2030 3118 Israel
2052 3063 2134 3116 in-

2308 3050 2373 3118 ζ’.
2417 3049 2582 3121 Λέγω
2608 3048 2676 3104 δέ
2697 3063 2712 3079 ·
2750 3046 3059 3114 Τοσαύτην
3093 3043 3303 3099 πίστιν
3332 3041 3481 3098 οὐδὲ
3509 3041 3574 3096 ἑν
3599 3039 3670 3105 τῷ
3692 3038 3773 3092 Ἱσ-

536 3163 654 3219 veni
680 3165 722 3218 ’.
1243 3154 1246 3156 ’

1243 3154 1246 3156 ’
2231 3144 2397 3214 ραὴλ
2423 3139 2624 3212 εὗρον.

605 3258 661 3314 8.
697 3258 1058 3329 Depravatum
1103 3262 1188 3312 est
1218 3255 1288 3310 ab
1315 3269 1381 3310 eo
1416 3253 1652 3310 :Beatus
1690 3252 1782 3323 qui
1827 3267 1930 3306 non
1975 3250 2136 3320 fuerit

2311 3243 2381 3306 η’.
2425 3231 2885 3304 Παρηλλαγμένον
2943 3229 3004 3282 τὸ
3033 3269 3049 3295 ,
3107 3225 3414 3295 Μακάριος
3471 3223 3538 3291 ὃς
3582 3221 3676 3275 ἐὰν
3714 3215 3774 3287 μὴ

538 3349 943 3404 scandalizatus
992 3350 1050 3402 in
1080 3365 1160 3402 me
1191 3349 1258 3400 ιθ.

1704 3321 1711 3323 ﬁ
2239 3323 2668 3394 σκανδαλισθῇ
2705 3323 2775 3376 ἐν
2803 3321 2957 3391 ἐμοί.

610 3439 666 3494 9.
695 3438 832 3492 Nam
851 3439 921 3493 ad
949 3396 1218 3493 Joannem
1242 3396 1348 3493 ista
1382 3436 1661 3492 referebat
1687 3451 1700 3487 :
1731 3435 1833 3490 Hic
1849 3434 2008 3490 estde
2037 3450 2138 3504 quo

2312 3417 2377 3471 θ’.
2418 3411 2546 3486 Εἶχε
2580 3413 2691 3484 γὰρ
2715 3412 2790 3476 ὡς
2814 3410 2951 3482 πρὸς
2979 3409 3235 3480 Ἰωάννην
3255 3425 3270 3438 ·
3300 3407 3499 3473 Αὐτός
3529 3406 3647 3458 ἐστι
3681 3396 3776 3467 περ)

542 3531 798 3598 scriptum
819 3537 936 3581 est:
965 3527 1101 3582 Ecce
1120 3545 1214 3598 ego
1240 3529 1391 3581 mitto
1421 3529 1667 3598 angelum
1701 3543 1875 3580 meum
1908 3534 2030 3579 ante
2049 3495 2095 3594 If:

2240 3505 2315 3566 οὗ
2346 3508 2696 3580 γέγραπται·
2726 3503 2884 3558 Ἰδοὺ
2916 3500 3030 3572 ἐγὼ
3061 3499 3423 3555 ἀποστέλλω
3448 3495 3775 3566 ceram-9.167

543 3620 674 3672 ciem
708 3627 855 3671 tuam
877 3617 944 3671 “.

1494 3594 1512 3598 -
2236 3619 2356 3673 μου
2387 3599 2500 3668 πρὸ
2526 3594 2853 3667 προσώπου
2881 3610 3018 3650 σου.

616 3709 703 3764 10.
744 3707 815 3762 Et
855 3706 1123 3779 ingressus
1169 3708 1228 3762 in
1279 3708 1496 3762 domum
1540 3706 1809 3762 Phariswi
1849 3705 2138 3760 discubuit.

2318 3701 2369 3748 ι’.
2409 3693 2517 3747 Kal
2549 3689 2844 3748 εἰσελθὼν
2895 3690 2981 3756 εἰς
3030 3685 3138 3740 τὸν
3171 3681 3342 3740 οἶκον
3376 3683 3483 3739 τοῦ
3511 3677 3778 3749 Φαρισαίου

546 3795 744 3852 Mulier
786 3815 905 3854 vero
939 3811 1089 3852 stans
1133 3806 1273 3852 retro
1294 3838 1309 3864 ,
1342 3798 1612 3867 peccatrix
1656 3813 1806 3852 secus
1834 3796 1988 3866 pedes
2009 3835 2025 3862 ,
2059 3796 2099 3850 ίι

2243 3784 2669 3853 κατεκλίθη.Ἡ
2715 3781 2784 3836 δὲ
2820 3779 2998 3851 γυνὴ,
3029 3778 3240 3856 στᾶσα
3267 3777 3466 3831 ὀπίσω
3504 3777 3542 3843 ἠ
3569 3774 3778 3867 ἀμαρτω-

545 3891 740 3960 crymis
772 3889 927 3959 pedes
951 3889 1161 3960 rigavit,
1193 3899 1242 3944 et
1276 3892 1451 3955 unxit,
1483 3899 1534 3944 et
1560 3890 1803 3944 osculata
1834 3857 1917 3946 est
1937 3857 2022 3944 “.-

2241 3880 2351 3945 λὸς
2377 3877 2538 3945 παρὰ
2567 3875 2711 3941 τοὺς
2737 3873 2950 3938 πόδας,
2986 3869 3192 3939 ἔϐρεξε
3234 3867 3362 3934 τοῖς
3400 3866 3646 3935 δάκρυσι
3675 3857 3778 3920 τοὺς

2245 3969 2454 4037 πόδας,
2487 3968 2585 4022 καὶ
2612 3965 2852 4036 ἧλειψε,
2889 3964 2988 4018 καὶ
3020 3962 3344 4031 κατεφίλει.

621 4063 709 4117 11.
743 4062 808 4117 Ει
839 4079 1070 4120 rursus:
1095 4063 1224 4119 Ilwc
1255 4063 1506 4135 lacrgmis
1539 4064 1732 4137 rigavit
1756 4063 1922 4135 'pedes
1961 4079 2100 4119 meos
2123 4103 2140 4132 ,

2321 4069 2410 4115 ια’.
2452 4061 2566 4114 Καὶ
2598 4059 2760 4114 πάλιν
2781 4073 2794 4087 ·
2830 4057 2992 4124 Αὕτη
3017 4055 3142 4121 τοῖς
3167 4052 3468 4121 δάκρυσιν
3493 4045 3678 4118 ἕϐρεεέ
3692 4057 3777 4114 μου

548 4162 598 4207 et
626 4153 802 4219 unxit,
831 4161 882 4206 et
919 4153 1164 4206 osculata
1202 4162 1280 4208 est
1308 4153 1374 4206 ¹³.

2243 4150 2387 4217 τοὺς
2409 4147 2620 4214 πόδας,
2650 4147 2750 4200 καὶ
2782 4144 3022 4214 ἧλει-ψε,
3053 4143 3154 4197 καὶ
3197 4139 3528 4209 κατεφίλει.

623 4243 711 4298 12.
765 4216 885 4297 Non
946 4244 1108 4298 habet
1161 4244 1267 4299 ista
1309 4261 1324 4298 :
1365 4241 1542 4296 Mater
1593 4243 1800 4317 ipsius,
1847 4251 1898 4298 et
1944 4241 2141 4312 fratres

2320 4242 2406 4313 ιβ’·
2445 4239 2559 4294 Οὐκ
2582 4233 2756 4309 εἶχεν·
2803 4236 2876 4290 Ἥ
2906 4235 3100 4302 μήτηρ
3132 4231 3318 4286 αὐτοῦ
3351 4230 3453 4284 καὶ
3489 4230 3543 4282 οὶ
3579 4216 3775 4317 ἀδελφοί

553 4335 750 4404 ipsius;
778 4335 875 4391 sed
908 4335 1012 4390 hoc
1039 4334 1216 4391 solum
1250 4353 1265 4390 :
1296 4333 1473 4389 Mater
1512 4309 1620 4389 tua
1650 4344 1700 4389 et
1731 4311 1926 4405 fratres
1944 4309 2038 4390 *ιιιὶ
2073 4334 2106 4367 ¹¹

2243 4309 2453 4398 αὐτοῦ,
2481 4331 2618 4385 ἀλλὰ
2649 4328 2839 4402 μόνον’
2888 4327 2951 4382 Ἠ
2981 4324 3182 4397 μήτηρ
3219 4337 3335 4378 σου
3367 4321 3468 4377 καὶ
3499 4323 3556 4374 οἱ
3580 4309 3778 4382 ἀδελφοί

626 4518 715 4573 15.
749 4518 1137 4590 Narigantibus
1172 4519 1302 4589 ipsis
1333 4517 1670 4573 obdormivit.
1702 4517 1771 4571 At
1800 4516 1894 4572 ille
1921 4531 2139 4586 surgens
2171 4582 2179 4590 η

2245 4439 2408 4478 σου.-

2317 4521 2408 4585 ιγ’.
2451 4513 2770 4590 Πλεόντων
2813 4507 3016 4564 αὐτῶν
3053 4507 3444 4577 ἀφύπνωσεν.
3471 4505 3524 4557 '0
3556 4501 3619 4555 δὲ
3656 4497 3776 4564 ἐτερ⁴

554 4611 840 4680 increpavit
871 4622 1079 4665 ventum
1102 4621 1152 4665 et
1185 4627 1331 4665 mare
1357 4612 1426 4665 ⁸⁸.

2171 4582 2217 4639 D
2243 4582 2368 4674 θείς
2399 4589 2832 4672 ἐπετίμησέτῷ
2863 4599 3061 4668 ἀνέμῳ
3094 4599 3194 4652 καὶ
3227 4596 3305 4666 τῇ
3330 4594 3605 4661 θαλάσσῃ

625 4700 788 4770 313
824 4702 909 4755 14.
942 4700 1013 4754 Ει
1039 4702 1256 4771 contigit
1284 4700 1411 4754 dum
1456 4701 1578 4766 iret,
1622 4710 1743 4755 uta
1779 4699 1947 4755 turbis
1990 4715 2138 4754 com-

2317 4694 2377 4751 ιδ’
2383 4738 2395 4751 ,
2455 4694 2720 4765 Ἐγένετο
2780 4690 2849 4745 δὲ
2895 4691 2968 4744 ἐν
3021 4689 3101 4756 τῷ
3142 4689 3399 4759 ὑπάγειν
3444 4683 3622 4740 αὑτὸν
3665 4690 3776 4771 σ’ιηῖ

557 4793 893 4861 primeretur.
930 4790 999 4845 Et
1032 4792 1224 4846 mulier
1264 4809 1385 4846 cum
1429 4794 1684 4864 tetigisset
1717 4795 1911 4863 ipsum,
1945 4801 2110 4845 sanati

2240 4789 2490 4858 ἐπνιγον
2512 4761 2702 4840 αὐτὸν
2725 4787 2778 4838 ol
2800 4782 2832 4835 6
2835 4785 2991 4850 χλοι.
3020 4781 3130 4834 Kal
3161 4779 3316 4850 γυνὴ
3343 4776 3613 4847 ἁψαμένη
3636 4761 3775 4824 αὑτοῦ

558 4893 638 4936 est
683 4900 715 4936 a
756 4884 908 4954 ﬂuxu
954 4884 1250 4954 sanguinis.
1294 4883 1365 4939 Et
1413 4886 1488 4938 ait
1530 4863 1792 4940 Dominus
1821 4901 1840 4940 :
1877 4883 2011 4949 Quis
2058 4901 2107 4938 m

2243 4881 2378 4948 ίάθη
2414 4878 2524 4932 τοῦ
2574 4878 2843 4947 αἵματος.
2875 4873 2987 4927 Kal
3015 4868 3187 4926 εἶπεν
3227 4874 3260 4925 ό
3307 4871 3547 4938 Κύριος·
3581 4863 3664 4954 Τίς

558 4944 768 5045 ιειὶῃίιέ
805 4976 883 5030 Αε
926 4944 1145 5030 rursum
1185 4995 1199 5031 :
1249 4975 1441 5048 Tetigit
1485 4994 1567 5033 me
1607 4977 1826 5048 aliquis.
1868 4944 2013 5030 Nam
2043 4992 2111 5045 egi

2241 4944 2484 5040 ἣψατο;
2528 4944 2647 5022 καὶ*
2671 4965 2832 5021 πάλιν
2853 4977 2868 4992 ⁶
2924 4962 3154 5031 Ἥψατό
3211 4961 3330 5030 μού
3380 4974 3505 5024 sic;
3557 4953 3653 5009 Kal
3697 4944 3774 5017 γὰρ

557 5068 678 5120 novi
704 5067 946 5119 virtutem
975 5067 1041 5120 de
1073 5083 1154 5120 me
1185 5047 1460 5122 exisse".
1701 5047 1707 5048 ⁷

2247 5062 2438 5130 ἔγνων
2465 5058 2722 5126 δύναμιν
2744 5052 3119 5118 ἐξελθοῦσαν
3145 5051 3247 5105 ἀπ’
3274 5047 3439 5118 ἐμοῦ.

629 5160 716 5214 15.
752 5159 1054 5229 Suspiciens
1085 5159 1140 5213 in
1170 5160 1358 5214 caelum
1391 5159 1723 5214 benedicebat
1753 5159 1885 5227 ipsis
1921 5158 1988 5212 ".
2088 5156 2095 5163 ’

2321 5156 2401 5203 ιε’.
2455 5146 2833 5215 Ἀναϐλέψας
2880 5147 2970 5209 εἰς
3023 5143 3130 5197 τὸν
3172 5140 3436 5210 οὐρανὸν
3489 5135 3772 5202 εὐλόγησεν

2247 5242 2340 5296 ἐπ’
2373 5241 2614 5306 αὐτούς.

631 5341 718 5396 16.
754 5344 942 5397 Diceris
971 5359 989 5398 :
1022 5341 1238 5411 Oportet
1281 5338 1484 5396 Filium
1521 5339 1751 5396 hominis
1798 5341 1968 5394 multa
2002 5337 2136 5406 pati,

2321 5338 2417 5396 ις’.
2445 5304 2666 5401 Λέγὼνο
2694 5327 2795 5382 Δεῖ
2823 5326 2928 5381 τὸν
2964 5321 3103 5379 nor
3142 5323 3250 5378 τοῦ
3283 5320 3588 5392 ἀνθρώπου
3617 5304 3771 5411 πολ.ιά

559 5443 609 5487 et
644 5434 830 5499 occidi,
865 5444 913 5489 et
947 5445 1065 5506 post
1099 5445 1202 5490 tres
1225 5435 1336 5490 dies
1367 5450 1636 5504 resurgere
1665 5434 1734 5488 ιθ.

2248 5422 2482 5486 παθεῖν,
2528 5396 2627 5474 καὶ
2659 5418 3142 5489 ἀποκτανθῆναι,
3175 5417 3274 5472 καὶ
3310 5413 3459 5486 μετὰ
3497 5407 3638 5479 τρεῖς
3662 5396 3767 5470 ἠμέ-

2240 5529 2351 5582 ρας
2386 5512 2700 5583 ἐγερθῆναι
2711 5552 2724 5567 .

639 5671 657 5702 ¹
689 5669 804 5726 Luc
852 5689 892 5736 ι,
931 5675 982 5727 1.
1057 5679 1078 5709 ²
1113 5676 1246 5732 Luc.
1277 5692 1360 5739 ut,
1405 5677 1459 5731 1.
1536 5678 1555 5708 ³
1578 5673 1715 5729 Luc.
1747 5692 1800 5735 ν,
1836 5674 1927 5730 ﬂ.
2003 5675 2024 5706 ‘
2056 5674 2188 5731 ibid.

2222 5677 2314 5733 εδ.
2391 5678 2576 5733 ειυς.
2606 5693 2680 5738 vt,
2712 5677 2766 5732 5.
2861 5673 3174 5730 'ibid.lG.
3247 5651 3750 5739 7illid.19._”8_ibj‘j

571 5719 1715 5837 ,ἓροξῖὲὶεῖζξιιτιέῗῖἶδῖῖβὲῖιἓδῖξξῖί
1748 5719 2124 5837 iiii-37.3"

2208 5719 2314 5805 aid":
2341 5719 2838 5804 εε.”“ῖῖἰὶ›ἰίιῗὶι.
2914 5719 3430 5808 ίῖ’ἰὶιὲ.”νιιι,ἐέ)ἶ’
3463 5719 3667 5788 Vibia.
3697 5724 3761 5780 Si.

638 5806 769 5863 Luc.
809 5826 926 5876 vui,
953 5806 1143 5870 41--16,
1222 5817 1264 5849 ’⁷
1299 5815 1434 5871 Luc.
1476 5831 1550 5883 ιχ,
1588 5814 1678 5870 16.
1755 5815 1801 5848 ¹⁸
1831 5814 1963 5871 ibid.
1995 5814 2086 5871 22.
3125 5845 3161 5870 η
