3934 6416
217 336 328 393 ’715

906 334 1227 393 ADVERSU
1240 335 1276 390 S
1316 328 1659 392 "ZERESES
1696 337 1809 392 LIB

1949 336 2089 394 ΤΟΜ
2130 334 2294 392 ll|.—-
2315 333 2591 390 HAERES.
2634 333 2795 389 XLII.

3398 331 3509 390 71-3

294 455 382 519 ις’.
432 455 541 510 Καὶ
593 456 723 509 ἰδοὺ
766 456 875 511 δύο
940 456 1158 525 ἄνδρες
1204 458 1594 512 συνελάλουν
1627 457 1809 524 αὐτῷ,

1989 459 2077 512 17.
2112 457 2178 512 Et
2206 475 2319 513 ecce
2345 458 2451 511 duo
2478 458 2577 512 viri
2611 457 2963 528 loquebantur
2990 473 3108 510 cum
3142 472 3204 510 eo
3223 494 3239 521 ,
3274 454 3425 510 Elius
3454 466 3504 511 et

234 530 446 613 Ἠλίας
472 548 569 601 καί
606 548 869 616 Μωυσῆς
894 548 965 602 ἐν
984 548 1159 617 δόξῃ.

297 644 388 708 ιη’.
422 638 522 691 Ἐκ
550 636 658 705 τῆς
685 639 950 708 νεφέλης
975 639 1166 710 φωνψ
1193 636 1384 706 Οὗτός
1413 643 1585 694 ἐστιν
1613 643 1646 695 ό
1682 642 1813 706 Υἰός

211 747 341 798 μου
370 732 403 783 ό
431 731 761 800 ἀγαπητός.
844 790 852 796 ,

297 823 383 875 ιϐ’.
432 822 722 893 Ἐδεήθην
752 822 872 877 τῶν
900 823 1189 893 μαθητῶν
1216 841 1355 879 σου.
1402 820 1532 896 Εἶχε
1575 825 1633 879 δὲ
1665 824 1814 897 παρὰ

216 916 317 982 τὸ,
360 919 482 972 Οὐκ
531 917 933 987 ἠδυνήθησαν
983 920 1261 974 ἐκϐαλεῖν
1308 922 1476 975 αὐτό.
1515 921 1623 975 Καὶ
1656 921 1807 989 πρὸς

215 1010 469 1075 αὐτούς’
504 1005 580 1062 Ὦ
610 1008 787 1078 γενεὰ
815 1009 1070 1077 ἄπιστος
1084 1010 1104 1064 .'
1130 1010 1239 1077 ἕως
1263 1011 1548 1082 ἀνέξομαι
1582 1010 1782 1082 ὐμῶν;

292 1198 364 1244 κ’.
407 1191 462 1244 '0
496 1190 607 1259 γὰρ
652 1191 784 1258 Υἰὸς
818 1191 924 1246 τοῦ
974 1190 1290 1258 ἀνθρώπου
1325 1190 1537 1259 μέλλει
1567 1188 1816 1258 παραδί-

212 1284 435 1338 δοσθαι
467 1285 553 1350 εἰς
588 1283 791 1353 χεῖρας
820 1283 1164 1351 ἀνθρώπων.

292 1376 402 1431 καῖ,
452 1375 607 1430 Οὐδὲ
653 1377 829 1431 τοῦτο
876 1377 1196 1446 ἀνέγνωτε,
1229 1378 1287 1430 τί
1325 1377 1580 1444 ἐποίησε
1612 1375 1809 1430 Δαϐίδ-

217 1464 532 1534 Εἰσῆλθεν
561 1467 650 1533 εἰς
679 1467 787 1519 τὸν
817 1462 986 1520 οἷκον
1009 1467 1113 1521 τοῦ
1145 1468 1311 1521 Θεοῦ.

289 1555 398 1626 κβ’.
432 1554 787 1626 Εὑχαριστῶ
819 1575 952 1624 σοι,
1004 1556 1185 1626 Κύριε
1224 1560 1333 1613 τοῦ
1373 1560 1655 1628 οὐρανοῦ.
1700 1560 1814 1613 Οὐκ

210 1643 335 1719 εἶχε
368 1648 423 1701 δὲ
443 1689 458 1714 ,
505 1649 603 1703 καί
647 1648 757 1718 τῆς
790 1649 921 1720 γῆς.
954 1650 1090 1704 Οὔτε
1111 1695 1125 1717 ,
1157 1651 1380 1722 Πάτερ,
1416 1649 1579 1724 εἶχεν.
1631 1653 1815 1722 Ἐλέγ-

213 1760 378 1812 χεται
408 1742 495 1795 δέ’
528 1742 682 1798 κάτω
704 1744 813 1816 γὰρ
840 1742 1006 1816 εἶχεν,
1041 1746 1151 1799 Ναὶ
1178 1747 1211 1799 ὁ
1238 1745 1463 1816 Πατήρ.

1918 550 2127 620 Moyses
2162 552 2413 620 ingloria
2449 552 2487 603 ¹.

1994 643 2075 699 t8.
2113 642 2158 695 Ε
2188 645 2321 697 nube
2353 659 2452 698 vos:
2480 659 2497 697 :
2528 644 2630 697 llic
2651 652 2727 697 est
2762 641 2940 696 Filius
2971 657 3114 696 meus
3140 640 3363 695 dilectus
3386 644 3429 696 ².

1992 829 2083 884 ~19.
2115 828 2313 899 Rogavi
2356 828 2648 897 discipulos
2694 836 2832 881 tuos.
2884 823 3041 892 Quod
3078 824 3133 878 in
3181 823 3369 878 codice
3404 837 3506 877 suo

1918 921 2173 985 habebat,
2208 929 2604 990 prtett-rqunm:
2640 917 2762 972 Non
2787 926 3068 986 potuerunt
3094 916 3281 985 ejicere
3306 916 3500 984 ipsum.

1923 1010 1989 1064 Et
2034 1008 2109 1065 ait
2157 1011 2226 1065 ad
2271 1013 2414 1081 ipsos
2454 1028 2472 1065 :
2516 1010 2561 1066 0
2598 1010 2868 1079 generatio
2912 1007 3224 1063 incredula!
3265 1003 3503 1076 quandiu

1917 1120 2005 1158 ros
2040 1104 2308 1159 sustinebo
2332 1105 2352 1135 ³
2383 1106 2408 1157 ?
2790 1163 2803 1174 ,

1986 1194 2077 1248 '20.
2121 1194 2298 1248 Filius
2338 1195 2477 1247 enim
2516 1193 2746 1246 hominis
2788 1189 3081 1244 tradendus
3119 1198 3195 1244 est
3232 1189 3284 1243 in
3315 1203 3504 1241 manus

1915 1287 2188 1341 hominum
2213 1288 2253 1339 ⁸.

1986 1380 2078 1434 2|.
2114 1379 2294 1451 Neque
2339 1379 2435 1433 Itoc
2480 1378 2707 1448 legistis,
2752 1376 2879 1448 quid
2924 1375 3105 1445 fecerit
3156 1373 3371 1428 Dazid:
3411 1372 3506 1426 In-

1916 1487 2126 1540 gressus
2151 1480 2230 1524 est
2260 1471 2311 1523 in
2339 1469 2554 1523 domum
2591 1468 2685 1522 Dei
2714 1470 2756 1521 ⁸.

1986 1564 2077 1618 22.
2110 1562 2326 1617 Gratias
2359 1579 2458 1632 ago
2492 1561 2606 1623 tibi,
2638 1561 2859 1615 Domine
2892 1561 3046 1623 coeli;
3077 1558 3291 1623 deerat,
3316 1567 3365 1611 et
3399 1569 3505 1611 ter-

1917 1673 2029 1720 ra';
2064 1657 2156 1711 sed
2193 1663 2247 1710 et
2279 1671 2404 1722 vox,
2439 1653 2625 1716 Pater,
2667 1653 2873 1708 aberat.
2905 1650 3011 1706 Sed
3038 1667 3103 1705 ex
3132 1666 3199 1704 eo
3230 1649 3508 1720 redargui-

1917 1758 2028 1812 tnr,
2060 1746 2205 1817 quod
2233 1746 2396 1817 paulo
2424 1753 2546 1815 post
2573 1745 2793 1806 habeat,
2832 1744 3008 1797 la‘tiam
3042 1741 3208 1796 Pater
3229 1745 3269 1794 °.

291 1841 397 1903 κγ’.
454 1829 590 1888 Eine
624 1836 703 1907 τῷ
744 1837 990 1909 νομικῷ’
1042 1840 1145 1892 Ἐν
1187 1837 1269 1903 τῷ
1313 1839 1477 1909 νόμῳ
1507 1840 1565 1894 τί
1602 1839 1809 1911 γέγρα-

1985 1816 2090 1893 25.
2113 1816 2256 1892 Dixit
2300 1837 2617 1908 legispcrito
2650 1857 2661 1890 :
2699 1835 2764 1889 In
2803 1835 2913 1907 lege
2947 1835 3074 1906 quid
3102 1835 3359 1903 scriptum
3389 1835 3507 1888 est?

211 1940 399 1990 πται;
427 1927 536 1981 Καὶ
566 1928 931 1997 ἀποκριθείς.
964 1928 1121 1984 Μετὰ
1139 1929 1238 2000 τὴν
1270 1931 1564 2003 ἀπόκρισιν
1594 1931 1690 1985 τοῦ
1724 1948 1811 1985 νο-

216 2017 385 2085 μικοῦ
421 2013 573 2071 εἶπεν
592 2036 603 2048 ·
646 2017 855 2087 Ὀρθῶς
880 2016 1064 2086 εἶπες.
1099 2020 1280 2075 Τοῦτο
1308 2023 1485 2084 ποίει,
1514 2021 1613 2074 καὶ
1636 2020 1811 2090 ζήσῃ.

290 2108 387 2162 κδ’.
425 2110 537 2164 Καὶ
562 2107 683 2164 εἷπε
705 2129 719 2143 ·
760 2112 855 2179 Τίς
886 2112 957 2177 ἑξ
990 2112 1158 2182 ὑμῶν
1187 2113 1308 2178 ἔξει
1339 2114 1544 2183 φίλον,
1573 2115 1670 2169 καί
1705 2131 1816 2169 πο-

209 2201 500 2269 ρεύσεται
552 2204 704 2271 πρὸς
751 2205 941 2258 αὐτὸν
975 2207 1417 2275 μεσονυκτίου,
1453 2207 1635 2260 αἰτῶν
1659 2208 1817 2275 τρεῖς

212 2292 479 2360 ἄρτους
508 2294 603 2347 καὶ
625 2294 812 2347 λοιπόν
833 2310 847 2325 ·
884 2294 1130 2359 Αἰτεῖτε,
1160 2295 1262 2349 καὶ
1297 2294 1639 2363 δοθήσεται.
1679 2298 1818 2352 Τίνα

217 2388 333 2454 γὰρ
362 2386 432 2449 ἐξ
462 2385 633 2456 ὑμῶν
663 2386 772 2440 τὸν
809 2387 1033 2457 πατέρα
1067 2388 1197 2455 υἰός
1224 2387 1457 2455 αἰτήσει
1489 2388 1682 2457 ἰχθὺν,
1717 2389 1816 2443 καί

217 2476 359 2529 ἀντί
410 2479 617 2546 ἰχθύος
665 2477 806 2547 ὅφιν
848 2479 1129 2533 ἐπιδώσει
1174 2478 1371 2544 aucti);
1424 2479 1464 2548 ἣ
1514 2480 1651 2535 ἀντὶ
1695 2480 1817 2536 ὠοῦ

212 2574 557 2635 σκορπίονς
588 2573 661 2625 Εἰ
707 2567 822 2626 οὖν
852 2571 1042 2642 ὑμεῖς,
1085 2573 1335 2641 πονηροὶ
1372 2573 1575 2641 ὄντες,
1614 2573 1816 2629 οἰδατε

213 2658 452 2728 δόματα
474 2662 687 2731 ἀγαθὰ,
719 2664 891 2731 πόσῳ
914 2661 1159 2733 μᾶλλον
1185 2668 1219 2719 ὀ
1252 2664 1453 2733 Πατήρ
1476 2681 1496 2729 ;

292 2759 393 2805 κε’.
428 2754 829 2825 Περικέκοπται
875 2756 938 2809 τὸ
989 2758 1118 2828 περὶ
1175 2758 1332 2811 Ἰωνᾶ
1377 2756 1470 2812 τοῦ
1508 2756 1810 2828 προφήτου.

216 2841 354 2913 Εἶχε
389 2845 533 2916 γάρ’
572 2846 635 2899 Ἡ
675 2847 850 2917 γενεὰ
876 2847 1031 2915 αὕτη
1053 2887 1067 2907 ,
1101 2846 1356 2916 σημεῖον
1396 2850 1469 2901 οὺ
1493 2845 1815 2914 δοθήσεται

213 2933 398 3004 αὐτῇ.
434 2936 549 2989 Οὐκ
583 2934 697 3008 εἶχε
730 2937 793 3009 δὴ
838 2937 967 3009 περὶ
1001 2938 1201 3007 Νινευῆ
1250 2938 1346 2991 καὶ
1382 2936 1699 3009 βασιλίσσης
1729 2938 1814 2992 νό-

213 3042 338 3087 του,
372 3026 465 3078 καὶ
493 3026 629 3080 Σαλο
637 3026 835 3097 μῶνος.

291 3126 405 3182 κς’.
465 3117 611 3173 Ἀντὶ
660 3119 752 3174 τοῦ
777 3161 791 3181 ,
846 3124 1227 3191 Παρέρχεσθε
1277 3122 1395 3192 τὴν
1447 3121 1652 3192 κρίσιν
1704 3123 1814 3181 τοῦ

215 3210 395 3274 Θεοῦ,
428 3207 560 3282 εἶχε,
595 3212 974 3283 Παρέρχεσθε
1003 3215 1120 3282 τὴν
1152 3214 1378 3284 κλῆσιν
1405 3215 1513 3269 τοῦ
1543 3215 1711 3269 Θεοῦ.

291 3303 397 3368 κζ’.
433 3305 576 3358 Οὐαὶ
606 3306 768 3375 ὑμῖν,
796 3308 882 3361 ὅτι
909 3308 1271 3379 οἰκοδομεῖτε
1296 3310 1369 3363 τὰ
1388 3310 1671 3379 μνήματα
1694 3307 1815 3362 τῶν

216 3395 569 3464 προφητῶν,
607 3398 705 3452 καί
739 3402 793 3451 οἰ
824 3399 1076 3469 πατέρες
1115 3399 1284 3471 ὑμῶν
1313 3400 1674 3455 ἀπέκτειναν
1706 3402 1814 3455 αὐ-

213 3490 383 3555 τοὺς.

291 3590 400 3653 κη’.
447 3585 561 3638 Οὐκ
611 3581 747 3656 εἶχε·
798 3590 902 3639 Διὰ
956 3588 1132 3639 τοῦτο
1177 3582 1348 3639 εἶπεν
1394 3590 1432 3654 ἡ
1485 3589 1675 3657 Σοφία
1707 3584 1815 3639 τοῦ

214 3676 398 3739 Θεοῦ,
428 3676 776 3733 Ἀποστελῶ
813 3681 900 3744 εἰς
941 3678 1164 3744 αὐτοὺς
1197 3678 1531 3748 προφήτας·
1565 3680 1659 3734 καὶ
1688 3679 1817 3751 περὶ

211 3770 455 3838 αἵματος
509 3771 780 3842 Ζαχαρίου
831 3772 926 3825 καὶ
958 3772 1124 3824 ’Λϐελ
1170 3770 1279 3824 τῶν
1314 3770 1642 3843 προφητῶν·
1684 3772 1816 3825 ’Ὅτι

208 3858 683 3929 ἐκζητηθήσεται
710 3862 779 3915 ἐκ
810 3862 922 3930 τῆς
948 3861 1160 3932 γενεᾶς
1195 3864 1436 3930 ταύτης.

286 3950 398 4005 κο’.
431 3952 595 4023 Λέγω
640 3952 766 4019 τοῖς
798 3956 1001 4023 φίλοις
1032 3973 1153 4024 μου
1176 3971 1188 3985 ’
1223 3953 1320 4023 Μὴ
1365 3954 1667 4023 φοϐηθῆτε
1694 3953 1814 4009 ἀπὸ

209 4045 338 4099 τῶν
369 4047 852 4102 ἀποκτεινόντων
897 4047 961 4101 τὸ
1012 4047 1213 4116 σῶμα·
1262 4048 1562 4117 φοϐηθῆτε
1603 4047 1672 4101 δὲ
1710 4049 1817 4103 τὸν

205 4138 368 4207 μετὰ
396 4139 461 4192 τὸ
492 4124 841 4194 ἀποκτεῖναι
884 4139 1107 4210 ἔχοντα
1144 4140 1438 4204 ἐξουσίαν
1464 4140 1687 4205 βαλεῖν
1727 4143 1816 4205 εἰς

214 4228 496 4297 γέενναν.
528 4231 642 4283 Οὐκ
676 4226 789 4301 εἶχε
827 4231 916 4285 δέ·
954 4230 1104 4300 Οὐχί
1153 4231 1334 4285 πέντε
1375 4232 1665 4301 στρουθιά
1705 4234 1815 4286 ἀσ-

210 4318 451 4389 σαρίων
496 4321 607 4375 δύο
653 4323 1033 4386 πωλοῦνται;
1085 4322 1182 4375 κιιί
1229 4322 1299 4375 ἓν
1342 4323 1410 4387 ἐξ
1461 4322 1659 4377 αὐτῶν
1702 4325 1813 4377 οὐκ

209 4411 395 4465 ἔστιν
416 4412 899 4483 ἐπιλελησμένον
927 4413 1184 4467 ἐνώπιον
1216 4414 1322 4468 τοῦ
1357 4415 1525 4468 Θεοῦ.

287 4503 356 4557 λ’.
398 4504 546 4557 ’Λντὶ
586 4504 713 4570 τοῦ,
756 4506 1153 4576 Ὀμολογήσει
1200 4506 1457 4561 ἐνώπιον
1499 4505 1617 4559 τῶν
1642 4506 1813 4576 ἀγυγέ-

209 4596 348 4649 λων
380 4594 486 4648 τοῦ
515 4595 684 4659 Θεοῦ,
716 4594 973 4650 ἐνώπιον
996 4597 1103 4651 τοῦ
1134 4596 1282 4650 Θεοῦ
1316 4597 1483 4667 λέγει.

288 4685 389 4741 λα’.
426 4688 539 4741 Οὐκ
567 4687 680 4758 ἔχει
719 4688 812 4742 τό·
859 4689 920 4742 Ὀ
956 4689 1099 4756 Θεὸς
1144 4689 1509 4760 ἀμφιέννινσι
1541 4690 1646 4743 τὸν
1675 4692 1812 4759 χόρ-

210 4797 347 4833 τον.

291 4869 395 4938 λβκ
438 4871 633 4943 ’Υμῶν
664 4872 733 4927 δὲ
771 4876 804 4927 ό
838 4873 1043 4943 Πατὴρ
1081 4870 1266 4941 οἶδεν,
1298 4875 1389 4929 ὅτι
1418 4874 1658 4944 χρῄζετε
1682 4876 1817 4929 τού-

213 4978 376 5016 των*
414 4961 521 5014 τῶν
553 4965 830 5034 σαρκικῶν
858 4967 943 5038 δή.

288 5055 395 5122 λγ,
430 5054 665 5123 Ζητεῖτε
706 5054 783 5121 δὴ
828 5060 943 5123 τὴν
979 5060 1311 5124 ,ϐασιλείαν
1346 5059 1453 5113 τοῦ
1487 5057 1643 5113 Θευῦ
1664 5101 1679 5125 ,
1716 5059 1815 5111 καί

210 5147 410 5202 ταῦτα
449 5145 648 5201 πάντα
680 5149 1159 5218 προστεθήσεται
1187 5152 1350 5221 ὑμῖν.

290 5236 388 5292 λδυ.
441 5238 586 5291 ’Λντὶ
616 5238 735 5303 τοῦ,
772 5242 804 5293 ό
854 5238 1059 5308 Πατὴρ
1102 5240 1289 5309 ὑμῶν,
1320 5243 1353 5295 ό
1375 5243 1577 5311 Πατὴρ
1626 5238 1793 5313 εἶχεν.

246 5400 259 5405 ί
287 5422 386 5474 λε’.
431 5418 577 5472 Ἀντὶ
610 5417 727 5485 τοῦ,
770 5418 1019 5488 δευτέρᾳ
1054 5420 1091 5487 ἣ
1130 5422 1295 5491 τρίτῃ
1339 5421 1609 5491 φυλακῇ,
1643 5419 1809 5494 εἶχεν,

210 5509 556 5578 ἐσπερινὴν
576 5511 883 5580 φυλακήν.

296 5673 311 5703 ¹
352 5670 583 5736 an.lx,
622 5671 710 5724 51.
773 5674 793 5703 ²
832 5670 961 5725 ibid.
987 5671 1076 5725 '55.

215 5743 404 5810 5sqq.
478 5743 654 5795 unm.
697 5742 785 5796 δυ.
882 5742 1209 5798 minume.

218 5814 267 5845 ¹⁸
300 5812 434 5867 ibid.
462 5814 551 5867 ‘33.
631 5814 673 5843 ³⁷
701 5812 831 5867 ibid.
870 5812 961 5866 50.
1043 5812 1085 5844 ¹⁸
1117 5814 1251 5868 ibid.
1280 5815 1368 5871 5|.

565 5925 840 5987 PATROL.
884 5925 1002 5986 Gn.
1044 5927 1209 5991 XLI.

1311 5744 1349 5774 “
1382 5744 1513 5798 ibid.
1549 5744 1640 5797 A7.

1919 1932 1989 1986 Et
2035 1934 2374 2001 respondens.
2420 1929 2553 1984 Post
2601 1929 2896 1999 legisperiti
2935 1942 3291 1998 responsum,
3328 1926 3502 1981 dixit:

1917 2024 2075 2079 Recte
2101 2024 2311 2078 dixisti.
2349 2022 2466 2078 Hoc
2498 2024 2606 2092 fac,
2639 2032 2688 2075 et
2728 2022 2862 2075 vives
2893 2022 2934 2074 ⁷.

1987 2114 2080 2169 24.
2132 2114 2194 2168 Iit
2242 2115 2381 2168 dixit
2415 2134 2426 2168 :
2466 2113 2598 2179 Quis
2640 2120 2870 2166 vestrum
2912 2109 3122 2165 habebit
3150 2111 3415 2175 amicum,
3455 2120 3506 2164 et

1916 2208 2014 2263 ibit
2048 2208 2118 2262 ad
2144 2208 2293 2261 il'um
2328 2206 2503 2259 media
2537 2214 2708 2267 nocte,
2744 2206 3026 2272 postulans
3063 2217 3167 2258 tres
3192 2219 3352 2273 panes
3373 2205 3399 2258 1’
3433 2204 3507 2256 At-

1917 2299 2180 2371 deinceps
2215 2317 2227 2353 :
2268 2298 2439 2353 Petite
2468 2307 2517 2351 et
2544 2297 2784 2352 dabitur.
2819 2298 2950 2365 Quis
2981 2298 3119 2351 enim
3159 2313 3225 2351 ex
3254 2297 3397 2350 vobis
3429 2306 3507 2350 est

1915 2402 2089 2459 pater,
2122 2407 2154 2444 a
2185 2408 2287 2463 quo
2319 2391 2462 2460 ﬁlius
2491 2400 2630 2461 petat
2659 2392 2875 2460 piscem,
2906 2401 2952 2444 et
2983 2406 3079 2460 pro
3118 2392 3260 2458 pisce
3296 2404 3506 2458 serpen-

1918 2494 2021 2538 tem
2056 2483 2205 2538 dabit
2240 2484 2363 2537 illi?
2389 2493 2482 2537 aut
2521 2499 2617 2553 pro
2644 2501 2737 2537 oro
2774 2483 3145 2551 scorpionem?
3171 2481 3231 2537 Si
3263 2498 3385 2551 ergo
3418 2498 3508 2536 vos

1917 2590 2037 2627 cum
2063 2574 2183 2628 sitis
2212 2574 2364 2638 mali,
2402 2574 2569 2628 nostis
2602 2574 2744 2628 dona
2776 2575 2941 2639 bona,
2971 2582 3170 2644 quanto
3198 2574 3365 2644 magis
3398 2572 3507 2627 Pa-

1918 2677 1997 2720 ter
2018 2667 2079 2721 εἳ
2620 2726 2627 2729 _

1988 2759 2079 2815 25.
2112 2761 2408 2829 Amputata
2456 2767 2614 2813 eI-ant
2663 2775 2726 2814 ea
2774 2773 2895 2829 qua:
2930 2757 2994 2812 ad
3030 2756 3223 2812 Jonam
3274 2759 3506 2828 pertine-

1918 2851 2072 2905 bant.
2107 2851 2199 2906 Sic
2231 2852 2378 2906 enim
2409 2852 2644 2907 habebat
2683 2871 2694 2905 :
2730 2850 3010 2906 Ceuerntio
3037 2851 3104 2906 Ita
3121 2852 3389 2921 c,signum
3408 2867 3509 2904 non

1918 2940 2140 2995 dabitur
2182 2943 2231 2996 ei
2259 2943 2301 2996 ’.
2335 2940 2802 2997 Desiderabantur
2845 2943 3006 2996 etiam
3064 2944 3173 2997 illa.
3208 2943 3411 3011 quibus
3444 2942 3512 2995 de

1919 3034 2136 3100 Ninive,
2173 3044 2227 3090 et
2261 3035 2447 3106 regina
2474 3035 2685 3099 Austri,
2716 3052 2779 3088 ac
2817 3018 3114 3089 Salomone
3153 3034 3210 3086 lit
3244 3036 3472 3087 mentio.

1989 3128 2084 3184 26.
2132 3128 2241 3183 Pro
2287 3128 2374 3184 his
2420 3124 2961 3193 verbis,'Prreteritis
3014 3127 3110 3181 Dei
3142 3126 3407 3196 judicium
3444 3129 3505 3194 ⁸ο,

1919 3219 2299 3288 rescripserat.
2336 3216 2632 3273 Privteritis
2668 3218 2761 3273 Dei
2788 3220 3128 3273 vocationem.

1988 3306 2080 3362 27.
2118 3308 2206 3363 Va:
2239 3309 2403 3376 vobis,
2434 3312 2685 3379 quoniam
2712 3310 2992 3381 cedi/icatis
3022 3312 3262 3381 sepulcra
3289 3314 3512 3383 prop/te-

1920 3411 2120 3468 tarum,
2161 3413 2210 3457 et
2238 3416 2421 3469 patres
2448 3405 2608 3459 vestri
2635 3405 2937 3459 occiderunt
2972 3408 3096 3460 illos
3132 3408 3195 3461 ¹¹.

1988 3582 2080 3636 28.
2111 3582 2338 3638 Deerat:
2370 3583 2659 3654 Propterea
2683 3596 2733 3639 et
2765 3583 3044 3654 Sapientia
3074 3584 3167 3640 Dei
3196 3585 3331 3640 dixit
3355 3586 3507 3641 :Mit.

1920 3684 2029 3728 tam
2064 3675 2134 3729 ad
2164 3676 2285 3731 illos
2316 3678 2600 3747 prophetas
2633 3679 2673 3709 "
2704 3696 2716 3732 :
2749 3684 2803 3733 et
2833 3679 2901 3733 de
2933 3680 3198 3751 sanguine
3227 3679 3508 3736 Zacharize

1917 3774 1973 3820 et
2005 3767 2138 3822 Abel
2173 3769 2599 3839 prophetarum:
2646 3768 2813 3843 315
2840 3771 3104 3836 Quoniam
3149 3774 3446 3843 requiretur
3477 3791 3508 3825 a

1917 3859 2255 3925 generatione
2280 3861 2399 3913 hac.

1988 3945 2083 4003 29.
2118 3947 2245 4002 Dico
2278 3950 2463 4003 amicis
2501 3950 2631 4004 meis
2676 3966 2694 4003 :
2734 3950 2918 4006 Nolite
2950 3953 3133 4007 timere
3158 3970 3269 4017 eos,
3302 3954 3393 4023 qui
3423 3970 3516 4007 oc-

1918 4041 2102 4094 cidunt
2128 4057 2355 4110 corpus;
2401 4044 2576 4097 timete
2621 4059 2740 4097 vero
2776 4061 2897 4097 eum
2937 4047 3027 4115 qui
3061 4055 3340 4116 postquam
3374 4048 3502 4099 orci-

1917 4133 2075 4201 derit,
2105 4134 2256 4189 habet
2286 4144 2595 4204 potestatem
2632 4136 2875 4190 mittendi
2905 4138 2958 4191 in
2984 4138 3271 4208 gehennam
3298 4139 3361 4193 ⁸³.
3403 4137 3508 4192 Nec

1918 4226 2153 4281 habebat
2184 4226 2311 4280 illud
2347 4246 2360 4281 :
2389 4225 2579 4280 Nonne
2609 4229 2835 4297 quinque
2874 4245 3111 4297 passeres
3161 4239 3381 4283 venrunt
3415 4229 3472 4282 di
3485 4261 3502 4272 -

1917 4318 2135 4386 pondio,
2161 4328 2209 4372 et
2248 4335 2381 4370 unus
2412 4334 2478 4372 ex
2509 4320 2636 4387 ipsis
2673 4335 2774 4372 non
2814 4329 2892 4373 est
2938 4321 2992 4373 in
3040 4321 3295 4375 oblivione
3324 4338 3505 4375 coram

1920 4408 2029 4463 Deo
2059 4409 2144 4463 “?

1990 4501 2080 4557 50.
2122 4501 2228 4556 Pro
2281 4503 2365 4559 bis
2418 4505 2635 4570 verbis,
2678 4504 3031 4575 Conﬁtebitur
3081 4522 3263 4561 coram
3308 4510 3507 4579 angelis

1920 4595 2040 4658 Dei,
2072 4596 2348 4661 rescribit,
2377 4614 2558 4651 coram
2588 4598 2698 4652 Deo
2734 4600 2798 4651 ⁸⁸.

1988 4687 2078 4740 5|.
2116 4686 2233 4741 Non
2266 4688 2429 4745 habet
2463 4690 2565 4743 ista
2599 4706 2611 4741 :
2648 4690 2786 4745 Dens
2818 4693 2968 4746 vestit
2995 4693 3174 4762 fenum
3209 4694 3273 4747 η.

1990 4867 2079 4921 52.
2128 4866 2291 4921 Pater
2343 4877 2509 4921 vester
2542 4870 2716 4928 novit,
2761 4868 3011 4937 quoniam
3060 4866 3139 4918 his
3184 4883 3313 4935 opus
3349 4866 3506 4920 liabe-

1920 4961 1987 5012 tis
2016 4961 2089 5024 '7;
2121 4959 2265 5012 hand
2292 4960 2455 5013 dubie
2485 4952 2605 5029 quite
2632 4960 2698 5013 ad
2730 4975 2952 5013 carnem
2986 4962 3240 5013 attinent.

1986 5051 2075 5107 ⁸55.
2112 5052 2351 5117 Qua'rite
2381 5061 2555 5104 autem
2586 5068 2800 5120 regnum
2838 5049 2955 5113 Dei,
2986 5061 3032 5104 et
3064 5049 3173 5103 Ita'c
3201 5051 3378 5103 omnia
3412 5051 3508 5102 ad-

1912 5141 2169 5211 jicientur
2197 5143 2338 5196 vobis
2367 5143 2428 5194 ".

1991 5237 2080 5291 54.
2111 5235 2217 5291 Pro
2256 5252 2322 5292 eo
2362 5237 2506 5306 quod
2538 5244 2643 5303 est,
2677 5235 2841 5291 Pater
2885 5246 3083 5301 vester,
3105 5236 3360 5301 habebat,
3394 5238 3503 5292 Pa-

1920 5340 1999 5385 ter
2018 5330 2081 5382 ³⁸.

1991 5425 2078 5479 55.
2128 5422 2233 5479 Pro
2279 5425 2365 5479 bis
2415 5441 2568 5488 vero,
2614 5429 2845 5481 secunda
2894 5434 2986 5478 aut
3035 5424 3191 5477 tertia
3236 5424 3502 5489 custodio,

1920 5515 2297 5582 substitue-rat,
2326 5519 2673 5586 vespertinam
2703 5518 3003 5573 custodiant
3036 5515 3103 5569 ²⁰.

1146 5673 1166 5704 ³
1198 5672 1329 5727 ibid.
1368 5672 1454 5727 40.
1533 5674 1553 5704 ⁸
1589 5671 1720 5726 ibid.
1757 5673 1809 5723 4i

1153 5744 1187 5772 ο
1311 5744 1349 5772 ιι
1384 5744 1495 5772 ;ι.;,ι
1557 5744 1614 5772 ιιτ
1736 5743 1809 5772 u;

1971 5668 2103 5772 ne
2405 5668 2750 5772 Eae-nel-
2789 5676 3009 5772 3295'-
3195 5677 3392 5772 ιςεμες
3424 5692 3500 5772 πές

1451 5744 1513 5846 '3'
1528 5744 1661 5868 iiii.
1700 5743 1790 5867 aii.
1808 5741 2078 5865 ibii'niiii.
2096 5742 2186 5863 ⁸58³.

2164 5739 2207 5771 ⁸³
2243 5739 2376 5794 an.
2408 5755 2511 5810 xu,
2538 5743 2592 5807 4,
2789 5748 2833 5785 ³⁸
2860 5747 2994 5803 ibid.
3038 5745 3091 5804 6.
3195 5749 3239 5780 ¹¹¹
3278 5747 3408 5803 ibid.
3444 5745 3498 5800 8.

3122 5903 3193 5965 23
