3934 6430
239 345 348 402 717

880 338 1248 396 ADVERSUS
1285 336 1630 394 IIIERESES
1669 338 1798 394 LIB.
1841 337 1858 392 1

1978 338 2093 394 ΟΜ.
2137 337 2223 392 111.
2265 369 2336 383 --
2374 335 2650 393 1-1ιΕ11Ε8.
2691 336 2851 392 XLII.

3423 339 3532 396 7I8

315 466 428 536 μθθ.
481 465 870 518 Ἐλεύσονται
921 463 1134 534 ἡμέραι
1155 505 1170 529 ,
1227 463 1374 517 ὅταν
1426 461 1837 531 έπιθυμήσητε

2010 459 2101 516 49.
2156 459 2369 514 Venient
2426 461 2578 521 dies.
2655 457 2868 524 quando
2930 457 3299 514 desiderabitis
3357 461 3529 519 uidere

241 556 398 610 ,δεῖν
421 555 571 625 μίαν
602 553 722 610 τῶν
753 553 992 626 ἡμερῶν
1024 556 1131 610 τοῦ
1177 555 1314 610 Υίοῦ
1342 555 1451 609 τοῦ
1495 552 1837 623 ἀνθρώπουί

315 656 380 702 ν’.
415 644 553 703 Eine
603 665 692 712 τις
742 649 882 720 πρὸς
931 649 1122 703 αὐτόν*
1166 647 1502 702 Διδάσκαλε
1544 646 1750 718 ἀγαθὲ.
1781 647 1841 701 τί

239 739 512 807 ποιήσας
542 739 698 808 ζωὴν
726 740 971 795 αιώνιον
1005 741 1482 812 κληρονομήσω;
1509 741 1605 809 Μή
1626 756 1704 810 με
1737 739 1840 794 λέ-

239 847 380 898 γετε
407 830 653 900 ἀγαθόν.
685 825 793 898 Εἷς
819 831 993 885 ἐστιν
1021 832 1263 902 ἀγαθός.
1295 830 1612 903 Προσέθηκε
1641 830 1725 892 τὸ,
1755 830 1839 883 ὅτι

241 923 278 974 ό
308 920 532 990 Πατήρ.
561 921 673 976 Kal
707 922 829 976 ἀντὶ
865 921 984 988 τοῦ,
1021 923 1134 990 Τὰς
1161 921 1418 989 ἐντολὰς
1453 917 1641 988 οἶδας,
1669 921 1836 992 λέγει,

244 1016 367 1078 Τὰς
388 1012 643 1080 ἐντολὰς
665 1009 818 1067 οῖδα.

317 1110 419 1158 va'.
457 1105 730 1174 Ἐγένετο
756 1103 823 1156 δὲ
855 1105 926 1158 ἐν
961 1102 1042 1170 τῷ
1066 1102 1321 1176 ἐγγίζειν
1348 1103 1424 1174 τῇ
1461 1103 1705 1174 Ἱεριχὼ,
1745 1121 1842 1158 tv-

241 1195 406 1264 ρλὸς
451 1195 590 1249 ἐϐόα
613 1212 628 1226 ·
676 1197 880 1264 Ἰησοῦ
909 1195 1005 1250 vid
1048 1197 1246 1263 Aadw,
1289 1197 1552 1265 ἐλέησόν
1587 1214 1682 1267 με.
1731 1196 1840 1251 Kal

242 1287 350 1340 ὅτε
379 1286 533 1356 latin.
567 1289 761 1358 φησιν
781 1304 795 1318 ·
843 1289 907 1344 Ἡ
929 1289 1135 1355 πίστις
1165 1305 1282 1342 σου
1315 1287 1553 1344 σέσωκέ
1581 1305 1672 1343 σε.

318 1463 422 1536 νβ’.
451 1463 738 1538 Παρέκοψε
773 1465 862 1519 τό·
889 1466 1261 1534 Παραλαϐὼν
1290 1466 1434 1532 τοὺς
1459 1465 1692 1523 δώδεκα
1717 1465 1842 1522 ἔλε-

241 1569 377 1627 γεν*
423 1556 580 1612 Ἰδοὺ
613 1557 1017 1628 ἀναϐαίνομεν
1051 1560 1140 1624 εὶς
1177 1559 1579 1628 Ἰεροσόλυμα,
1613 1558 1712 1612 zeal
1743 1576 1839 1612 τε-

241 1649 615 1716 λεσθήσεται
651 1649 851 1704 πάντα
887 1651 960 1704 τὰ
1007 1651 1384 1721 τετραμμένα
1426 1653 1499 1705 ἐν
1536 1651 1662 1717 τοῖς
1695 1667 1840 1719 προ-

241 1743 467 1812 φήταις
495 1742 630 1811 περὶ
665 1743 774 1798 τοῦ
810 1741 948 1798 Υίοῦ
975 1743 1084 1797 τοῦ
1121 1742 1434 1810 ἀνθρώπου
1458 1761 1469 1775 ·
1503 1741 1810 1811 παραδοοή
1828 1773 1841 1784 -

1942 569 2106 606 unum
2145 568 2211 606 ea:
2249 551 2434 607 diebus
2478 549 2612 606 Filii
2650 551 2882 604 hominis
2923 551 2961 604 ².

2017 644 2102 700 50.
2139 643 2289 698 Dixit
2322 645 2373 699 ei
2402 643 2618 715 quidam
2653 659 2671 698 :
2706 642 2968 713 Magister
2996 641 3148 708 boue,
3173 642 3300 715 quid
3325 642 3530 714 faciens

1906 759 1918 764 -
1941 736 2103 790 vitam
2133 747 2387 791 cateruam
2413 735 2689 804 possidebo
2707 737 2734 792 2
2768 733 2949 790 Nolite
2979 752 3064 790 me
3095 735 3269 790 dicere
3310 737 3523 789 bonum.

1947 823 2095 880 Unus
2131 835 2210 881 est
2245 825 2412 881 bonus
2445 827 2489 881 ³.
2523 825 2750 895 Adjecit
2775 841 2937 888 vero,
2973 825 3157 880 Pater.
3189 823 3294 880 Sed
3343 833 3398 880 ct
3430 841 3530 896 pro

1941 935 2008 976 co
2046 919 2193 990 quod
2220 929 2307 976 est
2335 936 2348 973 :
2379 917 2642 974 laudata
2674 921 2817 974 nosti
2845 921 2894 986 ‘;
2935 919 3162 990 scripsit
3215 919 3326 983 ille,
3366 917 3529 974 Hart—

1942 1011 2075 1067 data
2108 1013 2247 1066 uoci.

2015 1105 2106 1160 5i.
2141 1101 2368 1157 Factum
2419 1111 2592 1156 autem
2636 1113 2714 1156 est
2743 1119 2862 1155 cum
2895 1103 3342 1172 appropinquaret
3386 1101 3530 1156 leri-

1943 1195 2076 1264 cho,
2124 1212 2298 1250 caecus
2351 1193 2621 1248 clamabat
2655 1211 2672 1248 :
2711 1193 2840 1248 Jesu
2883 1194 2967 1262 ﬁli
3015 1193 3220 1259 David,
3281 1194 3531 1248 miserere
3600 1226 3614 1241 ι

1944 1290 2066 1344 mei.
2103 1287 2171 1342 Et
2201 1304 2324 1342 cum
2353 1296 2571 1341 curatus
2609 1296 2742 1341 esset
2774 1287 2851 1340 ait
2931 1285 3092 1341 Fides
3129 1297 3218 1340 tua
3245 1298 3294 1341 te
3322 1287 3526 1341 salvum

1943 1383 2066 1450 fecit
2101 1383 2144 1435 ⁸.

2016 1471 2104 1525 52.
2134 1470 2402 1524 Mutilavit
2431 1469 2534 1523 ista
2567 1485 2580 1518 :
2605 1469 2904 1536 Assumptis
2930 1466 3204 1522 duodecim
3239 1467 3314 1520 ait
3344 1483 3361 1521 :
3401 1464 3534 1518 Ecce

1945 1563 2277 1618 ascendimus
2306 1561 2760 1632 Hierosolymam,
2791 1571 2840 1614 et
2873 1558 3383 1616 consummabuutur
3415 1574 3532 1611 out-

1945 1658 2034 1710 nia
2077 1671 2194 1726 ante
2239 1655 2438 1724 scripta
2475 1663 2599 1708 sunt
2629 1668 2721 1720 per
2762 1654 3042 1722 prophetas
3083 1654 3148 1704 de
3197 1649 3342 1705 Filio
3366 1651 3540 1704 horni-

1943 1746 2025 1800 nis
2067 1763 2085 1800 :
2117 1747 2388 1806 tradetur',
2437 1746 2736 1808 occidetur,
2781 1756 2830 1800 et
2878 1747 3038 1798 tertia
3083 1745 3170 1798 die
3215 1753 3446 1814 resurget
3491 1743 3532 1798 ⁸.

241 1809 442 1899 σεται,
475 1809 1018 1899 ἀποκτανθήσεται,
1045 1831 1145 1886 zeal
1178 1809 1253 1902 τῆ
1289 1833 1454 1902 τρίτῃ
1484 1809 1674 1902 ἡμέρᾳ
1697 1833 1841 1887 ἀνα-

1978 1836 2072 1893 Ιιεε
2105 1837 2290 1892 omnia
2321 1838 2562 1892 sustulit.

244 1922 561 1990 στήσεται.
598 1925 738 1979 Ὅλα
770 1924 944 1980 ταῦτα
980 1924 1278 1995 παρέκοψε.

319 2022 420 2084 vr.
458 2015 745 2087 Παρέκοψε
790 2017 854 2070 τὸ
901 2016 1196 2086 κεφάλαιον
1243 2017 1342 2086 τῆς
1372 2015 1518 2077 ὄνου.
1568 2017 1663 2070 καὶ
1697 2017 1839 2086 Βηθ-

244 2105 422 2176 φαγὴ,
462 2105 558 2162 καὶ
601 2107 664 2162 τὸ
706 2108 834 2178 περὶ
861 2109 961 2178 τῆς
1002 2107 1230 2171 πόλεως,
1264 2107 1358 2160 καὶ
1387 2106 1483 2160 τοῦ
1517 2106 1686 2178 ἱεροῦ·
1719 2108 1842 2162 ’Ὁτι

241 2197 660 2266 γεγραμμένον
688 2195 772 2269 ἦν
791 2217 804 2231 ο
846 2201 899 2252 '0
932 2200 1099 2266 οἶκός
1122 2217 1240 2270 μου
1268 2195 1438 2265 οἶκος
1465 2199 1836 2269 προσευχῆς·

243 2288 348 2342 zeal
384 2287 606 2341 ποιεῖτε
633 2290 824 2344 αὐτὸν
849 2289 1158 2358 σπήλαιον
1184 2287 1454 2359 λῃστῶν.

317 2379 415 2434 νδν.
446 2379 557 2436 Kal
585 2378 886 2450 ἐζήτησαν
911 2381 1222 2438 ἐπιϐαλεῖν
1252 2380 1344 2434 ἐπ’
1372 2380 1563 2436 αὑτὸν
1594 2382 1702 2448 τὰς
1730 2381 1843 2453 χεῖ-

238 2489 378 2539 ρας,
413 2471 510 2525 zeal
539 2472 950 2543 ἐφοϐήθησαν.

319 2571 414 2618 νε’.
447 2564 616 2618 Πάλιν
651 2566 902 2636 ἀπέκοψε
930 2567 1030 2638 τὴν
1075 2569 1170 2622 τοῦ
1213 2571 1536 2641 ἀμπελῶνος
1581 2572 1597 2604 ¹
1627 2571 1722 2626 τοῦ
1752 2574 1843 2626 ὲκ·-

243 2655 533 2728 δεδομένου
552 2661 839 2728 γεωργοῖς.
877 2660 989 2716 Καὶ
1013 2660 1074 2714 τὸ
1092 2701 1106 2724 ,
1141 2662 1202 2717 Τί
1233 2661 1349 2718 οὖν
1377 2663 1508 2720 ἐστι
1534 2665 1603 2718 τό
1623 2681 1636 2694 ·
1661 2665 1844 2720 Λίθον

244 2748 324 2802 ὃν
357 2749 818 2820 ἀπεδοκίμασαν
844 2755 899 2806 oi
923 2753 1416 2823 οἰκοδομοῦντεςς

321 2847 431 2906 νίζ’.
476 2842 745 2913 Ἀπέκαᾷε
777 2845 869 2898 τόν
903 2845 1026 2900 ’Ότι
1061 2845 1130 2899 δὲ
1174 2846 1502 2916 ἐγείρονται
1531 2851 1585 2902 ol
1617 2849 1840 2917 νεκροὶ,

247 2933 819 3006 Μωῦσῆςσὲμήνυσε
859 2938 993 3006 περὶ
1025 2936 1140 3006 τῆς
1165 2937 1384 3004 βάτου,
1415 2939 1612 3006 καθὼς
1643 2939 1840 3009 λέγει·

251 3023 479 3092 Κύριον
507 3028 612 3080 τὸν
635 3027 788 3082 Θεὸν
812 3027 1094 3098 Ἀϐραὰμ,
1124 3028 1224 3083 καὶ
1258 3028 1468 3085 Ἰσαὰκ
1491 3029 1591 3084 zeal
1623 3029 1840 3085 Ἰακώϐ.

249 3119 401 3184 Θεὸς
430 3118 500 3173 δέ
528 3120 662 3177 ἑστι
688 3119 940 3186 ζώντων,
966 3121 1067 3177 zeal
1096 3121 1234 3191 οὐχὶ
1267 3119 1516 3191 νεκρῶν.

321 3205 420 3272 νζν.
455 3210 570 3265 Οὐκ
613 3205 729 3282 εἶχε
776 3209 984 3265 ταῦτα·
1017 3211 1140 3266 ’Ὁτι
1179 3211 1250 3266 δὲ
1287 3212 1616 3286 ἐγείρονται
1661 3215 1716 3268 ol
1748 3230 1845 3268 νε·-

246 3296 407 3364 κροὶ,
439 3300 537 3354 zeal
568 3300 833 3371 Μωῡσῆς
853 3300 1144 3373 ἐμήνυσε.
1170 3301 1368 3374 λέγων
1396 3305 1546 3360 Θεὸν
1573 3305 1843 3376 Ἀϐραὰμ,

245 3386 354 3442 καὶ
387 3387 537 3442 Θεὸν
573 3391 800 3457 Ἰσαὰκ,
831 3392 929 3446 καὶ
963 3392 1114 3446 Θεὸν
1155 3393 1378 3458 Ἰακὼϐ,
1415 3396 1564 3449 Θεὸν
1591 3394 1841 3456 Clin-cane.

320 3481 427 3553 νη’.
462 3483 634 3537 Πάλιν
683 3482 962 3555 παρέκυψε
1005 3485 1098 3538 τό·
1131 3484 1272 3553 Θρίξ
1303 3484 1374 3538 ἐκ
1415 3483 1526 3554 τῆς
1571 3486 1846 3557 κεφαλῆς

244 3569 424 3642 ὑμῶν
448 3576 520 3627 οὐ
537 3574 625 3643 μὴ
659 3575 979 3643 ἀπόληται.

322 3662 421 3717 νϐ’.
453 3664 623 3718 Πάλιν
657 3664 934 3738 παρέκυψε
973 3663 1176 3718 ταῦτα·
1214 3665 1350 3719 Τότε
1391 3669 1444 3718 οἱ
1476 3667 1548 3720 ἐν
1585 3665 1661 3735 τῇ
1699 3668 1846 3723 Ἰου-

242 3750 393 3820 δαίᾳ
418 3752 810 3823 φευγέτωσαν
833 3757 924 3821 είς
959 3756 1030 3808 τὰ
1062 3754 1168 3822 ὄρη
1187 3794 1200 3816 ,
1233 3755 1326 3808 καὶ
1371 3755 1440 3809 τὰ
1478 3757 1605 3826 ἑξῆς
1628 3773 1640 3786 ·
1671 3757 1759 3811 διὰ
1786 3758 1847 3811 τὸ

242 3843 666 3916 ἐπιφερόμενον
690 3845 802 3912 ἕως
823 3845 1111 3916 πληρωθῇ
1134 3846 1333 3900 πάντα
1355 3849 1428 3902 τὰ
1447 3849 1843 3919 γεγραμμένα.

322 3934 387 4002 ξ’.
419 3935 819 4005 Συνελάλησε
857 3935 982 4000 τοῖς
1029 3936 1408 4007 στρατηγοῖς.
1451 3939 1560 3992 Καὶ
1601 3939 1680 4005 τὸ,
1711 3939 1847 4006 Πῶς

243 4025 441 4080 αὑτὸν
468 4025 716 4096 παραδῷ
743 4027 967 4093 αὐτοῖς.

325 4115 428 4180 Ea’.
457 4119 566 4173 Kal
592 4114 724 4173 εἷπε
750 4118 830 4185 τῷ
860 4119 1062 4189 Πέτρῳ
1087 4121 1184 4174 zeal
1211 4121 1339 4188 τοῖς
1361 4120 1620 4187 λοιποῖς·
1654 4121 1848 4177 Ἀπελ-

245 4208 465 4275 θόντες
492 4209 868 4281 ἑτοιμάσατε,
904 4213 1005 4266 ἵνα
1036 4213 1318 4284 φάγωμεν
1348 4213 1414 4267 τὸ
1440 4211 1672 4281 πάσχα.

322 4298 423 4370 ξβ’.
452 4300 564 4356 Kal
591 4303 874 4366 ἀνέπεσε.
901 4305 1001 4358 καὶ
1029 4308 1084 4360 ot
1111 4303 1340 4358 δώδεκα
1363 4304 1694 4360 ἀπόστολοι
1723 4305 1848 4360 σὺν

242 4389 432 4455 αὐτῷ·
468 4392 564 4446 zeal
595 4389 793 4448 εἶπεν·
836 4395 1152 4470 Ἐπιθαιψίςι
1185 4396 1538 4465 ἐπεθύμησα
1566 4395 1744 4450 τοῦτο
1779 4397 1845 4450 τὸ

243 4481 465 4552 πάσχα
501 4484 715 4556 φαγεῖν
738 4489 867 4555 μεθ’
894 4487 1081 4557 ὑμῶν,
1115 4487 1227 4557 πρὸ
1260 4488 1365 4541 τοῦ
1390 4505 1468 4557 με
1500 4486 1732 4542 παθεῖν.

323 4577 426 4647 εγο.
462 4579 748 4651 Παρέκοψε
776 4580 836 4633 τό
857 4597 870 4611 ·
898 4581 1062 4652 Λέγω
1096 4581 1207 4651 γὰρ
1251 4581 1414 4650 ὑμῖν,
1447 4583 1530 4635 Οὐ
1559 4579 1646 4651 μὴ
1675 4579 1842 4650 φάγω

247 4670 402 4725 αὐτὸ
436 4670 534 4724 ἀπ’
564 4671 716 4740 ἄρτι,
745 4671 856 4738 ἕως
889 4673 1174 4742 πληρωθῇ
1205 4673 1278 4726 έν
1305 4672 1378 4742 τῇ
1406 4674 1700 4742 ,βασιλείᾳ
1735 4672 1843 4727 τοῦ

251 4763 428 4817 Θεοῦ.

325 4852 420 4916 ξδ’.
455 4855 738 4926 “api-5x093
773 4856 850 4908 τό·
884 4857 1022 4909 ’Ὅτε
1055 4856 1387 4912 ἀπέστειλα
1428 4856 1617 4927 ὑμᾶς,
1644 4857 1730 4926 μή
1765 4875 1847 4910 τι-

249 4958 363 5006 νος
391 4943 803 5012 ὑστερήσατε;
835 4946 929 5000 καὶ
955 4949 1024 5001 τὰ
1067 4947 1194 5017 ἑξῆς
1214 4964 1226 4977 ο
1256 4947 1344 5002 διὰ
1377 4948 1436 5001 τό
1461 4966 1476 4982 ο
1520 4949 1630 5002 Καὶ
1670 4949 1848 5004 τοῦτο

250 5033 322 5088 τὸ
375 5035 781 5105 γεγραμμένον
832 5037 926 5090 δεῖ
963 5036 1346 5106 τελεσθῆναι,
1401 5038 1486 5102 τὸ,
1536 5037 1648 5093 Καὶ
1685 5038 1849 5108 ’μετὰ

250 5127 495 5194 ἀνόμων
523 5129 954 5196 σιιινελογίσθη.

325 5218 420 5284 ξε’.
461 5218 844 5289 Ἀπεσπὰσθη
886 5221 988 5275 ἀπ’
1016 5221 1218 5274 αὐτῶν
1245 5220 1392 5274 ὡσεὶ
1440 5221 1618 5276 λίθου
1652 5221 1844 5290 βολὴ,

249 5309 355 5363 καὶ
391 5309 515 5376 θεὶς
541 5310 613 5365 τὰ
643 5311 869 5382 γόνατα
897 5316 1310 5382 προσηύχετο.

329 5403 437 5470 Εςῖ
468 5407 577 5460 Καὶ
607 5407 820 5477 ἤγγισε
846 5407 1257 5476 καταφιλῆσαι
1285 5406 1493 5475 αὑτὸν,
1523 5405 1622 5462 zeal
1649 5403 1842 5463 εἶπεν.

334 5648 348 5677 ¹
378 5645 498 5699 Fur.
533 5646 601 5699 τὰ
623 5646 717 5700 τοῦ
747 5648 890 5717 ἀμπ.
989 5649 1009 5678 '
1035 5646 1166 5702 Luc.
1202 5665 1335 5708 xvn.
1372 5648 1465 5703 22.

255 5733 375 5776 unt.
403 5718 474 5771 2‘.)
501 5732 626 5786 sqq.
747 5717 768 5746 '
790 5715 935 5772 'Luc.
966 5718 1174 5780 xx..I9.
1292 5719 1314 5750 ⁹
1350 5719 1484 5774 ibid.
1513 5715 1567 5772 9.

255 5803 396 5852 sm,
433 5787 486 5841 4.
565 5786 766 5842 “ibid.
801 5788 856 5842 8.
938 5789 980 5818 ”'
1011 5788 1140 5844 ibid.
1170 5789 1259 5844 I5.

1567 5648 1589 5678 ⁸
1617 5645 1752 5702 Luc.
1785 5663 1944 5709 xvm,
1980 5647 2066 5700 I8.

1694 5718 1738 5749 '°
1771 5717 1902 5772 ibid.
1940 5718 2030 5770 57.

1341 5791 1384 5822 ⁸⁸
1417 5788 1547 5845 ibid.
1580 5787 1669 5845 16.
1747 5787 1786 5819 ⁸⁷
1820 5787 1952 5843 ibid.
1982 5787 2070 5841 55.
2149 5786 2194 5818 ¹³
2214 5787 2346 5843 ibid.
2379 5787 2468 5840 bl.
2552 5789 2594 5820 "
2625 5786 2756 5843 ibid.
2791 5787 2882 5846 47.

2017 2011 2106 2066 55.
2137 2009 2416 2081 Espunxit
2444 2019 2499 2068 et
2539 2018 2703 2081 caput
2726 2012 2854 2066 illud
2889 2014 2957 2066 de
2986 2012 3163 2078 asino,
3199 2011 3536 2084 Bethphage,

1944 2111 2000 2156 et
2044 2103 2207 2168 urbe,
2237 2119 2301 2156 ac
2333 2103 2536 2172 templo
2563 2103 2764 2174 :316
2812 2103 3077 2168 Quoniam
3108 2106 3363 2174 scriptum
3408 2113 3485 2158 est
3515 2119 3538 2157 :

1947 2192 2149 2247 Domus
2174 2211 2288 2248 mea
2313 2193 2504 2248 domus
2529 2194 2786 2248 orationis
2815 2195 3120 2259 vocabitur;
3149 2206 3198 2249 et
3222 2195 3400 2264 tacitis
3421 2211 3538 2248 eam

1947 2287 2251 2355 speluncam
2281 2287 2546 2340 latronum
2571 2287 2612 2338 ⁷.

2017 2377 2106 2433 54.
2140 2376 2210 2430 Ει
2241 2377 2562 2448 ραιεεεεηυιι
2601 2376 2816 2446 injicere
2855 2393 3047 2432 manus
3087 2378 3141 2430 in
3185 2376 3359 2445 illum,
3388 2387 3438 2434 et
3470 2379 3542 2432 ti—

1949 2478 2194 2525 muerunt
2224 2469 2264 2521 ⁸.

2014 2563 2108 2620 55.
2142 2560 2275 2618 Item
2327 2561 2480 2616 illum
2532 2560 2746 2617 induxit
2797 2561 3002 2626 locum,
3043 2577 3158 2630 quo
3191 2561 3267 2620 de
3302 2563 3414 2617 vite
3443 2562 3540 2616 illa

1947 2653 2128 2723 agitur
2179 2653 2438 2724 agricolis
2488 2653 2689 2708 locata.
2734 2654 2914 2722 Atque
2957 2653 3063 2708 hoc
3094 2655 3318 2723 insuper
3351 2671 3366 2708 :
3397 2654 3542 2722 Quid

1945 2754 2024 2800 est
2043 2745 2208 2815 igitur
2227 2759 2246 2798 :
2266 2743 2522 2814 Lapidem
2543 2762 2695 2815 quem
2715 2744 3126 2814 reprobaverunt
3143 2745 3470 2816 ludiﬁcantes
3487 2747 3544 2800 '1'

2018 2837 2110 2898 56.
2159 2836 2370 2894 Delevit
2414 2839 2598 2895 illud:
2635 2838 2778 2907 Quia
2824 2855 2944 2893 vero
2997 2839 3194 2894 mortui
3236 2849 3540 2910 resurgunt,

1950 2924 2163 2998 Moyses
2193 2925 2422 2982 ostendit
2457 2942 2608 2982 secus
2651 2926 2844 2981 rubum
2865 2969 2880 2992 ,
2909 2928 3047 2984 sicut
3075 2929 3227 2996 dicit,
3257 2928 3542 2987 Dominum

1949 3018 2117 3074 Deum
2147 3019 2444 3080 Abraham.
2477 3031 2526 3074 et
2561 3019 2740 3083 Isaac,
2773 3031 2822 3074 et
2849 3020 3042 3076 Iacob.
3077 3022 3218 3078 Deus
3257 3033 3436 3076 autent
3463 3031 3544 3080 est

1869 3145 1914 3204 ε
1945 3112 2202 3175 uiuorum,
2235 3127 2340 3167 non
2371 3121 2699 3168 mortuorum
2731 3113 2794 3166 ⁸⁸.

2019 3203 2109 3261 57.
2137 3204 2245 3261 Ista
2273 3219 2491 3276 quoque
2520 3205 2871 3283 praetermisit
2903 3223 2914 3260 :
2951 3207 3089 3274 Quia
3115 3224 3234 3262 vero
3267 3218 3542 3278 resurgant

1949 3299 2165 3362 mortui,
2201 3308 2251 3353 et
2291 3297 2502 3368 Moyses
2539 3298 2786 3364 ostendit,
2819 3299 2996 3357 dicens
3035 3299 3202 3354 Deum
3247 3300 3542 3364 Abraham,

1947 3399 1998 3444 et
2018 3388 2187 3444 Deum
2219 3388 2404 3455 Isaac,
2428 3399 2479 3444 et
2513 3388 2683 3443 Deum
2711 3387 2902 3454 Iacob,
2931 3388 3100 3443 Deum
3131 3391 3384 3446 vivorum.

2018 3481 2104 3538 58.
2133 3481 2272 3538 Illud
2303 3483 2529 3552 insuper
2557 3481 2744 3538 omisit
2770 3500 2784 3536 :
2814 3481 3055 3550 Capillus
3084 3482 3150 3538 de
3179 3485 3351 3554 capite
3372 3492 3544 3538 vestro

1949 3589 2053 3628 non
2081 3573 2273 3643 peribit
2305 3574 2368 3627 ⁸¹.

2017 3666 2110 3722 59.
2157 3668 2359 3722 Iterum
2408 3671 2523 3720 haec
2550 3667 2891 3737 amputavit:
2929 3665 3077 3721 Tunc
3119 3669 3210 3736 qui
3253 3668 3308 3721 in
3347 3666 3543 3722 Juda'a

1949 3766 2091 3820 sunt,
2127 3756 2338 3828 fugiant
2379 3755 2451 3809 ad
2497 3767 2730 3821 montes,
2761 3766 2894 3822 etc.,
2931 3757 3002 3812 ob
3035 3773 3099 3812 ea
3134 3773 3255 3827 quin
3299 3775 3542 3828 seguuu—

1951 3858 2060 3912 tur,
2099 3848 2264 3903 donec
2291 3861 2722 3904 consummentur
2745 3849 2926 3902 omnia
2955 3866 3072 3920 quae
3095 3851 3298 3920 scripta
3328 3861 3453 3906 sunt
3479 3852 3544 3906 ".

2021 3940 2110 3994 (ιο.
2140 3939 2372 3994 Locutus
2387 3949 2464 3994 est
2493 3956 2612 3994 cum
2643 3939 3068 4011 ntagistratibus,
3092 3951 3166 4006 ct,
3200 3941 3542 4014 quemadmo-

1948 4030 2075 4084 dum
2098 4030 2250 4084 illum
2281 4018 2509 4084 traderet
2544 4031 2610 4093 ¹³,
2635 4039 2742 4086 etc.

2017 4122 2108 4178 Gl.
2143 4121 2212 4176 Et
2239 4123 2378 4176 dixit
2412 4123 2575 4180 Petro
2603 4133 2653 4178 et
2681 4123 2939 4195 reliquis:
2980 4125 3182 4180 Euntes
3221 4137 3542 4197 pra‘parate,

1948 4225 2004 4268 ut
2035 4215 2410 4272 manducemus
2445 4215 2646 4285 pascha
2679 4215 2742 4268 “.

2020 4305 2109 4361 62.
2147 4304 2214 4360 Et
2262 4305 2524 4370 recubuit,
2566 4316 2617 4361 et
2662 4305 2936 4362 duodecim
2982 4308 3216 4376 apostoli
3248 4325 3367 4362 cum
3397 4309 3489 4364 illo
3523 4326 3543 4362 :

1948 4407 1998 4451 et
2038 4397 2174 4450 dixit
2203 4413 2222 4452 :
2266 4396 2544 4459 Desiderio
2595 4397 2891 4453 desideravi
2937 4399 3035 4454 hoc
3073 4401 3273 4470 pascha
3317 4401 3544 4456 mandu~

1877 4485 1918 4540 υ
1949 4503 2070 4542 care
2093 4487 2384 4550 uobiscum,
2417 4497 2698 4560 antequam
2730 4491 2911 4558 patiar
2941 4493 3005 4544 “.

2023 4580 2110 4635 6'5.
2146 4579 2416 4638 Patere:
2447 4583 2561 4639 haec
2596 4586 2666 4640 ab
2696 4603 2762 4641 eo
2782 4587 3028 4642 detracta
3061 4595 3189 4645 sunt
3211 4607 3224 4642 :
3245 4586 3376 4642 Dico
3404 4588 3545 4642 enim

1951 4671 2115 4738 vobis,
2145 4672 2268 4727 Non
2313 4674 2468 4728 edam
2493 4675 2631 4730 illud
2670 4679 2902 4748 amplius
2943 4684 3108 4732 dom'c
3155 4680 3442 4747 impleatur
3489 4681 3543 4733 in

1954 4781 2110 4835 regno
2141 4765 2322 4822 Patris
2349 4768 2449 4822 mei
2481 4770 2545 4824 “’.

2028 4857 2117 4909 61.
2151 4855 2280 4912 Item
2317 4857 2449 4912 illud
2485 4874 2498 4910 :
2533 4858 2762 4926 Quando
2805 4861 2928 4914 misi
2973 4877 3082 4921 vos,
3114 4861 3350 4932 nunquid
3377 4862 3546 4930 defuit

1957 4949 2142 5004 vobis?
2172 4956 2280 5004 etc.
2314 4948 2396 5005 0b
2433 4965 2500 5026 eu
2544 4968 2668 5021 qua:
2725 4961 3034 5021 sequuntur
3080 4970 3093 5007 :
3136 4952 3203 5006 Et
3253 4954 3348 5007 hoc
3401 4953 3544 5022 quod

1955 5039 2210 5107 scriptum
2251 5048 2327 5091 est
2365 5048 2565 5106 oportet
2611 5040 2819 5109 impleri
2853 5031 2872 5094 Ξ
2909 5039 3116 5095 Etcum
3145 5043 3337 5110 iniquis
3375 5041 3542 5110 depu-

1956 5139 2098 5183 tatus
2123 5140 2200 5184 est
2226 5131 2291 5184 ".

2026 5223 2117 5278 65.
2155 5223 2386 5277 Auulsus
2419 5235 2494 5278 est
2525 5222 2592 5276 ab
2623 5224 2757 5289 illis,
2791 5234 3049 5296 quantum
3075 5225 3258 5295 jactus
3292 5235 3370 5280 est
3405 5225 3542 5296 lapi-

1953 5314 2037 5370 dis
2069 5332 2086 5369 :
2120 5313 2190 5368 Et
2215 5317 2408 5386 positis
2442 5316 2660 5387 genibus
2695 5316 2885 5371 orabat
2913 5317 2976 5372 ".

2025 5405 2113 5460 66.
2146 5405 2214 5460 Et
2249 5409 2492 5471 accessit,
2526 5417 2582 5460 ut
2615 5407 2952 5462 oscularetur
2984 5425 3124 5476 eum,
3151 5417 3201 5463 et
3228 5407 3366 5462 dixit
3396 5408 3462 5464 ι’.

2169 5645 2190 5677 ⁸
2222 5646 2354 5701 ibid.
2383 5647 2474 5702 20.
2566 5648 2588 5680 ⁸
2619 5647 2750 5704 ibid.
2779 5648 2870 5703 35.

2130 5716 2170 5747 “
2203 5714 2336 5772 Luc.
2371 5733 2484 5779 xxI,
2513 5718 2599 5772 18.

2967 5650 2987 5680 ⁸
3022 5647 3154 5705 ibid.
3187 5651 3278 5706 5|.
3351 5652 3371 5683 ⁷
3407 5649 3540 5707 Luc.

2759 5719 2974 5794 "._,jbid.
3004 5721 3071 5774 21
3108 5735 3234 5794 sqq.
3334 5721 3378 5753 ¹³
3401 5720 3540 5778 Luc.
