3934 6466
222 514 306 567 τίει
372 528 375 533 ·
834 519 1199 598 ιυνιιιειλδ
1238 521 1593 580 assumas
1623 526 1765 582 ΜΒ.

1923 530 2036 585 0.“.
2082 531 2168 586 Ill.
2206 561 2271 571 —-
2315 532 2589 588 HA'QRES.
2634 533 2799 589 XLII.

3370 543 3477 598 ἨΞ

282 631 343 700 β’.
375 629 657 723 ῌεριτομὴ
689 630 808 699 μὲν
832 632 941 702 γὰρ
970 634 1208 705 ὠφελεῖ,
1239 638 1348 694 ἐὰν
1375 642 1562 710 νόμον
1592 644 1778 712 πράσ-

1952 647 2006 701 2.
2034 648 2380 704 Circumeisio
2408 650 2618 719 quidem
2667 650 2900 719 prodest,
2942 651 2990 705 si
3010 651 3185 723 legem
3211 654 3468 712 obserres.

216 734 352 787 σῃς·
382 719 485 773 ἐὰν
526 719 591 773 δὲ
627 723 978 792 παραϐάτης
1022 725 1214 796 νόμου
1258 725 1354 802 ᾖς,
1408 735 1446 801 ή
1498 737 1783 807 περιτομή

211 828 323 866 σου
344 812 705 879 ἀκροϐυστία
743 813 1008 884 γέγονεν.

275 907 339 968 γ’.
377 903 633 971 Ἔχοντα
662 904 777 973 τὴν
816 908 1135 977 μόρφωσιν
1186 911 1299 980 τῆς
1337 914 1633 983 γνώσεως,
1686 918 1787 972 καὶ

208 991 311 1059 τῆς
331 992 612 1060 ἀληθείας
639 996 709 1049 ἐν
740 997 822 1063 τῷ
855 999 1037 1068 νόμῳ.

271 1082 330 1137 δ’.
368 1086 487 1139 Ἔτι
530 1087 640 1157 γὰρ
667 1089 925 1157 Χριστὸς
974 1091 1166 1146 ὄντων
1196 1094 1366 1163 ἡμῶν
1396 1098 1672 1154 ἀσθενῶν
1697 1101 1786 1156 ἔτι

207 1174 347 1228 κατὰ
370 1176 577 1245 καιρὸν
602 1179 755 1248 ὑπὲρ
777 1180 1013 1235 ἀσεϐῶν
1033 1182 1318 1241 ἀπέθανε.

268 1271 327 1319 ε’.
352 1267 532 1322 Ὥστε
564 1272 596 1323 ό
619 1269 740 1338 μὲν
763 1271 946 1340 νόμος
968 1269 1155 1341 ἅγιος,
1184 1275 1282 1329 καὶ
1310 1277 1349 1345 ή
1376 1277 1598 1347 ἐντολὴ
1621 1281 1782 1349 ἁγία,

205 1358 293 1410 καὶ
315 1358 536 1422 δικαία,
570 1361 669 1415 καὶ
697 1362 912 1433 ἀγαθή.

272 1451 481 1515 ς’.”1να
498 1452 562 1505 τὸ
578 1452 865 1524 δικαίωμα
880 1456 986 1511 τοῦ
1007 1458 1197 1528 νόμου
1218 1460 1509 1530 πληρωθῇ
1527 1461 1597 1517 ἐν
1616 1464 1779 1534 ἡμῖν.

264 1539 323 1605 ζ’.
362 1541 547 1608 Τέλος
589 1542 699 1614 γὰρ
744 1547 934 1616 νόμου
981 1550 1238 1618 Χριστὸς
1264 1554 1352 1617 είς
1381 1551 1787 1627 δικαιοσύνην

200 1632 367 1687 παντὶ
392 1632 474 1700 τῷ
502 1637 873 1692 πιστεύοντι.

259 1731 326 1795 η’.
356 1727 417 1778 '0
436 1726 546 1796 γὰρ
580 1727 831 1797 ἀγαπῶν
871 1729 978 1784 τὸν
1010 1732 1303 1799 πλησίον,
1328 1737 1517 1804 νόμον
1545 1733 1779 1801 πεπλή-

192 1834 353 1885 ρωκε.

199 1927 776 2011 Πρὸςὶθεσσαλοχικεῖς
806 1933 893 2011 λγ,
922 1936 1207 2011 παρξήμξν
1239 1937 1309 2011 δὲλ
1343 1939 1443 2011 Hf:
1472 1938 1610 2011 πρὸς
1640 1939 1777 1993 θεσ-

267 1999 566 2074 σαλονικεῖς
585 2003 674 2074 ῨΒ¹,
704 2020 779 2074 ira
785 2004 833 2074 ρ’

258 2073 381 2143 παρ’
410 2075 546 2143 ἡμῖν
577 2073 632 2125 δὲ
666 2072 741 2127 Ε’.

255 2188 322 2239 α’.
344 2185 842 2253 Μνημονεύοντες
856 2184 1031 2256 ὑμεῖς
1061 2203 1207 2241 ποτε
1230 2188 1303 2242 τὰ
1330 2188 1499 2259 ἔθνη,
1525 2193 1580 2246 ol
1606 2193 1777 2261 λεγό-

185 2293 344 2344 μενοι
375 2278 749 2348 ἀκροϐυστία
779 2280 897 2334 ὑπὸ
939 2279 1052 2349 τῆς
1080 2281 1415 2352 λεγομένης
1456 2285 1780 2356 περιτομῆς

188 2369 252 2421 ὲν
272 2371 449 2439 σαρκὶ
476 2373 926 2442 χειροποιήτου,
960 2371 1066 2446 ἦτε
1110 2375 1190 2441 τῷ
1222 2373 1404 2444 καιρῷ
1428 2376 1638 2442 ἐκείνῳ
1668 2395 1781 2446 χω·

186 2459 273 2527 ρὶς
304 2464 590 2530 Χριστοῦ,
616 2466 1177 2537 ἀπηλλοτριωμένοι
1207 2467 1318 2536 τῆς
1343 2470 1653 2535 πολιτείας
1673 2469 1779 2524 τοῦ

200 2553 459 2625 Ἰσραὴλ,
512 2558 617 2611 καὶ
668 2558 839 2623 ξένοι
871 2558 993 2613 τῶν
1042 2559 1351 2628 Διαθηκῶν
1390 2559 1500 2629 τῆς
1530 2562 1782 2632 ἐπαγ-γε-

185 2646 336 2713 liae,
363 2648 595 2702 ἐλπίδα
611 2649 698 2719 μὴ
734 2648 982 2718 ἔχοντες
1013 2650 1113 2704 καὶ
1148 2648 1313 2705 ἄθεοι
1341 2649 1412 2703 ἐν
1448 2648 1528 2715 τῷ
1552 2651 1776 2720 κόσμῳ.

184 2738 324 2791 Νυνὶ
357 2739 425 2794 δὲ
473 2739 550 2794 ἐν
600 2740 836 2810 Χριστῷ
875 2740 1082 2808 Ἰησοῦ
1111 2740 1283 2810 ὑμεῖς
1315 2744 1368 2795 οἱ
1409 2741 1557 2794 ποτὲ
1610 2741 1781 2807 ὄντες

179 2831 407 2899 μακρὰν
451 2833 784 2905 ἐγενήθητε
838 2834 1019 2905 ἐγγὺς
1063 2835 1134 2888 ἐν
1189 2833 1268 2899 τῷ
1318 2834 1520 2902 αἵματι
1567 2834 1776 2889 αὐτοῦ.

178 2922 357 2991 Αὐτὸς
393 2925 509 2996 γάρ
538 2926 718 2980 ἐστιν
746 2927 784 2993 ὴ
812 2926 1020 2997 εἰρήνη
1050 2926 1239 2997 ὑμῶν,
1282 2926 1548 2996 ποιήσας
1575 2926 1645 2980 τὰ
1674 2927 1780 2995 ἀμ-

183 3012 395 3082 φότερα
421 3015 514 3079 ἓν,
554 3017 653 3069 καὶ
678 3015 747 3070 τὰ
776 3017 926 3087 ἑξῆς.

243 3105 307 3177 β’.
335 3110 429 3162 Διὸ
457 3098 636 3179 λέγει·
678 3111 932 3180 Ἔγειρε,
965 3112 998 3165 d
1030 3109 1355 3177 καθεύδων,
1386 3109 1487 3164 καὶ
1521 3109 1777 3179 ἐπιφαύ-

180 3213 267 3251 σει
291 3216 391 3256 σοι
424 3204 461 3258 ό
493 3203 779 3271 Χριστός.

242 3297 311 3359 γ’.
354 3292 509 3347 Ἀντὶ
545 3294 788 3361 τούτου,
814 3295 1165 3363 καταλείψει
1202 3294 1513 3364 ἅνθρωπος
1534 3294 1642 3348 τὸν
1669 3308 1780 3347 πα-

870 1995 1129 2076 ήμῖν’Θ’
1156 2009 1189 2082 ἡ
1218 2008 1355 2079 πρὸς
1392 1995 1673 2079 Ἑφέσὶὀυς
1701 2012 1776 2076 Z',
1812 1995 1853 2050 Β

1891 738 1953 792 Si
1997 748 2173 793 autem
2223 742 2606 808 praevaricator
2668 741 2797 812 legis
2841 742 2936 808 sis,
2983 745 3315 801 circumcisio
3382 760 3471 802 tua

1880 830 2201 897 .pra’putium
2233 832 2375 899 facta
2404 841 2483 885 est
2523 833 2563 885 ⁸.

1960 923 2014 977 5.
2064 923 2354 979 Habentem
2404 925 2637 994 formam
2679 925 3014 996 cognitionis,
3061 936 3111 982 et
3147 931 3386 985 veritatis
3420 932 3471 985 in

1888 1014 1997 1083 lege
2019 1013 2073 1067 ³..

1955 1106 2010 1161 4.
2030 1107 2215 1161 Adhuc
2254 1107 2409 1162 enim.
2426 1106 2691 1174 Christus,
2732 1124 2851 1161 cum
2884 1108 3056 1162 adhuc
3107 1110 3307 1178 inﬁrmi
3335 1129 3470 1166 esse-

1887 1211 2025 1260 mus,
2053 1196 2343 1251 secundum
2369 1206 2571 1267 tempus
2604 1213 2699 1267 pro
2732 1198 2909 1267 impiis
2941 1211 3180 1254 mortuus
3207 1201 3351 1255 est‘.

1958 1288 2010 1342 5.
2047 1287 2195 1344 Unde
2227 1290 2311 1345 lex
2325 1289 2535 1360 quidem
2555 1301 2764 1355 sancta,
2804 1300 2852 1344 et
2871 1291 3183 1346 mandatum
3205 1304 3471 1359 sanetum,

1885 1389 1934 1435 et
1947 1380 2177 1451 justum,
2204 1391 2252 1436 et
2283 1384 2476 1436 bonum
2506 1382 2550 1437 ⁸.

1954 1474 2005 1528 6.
2046 1471 2115 1527 Ut
2134 1473 2457 1544 justiﬁcatio
2480 1473 2609 1545 legis
2635 1473 2922 1542 impleatur
2953 1478 3023 1528 inv
3039 1475 3188 1530 nobis
3219 1475 3260 1532 ‘L

1957 1565 2006 1622 7.
2056 1564 2214 1621 Finis
2259 1568 2398 1622 enim
2459 1568 2584 1640 legis
2633 1566 2877 1625 Christus
2919 1571 2989 1623 ad
3026 1569 3299 1639 justitiam
3333 1573 3474 1625 omni

1881 1659 2116 1715 credenti
2150 1661 2193 1713 '.

1951 1752 2006 1807 8.
2040 1751 2147 1819 Qui
2170 1753 2307 1807 enim
2336 1752 2511 1825 diligit
2536 1754 2861 1821 proximum,
2896 1754 3058 1826 legem
3087 1755 3318 1825 implevit
3340 1756 3385 1811 ⁸.

1885 1951 2520 2025 Διιῴτιιθεειιιοιιίοριιεεε
2549 1953 2589 2025 1,
2628 1968 2750 2023 quae
2790 1960 2876 2009 est
2918 1952 3191 2025 apud_nos
3217 1951 3329 2025 V7|_|_l
3357 1970 3372 2021 ;
3404 1952 3473 2025 ad

1954 2022 2475 2094 Ihessalonqunses
2530 2024 2595 2091 ll,
2641 2021 2888 2094 Quaest
2944 2021 3086 2093 ὀριιά
3123 2038 3224 2079 nos
3259 2021 3356 2090 IX;
3406 2023 3471 2077 ad

1952 2092 2220 2164 Ephesios
2253 2092 2345 2147 VII
2369 2138 2383 2163 ,
2418 2095 2561 2165 apud
2594 2092 2696 2151 nos
2737 2093 2799 2148 V.

1953 2202 2005 2258 1.
2035 2202 2297 2277 Μεηιονεε
2316 2214 2499 2272 estote,
2528 2204 2672 2276 quod
2709 2203 2997 2275 aliquando
3032 2219 3120 2257 vos
3138 2202 3315 2264 eratis
3356 2217 3475 2273 gen-

1881 2304 1978 2361 tes,
2022 2296 2114 2366 qui
2166 2295 2482 2352 dicebamini
2538 2296 2879 2367 prmputium,
2918 2296 2983 2348 ab
3020 2311 3083 2349 ea
3112 2310 3231 2362 qua:
3276 2293 3475 2347 dicitur

1882 2390 2219 2444 circumcisio
2248 2391 2305 2445 in
2339 2406 2497 2445 carne
2519 2406 2681 2444 manu
2714 2389 2886 2459 facta.
2932 2385 3116 2441 Eratis
3138 2387 3232 2440 illo
3260 2387 3314 2440 in
3346 2394 3473 2440 tem-

1878 2498 2004 2551 pore
2025 2484 2137 2537 sine
2159 2481 2393 2547 Christo,
2427 2483 2649 2538 alienati
2679 2500 2710 2536 a
2750 2480 3144 2535 conversatione
3185 2477 3385 2542 Israel,
3423 2486 3473 2530 et

1879 2574 2107 2644 hospites
2132 2573 2176 2628 Τ
2175 2583 2587 2629 estamentorum
2619 2573 3012 2643 promissionis,
3051 2587 3195 2641 spem
3232 2587 3337 2625 non
3372 2568 3474 2622 ha-

1881 2664 2077 2729 bentes,
2107 2674 2157 2720 et
2179 2667 2293 2721 sine
2328 2665 2434 2720 Deo
2462 2665 2517 2718 in
2544 2662 2760 2718 mundo.
2799 2662 2959 2716 Nunc
2980 2672 3157 2716 autem
3174 2663 3230 2715 in
3262 2659 3473 2716 Christo

1878 2757 2009 2814 Jesu
2034 2774 2125 2813 vos
2150 2759 2241 2829 qui
2276 2757 2569 2829 aliquando
2598 2758 2764 2812 eratis
2804 2756 2976 2827 longe,
3007 2755 3138 2824 facti
3159 2756 3285 2809 estis
3312 2769 3472 2823 prope

1879 2850 1936 2904 in
1982 2851 2260 2921 sanguine
2282 2850 2473 2920 ipsius.
2509 2848 2632 2920 Ipse
2660 2850 2797 2903 enim
2828 2862 2936 2918 pas:
2966 2857 3171 2911 nostra,
3221 2846 3311 2916 qui
3352 2845 3475 2915 fecit

1881 2952 2103 3013 utraque
2141 2959 2308 2997 unum
2329 2944 2370 3007 ’,
2404 2949 2512 2998 etc.

3034 3050 3063 3069 ρ

1948 3121 2004 3177 2.
2042 3120 2169 3177 Ideo
2199 3121 2371 3177 dicit:
2403 3119 2703 3192 Surge.qui
2727 3119 2951 3184 dormis,
2985 3128 3034 3173 et
3074 3115 3397 3171 illuminabit
3427 3126 3475 3171 te

1880 3216 2125 3273 Christus
2154 3218 2218 3271 ¹⁰.

1954 3309 2010 3367 5.
2062 3308 2293 3377 Propter
2337 3307 2454 3371 hoc,
2488 3306 2745 3377 relinquet
2775 3305 2931 3360 homo
2960 3314 3165 3375 patrem
3203 3319 3382 3366 suum,
3424 3311 3472 3354 et

180 3380 310 3450 τέρα
336 3386 560 3454 αὑτοῦ,
608 3386 707 3440 καὶ
753 3386 870 3455 τὴν
910 3388 1154 3457 μητέρα,
1188 3387 1288 3441 καὶ
1331 3386 1778 3455 κολληθήσεται

1923 3411 2105 3457 latrem
2137 3418 2313 3467 suam,
2339 3410 2388 3455 et
2423 3398 2714 3454 adhcerebit
2743 3400 2920 3463 uxori,
2963 3407 3013 3453 et
3064 3406 3218 3451 erunt
3271 3396 3378 3450 duo
3419 3396 3473 3447 in

176 3474 245 3543 τῇ
268 3480 536 3547 γυναικὶ,
572 3479 673 3533 καὶ
722 3479 971 3534 ἔσονται
1016 3484 1070 3535 οἱ
1100 3480 1211 3535 δύο
1258 3482 1345 3548 εις
1374 3479 1571 3550 σάρκα
1607 3479 1776 3550 μίαν,

178 3569 320 3640 παρὰ
342 3571 423 3631 τὸ,
462 3570 543 3641 τῇ
580 3573 840 3641 γυναικί.

379 3686 533 3757 Πρὸς
572 3686 907 3750 Κολοσσαεῖς
946 3688 1027 3753 H',
1054 3687 1183 3759 παρ’
1215 3689 1347 3758 ἡμῖν
1382 3686 1440 3740 δὲ
1482 3687 1555 3741 Z’.

241 3797 336 3867 Mi)
396 3796 520 3856 οὖν
580 3817 671 3865 τις
727 3798 886 3869 ὑμᾶς
951 3801 1198 3869 κρινέτω
1237 3801 1307 3854 ὲν
1345 3798 1594 3868 βρώσει,
1640 3799 1678 3868 ἢ
1710 3799 1783 3852 ἑν

171 3890 363 3958 πόσει,
394 3892 437 3961 ἢ
466 3892 546 3946 ἐν
577 3892 744 3961 μέρει
774 3889 1009 3960 ἑορτῆς,
1050 3892 1088 3961 ἢ
1124 3891 1486 3962 Νεομηνίας,
1508 3892 1607 3946 καὶ
1634 3893 1781 3944 Σαϐ-

174 3979 381 4051 ϐἀτων,
409 3984 445 4038 ὅ
478 3987 625 4040 ἐστι
654 3984 802 4038 σκιὰ
833 3984 952 4039 τῶν
972 3986 1352 4054 μελλόντων.

170 4096 311 4174 “pb;
342 4102 639 4174 Φιλήμονα
668 4101 748 4174 Θζ,
780 4100 1074 4174 παρ’-ἡμῖν
1113 4099 1307 4174 δὲΑΠνἐ
1330 4098 1362 4169 ἢ
1389 4100 1491 4174 καὶ⁸
1511 4098 1614 4174 1Δ¹ῂ
1644 4099 1779 4174 πρὸς

234 4169 649 4242 «numam;
690 4170 750 4236 ι’,
804 4171 933 4242 παρ’
965 4169 1114 4242 ἡμῖν
1163 4170 1219 4224 δὲ
1252 4172 1354 4237 ς’·
1400 4170 1537 4240 πρὸς
1589 4169 1783 4223 Λαοδι-

231 4245 350 4306 κεῖς
384 4244 472 4296 1Ᾱ¹
484 4287 498 4299 .

229 4352 337 4423 Εἷς
371 4358 626 4426 Κύριος,
654 4356 767 4426 μία
796 4356 1023 4421 πίστις,
1051 4353 1122 4408 ἒν
1149 4352 1489 4422 βάπτισμα,
1517 4347 1606 4419 εἷς
1636 4351 1781 4418 Θεὸς

164 4450 259 4504 καὶ
290 4452 513 4520 Πατὴρ
570 4448 834 4514 πάντων,
866 4452 899 4503 ὀ
922 4449 1022 4504 ἐπὶ
1064 4446 1325 4511 πάντων,
1360 4447 1459 4502 καὶ
1505 4445 1603 4502 διὰ
1631 4444 1781 4500 πάν-

167 4555 301 4607 των,
342 4543 450 4596 καὶ
491 4542 570 4595 ἐν
603 4537 817 4594 πᾶσιν.

206 4655 345 4709 Ἀπὸ
380 4656 495 4727 τῆς
530 4655 672 4725 πρὸς
709 4653 958 4718 Γαλάτας
988 4653 1067 4719 A',
1100 4654 1228 4725 παρ’
1254 4655 1386 4724 ἡμῖν
1412 4656 1464 4705 A'
1488 4652 1583 4706 καὶ
1609 4654 1664 4706 A’
1693 4654 1732 4704 ‘.

225 4774 294 4823 α’.
329 4768 584 4824 Μάθετε
611 4766 700 4832 δὲ,
729 4766 816 4820 ὅτι
845 4766 1077 4835 δίκαιος
1108 4768 1178 4821 ἐκ
1221 4767 1483 4833 πίστεως
1512 4763 1771 4833 ζήσεται.

162 4856 340 4915 Ὅσοι
378 4862 503 4931 γὰρ
537 4858 656 4914 ὑπὸ
700 4861 908 4928 νόμον,
938 4861 1055 4914 ὑπὸ
1092 4858 1358 4929 κατάραν
1388 4860 1569 4915 εἰσίν.
1622 4860 1685 4911 ’0
1710 4858 1778 4912 δὲ

160 4951 439 5021 ποιήσας
475 4951 634 5006 αὐτὰ
660 4950 902 5021 ζήσεται
926 4951 998 5007 ἐν
1028 4952 1254 5019 αὐτοῖς.

232 5042 301 5113 β’.
320 5041 813 5111 Ἐπικατάρατος
835 5042 954 5111 πᾶς
980 5047 1013 5098 ὁ
1042 5042 1413 5114 κρεμάμενος
1441 5043 1542 5096 ἐπὶ
1565 5043 1778 5108 ξύλου.

189 5137 235 5188 0
260 5134 334 5188 δὲ
361 5136 439 5190 ἐκ
476 5135 592 5205 τῆς
613 5136 979 5207 ἐπαγγελίας
1003 5135 1101 5190 διὰ
1127 5136 1238 5205 τῆς
1260 5135 1602 5204 ἐλευθέρας.

230 5232 307 5293 γ’.
346 5226 753 5294 Μαρτύρομαι
803 5224 872 5278 δὲ
907 5224 1115 5291 πάλιν,
1150 5225 1239 5279 ὅτι
1279 5225 1592 5296 ἄνθρωπος
1618 5242 1783 5296 περι-

158 5316 553 5387 τετμημένος
582 5315 900 5387 ὀφειλέτης
922 5317 1094 5371 ἐστὶν
1110 5316 1257 5372 ὅλον
1280 5318 1389 5371 τὸν
1419 5319 1609 5387 νόμον
1635 5324 1786 5388 πλη-

288 5420 381 5461 αι.

288 5420 381 5461 αι.

148 5419 296 5548 ρωδεζ.
318 5496 483 5548 Ἀντὶ
506 5495 624 5564 τοῦ,
655 5497 845 5567 Μικρὰ
869 5496 1014 5568 ζύμη
1048 5497 1196 5553 ὅλον
1214 5466 1292 5552 ⁴τὸ
1317 5502 1559 5569 φύραμα
1594 5498 1780 5571 ζυμοῖ,

157 5591 427 5663 ἐποίησε,
456 5589 653 5647 δολοῖ.

236 5776 251 5805 ¹
282 5770 422 5827 For.
455 5772 696 5829 tollenda
732 5778 834 5829 ista
864 5777 956 5829 καὶ
985 5782 1051 5830 α’.

157 5841 391 5911 fliam.
426 5859 487 5904 χ,
535 5846 585 5898 4.
698 5847 719 5874 ⁸⁸
744 5844 904 5898 “om.
936 5863 1054 5911 xm,
1078 5848 1130 5901 8.

1809 4713 1857 4770 D

1881 3509 2091 3549 carnem
2113 3509 2275 3548 unam
2304 3493 2370 3558 ¹¹,
2407 3492 2629 3564 dempta
2671 3506 2807 3547 voce
2835 3491 3011 3545 uxori.

2008 3688 2175 3760 319
2200 3688 2278 3743 Ad
2321 3689 2683 3745 Colossenses
2733 3688 2881 3757 VIII,
2923 3688 3067 3760 apud
3108 3703 3211 3743 nos
3240 3685 3352 3741 VII.

1959 3800 2124 3857 Nemo
2170 3819 2292 3873 ergo
2333 3819 2422 3857 vos
2458 3803 2661 3873 judicet
2699 3803 2752 3856 in
2790 3801 2927 3867 cibo,
2992 3811 3040 3856 et
3091 3811 3239 3869 potu,
3274 3808 3366 3854 aut
3421 3801 3474 3852 in

1881 3901 2034 3959 parte
2064 3893 2192 3958 diei,
2253 3903 2349 3947 aut
2410 3891 2739 3961 Neomeniat,
2781 3902 2873 3948 aut
2919 3892 3301 3960 Sabbatorum,
3339 3893 3476 3961 quod

1880 3992 1957 4035 est
1989 3982 2180 4036 umbra
2209 3983 2513 4052 futurorum
2539 3984 2604 4037 ¹².

1881 4095 1964 4151 Ad
1982 4096 2361 4168 Philemonem
2381 4096 2473 4159 IX,
2512 4112 2633 4168 quae
2661 4097 2803 4168 apud
2830 4113 2931 4152 nos
2955 4107 3038 4168 est
3068 4096 3306 4168 Χιιιυιυι
3341 4092 3476 4168 XIV;

1955 4167 2023 4221 ad
2078 4167 2460 4292 liliilippenses
2515 4165 2585 4232 Χ,
2639 4165 2782 4239 apud
2829 4183 2933 4223 nos
2967 4165 3030 4220 Vl
3060 4183 3074 4233 ;
3109 4170 3174 4221 ad
3212 4166 3475 4220 Laodice-

1954 4253 2059 4294 nos
2167 4279 2181 4293 .

1961 4349 2107 4407 Unus
2134 4350 2412 4415 Dominus,
2470 4366 2577 4404 una
2609 4349 2763 4420 ﬁdes,
2812 4365 2977 4402 unum
3027 4349 3312 4417 baptisma,
3343 4363 3478 4400 unus

1888 4445 2026 4500 Deus
2066 4457 2115 4499 et
2159 4443 2326 4499 Pater
2358 4444 2616 4508 omnium,
2648 4443 2738 4513 qui
2775 4450 2854 4497 est
2889 4457 3049 4511 super
3082 4441 3286 4503 omnia,
3311 4449 3360 4494 et
3390 4454 3483 4508 per

1883 4539 2083 4603 omnia,
2121 4547 2170 4592 et
2196 4538 2251 4590 in
2284 4534 2528 4590 omnibus
2558 4536 2622 4589 ¹³.

2063 4652 2140 4708 Ειι
2173 4653 2414 4724 Epistola
2449 4652 2515 4706 ad
2557 4649 2779 4707 Galatas
2811 4649 2853 4716 l,
2889 4650 3032 4722 apud
3069 4666 3170 4705 nos
3205 4648 3319 4703 IV-

1958 4768 2009 4822 1.
2041 4767 2237 4822 Discite
2290 4778 2488 4832 autem,
2528 4767 2652 4837 quia
2677 4765 2859 4836 justus
2893 4781 2958 4819 ex
2981 4764 3087 4835 ﬁde
3126 4764 3268 4819 vivit.
3298 4763 3472 4831 Quot-

1884 4869 2011 4931 quot
2039 4861 2175 4915 enim
2210 4859 2305 4914 sub
2332 4861 2440 4930 lege
2468 4870 2610 4924 sunt,
2635 4860 2731 4915 sub
2767 4859 3054 4913 maledicto
3075 4867 3218 4912 sunt.
3252 4857 3357 4922 Qui
3389 4872 3480 4909 au-

1886 4963 1993 5008 tem
2022 4954 2201 5019 fecerit
2231 4954 2361 5020 ista,
2395 4954 2522 5008 vivet
2549 4953 2603 5006 in
2634 4953 2711 5006 eis
2740 4953 2803 5006 ιδ.

1959 5045 2014 5099 2.
2036 5044 2358 5099 Maledictus
2379 5045 2550 5099 omnis
2584 5046 2673 5114 qui
2701 5043 2887 5112 pendet
2910 5044 2966 5097 in
2989 5042 3150 5113 ligno.
3177 5039 3282 5107 Qui
3305 5045 3481 5091 autem

1889 5154 1955 5192 ea:
1974 5139 2323 5207 promissione
2342 5146 2444 5203 est,
2472 5152 2540 5192 ex
2569 5136 2741 5191 libera
2774 5138 2839 5193 ”.

1959 5231 2014 5287 5.
2052 5230 2333 5302 Testiﬁcor
2364 5246 2604 5290 rursum,
2635 5230 2886 5299 quoniam
2935 5228 3089 5283 homo
3137 5227 3483 5280 circumcisus

1888 5321 2091 5378 debitor
2112 5331 2189 5377 est
2224 5323 2484 5378 universa:
2511 5322 2641 5393 legis
2676 5320 2956 5390 implenda:
2990 5319 3052 5372 ".

1964 5506 2016 5560 4.
2052 5505 2158 5560 Pro
2182 5521 2249 5561 eo
2276 5505 2424 5576 quod
2462 5514 2582 5572 est,
2616 5502 2886 5559 Modicum
2934 5503 3251 5571 fermentum
3312 5512 3481 5556 totam

1892 5615 2128 5653 massam
2157 5599 2448 5667 corrumpit
2471 5599 2540 5664 ",
2573 5597 2881 5668 rescripsit,
2907 5595 3197 5650 adulterat.

1131 5780 1150 5806 '
1186 5778 1343 5849 lion).
1382 5794 1437 5832 ιι.
1469 5778 1559 5833 ‘23.
1638 5781 1658 5811 ³
1695 5781 1778 5833 “tit

1923 5787 1951 5836 ι.
2030 5784 2049 5815 ³
2082 5784 2238 5837 Rom.
2274 5800 2326 5849 ν,
2363 5784 2415 5837 6.
2484 5785 2511 5816 δ’
2536 5783 2691 5837 Rom.
2727 5799 2822 5843 vn.
2860 5782 2946 5836 12:
3026 5784 3046 5815 ⁸
3084 5781 3241 5836 Rom.
3278 5797 3393 5841 vni,
3423 5783 3476 5834 4.

1235 5850 1255 5881 9
1299 5845 1496 5917 I‘Jplws.
1550 5860 1619 5915 ιι,
1656 5851 1840 5905 11-14.

1961 5855 2001 5885 ¹⁰
2036 5852 2232 5923 Epiros.
2266 5871 2320 5914 ν,
2360 5855 2445 5909 I1;
2553 5855 2591 5886 “
2634 5854 2768 5910 ibid;
2796 5854 2883 5909 51.
2965 5853 3252 5911 "‘Coloss.
3288 5866 3353 5918 ιιι
3396 5850 3480 5905 16.

165 5909 210 5942 ¹³
236 5912 459 5986 Ερίλοε·
503 5928 571 5978 ιν,
737 5916 957 5971 “Cum
1009 5909 1090 5986 ιιι,
1129 5920 1213 5974 10.
1292 5909 1500 5974 ιδῑωιι.
1540 5909 1622 5999 14.
1704 5922 1778 5964 ¹¹⁶<

1923 5936 1949 5979 ι.
1992 5940 2045 5991 v,
2075 5909 2127 5980 ἐ.
2209 5926 2247 5957 ιτ
2278 5909 2411 5981 ibid.
2437 5925 2495 5981 9.
