3934 6422
190 467 282 522 7ὶ5

842 474 1210 535 ADVERSUS
1249 475 1594 533 HERESES
1635 481 1764 536 LIB.
1798 478 1838 536 1.
1897 483 2063 540 10M.
2093 483 2179 541 Η.
2216 518 2285 527 —
2316 487 2589 547 ll.‘ERES.
2623 490 2781 547 XLII.

3348 495 3452 550 796

252 585 326 641 ιδ’.
376 586 461 641 Ἐν
487 585 564 658 τῷ
596 586 744 657 νόμῳ
773 586 1082 659 γέγραπται
1101 605 1117 621 θ
1144 589 1274 644 Ὀτι
1294 590 1364 644 ἐν
1387 590 1741 660 ἑτερογλώσ-

1940 599 2101 669 321
2132 602 2216 657 Η.
2247 600 2315 656 In
2354 604 2466 675 lege
2503 607 2761 675 scriptum
2792 616 2870 661 est
2904 622 2922 659 :
2954 607 3222 672 Quoniam
3248 610 3301 663 in
3330 610 3454 665 aliis

184 697 336 746 σοις,
369 678 467 738 καὶ
498 680 567 733 ἐν
597 681 872 751 χείλεσιν
922 681 1148 751 ἑτέροις
1175 682 1431 749 λαλήσω
1457 683 1607 749 πρὸς
1646 682 1754 737 τὸν

183 771 326 825 λαὸν
350 769 584 827 τοῦτον.

247 868 322 918 ιε’.
359 866 431 919 Al
480 862 764 932 γυναῖκες
813 864 886 917 ἐν
932 863 1063 930 ταῖς
1098 865 1458 934 ἐκκλησίαις
1504 864 1753 936 σιγάτω-

184 970 313 1009 σαν.
350 957 431 1010 Οὐ
472 956 581 1026 γὰρ
614 956 1037 1025 ἐπιτέτραπται
1068 958 1281 1025 αὑταῖς
1326 959 1572 1014 λαλεῖν·
1615 959 1752 1014 ἀλλ’

186 1045 746 1114 ὑποτασσέσθωσαν,
781 1048 979 1114 καθὼς
1011 1048 1112 1102 καὶ
1142 1050 1174 1102 ό
1201 1049 1389 1117 νόμος
1421 1048 1608 1119 λέγει.

244 1144 335 1201 ις’.
373 1138 511 1210 Περὶ
531 1138 889 1203 ἀναστάσεως
926 1137 1159 1213 νεκρῶν
1196 1138 1464 1208 Γνωριζω
1493 1138 1562 1193 δὲ
1585 1139 1750 1208 ὑμῖν,

180 1228 433 1299 ἀδελφοὶ,
468 1228 536 1283 τὸ
559 1230 952 1302 Εὐαγγέλιον,
984 1230 1016 1287 ὃ
1048 1230 1544 1301 εὐηγγελισάμην
1575 1230 1748 1301 ὑμῖν·

182 1321 262 1377 καὶ
286 1322 386 1387 ὅτι,
421 1324 492 1377 El
519 1326 551 1377 ὁ
574 1323 830 1392 Χριστὸς
856 1326 969 1379 οὐκ
1001 1322 1332 1394 ἐγήγερται,
1347 1324 1626 1395 μάταιον,
1658 1320 1753 1380 nul

177 1413 239 1467 ti
287 1414 435 1485 ἑξῆς.
489 1415 690 1482 Οὕτως
739 1416 1169 1486 κηρύσσομεν,
1236 1416 1335 1470 καὶ
1385 1416 1577 1483 οὕτως
1621 1416 1749 1470 ἐπι-

178 1506 529 1576 στεύσαμενο
584 1506 675 1561 ὅτι
725 1506 982 1575 Χριστὸς
1037 1507 1335 1570 ἀπέθανε,
1388 1509 1487 1564 καὶ
1536 1510 1749 1579 ἐτάφη,

177 1597 264 1651 καὶ
291 1595 597 1667 ἐγήγερται
628 1599 796 1669 τρίτῃ
839 1599 1050 1669 ἡμέρᾳ.
1083 1602 1269 1655 Ὅταν
1306 1599 1375 1653 δὲ
1421 1600 1488 1655 τὸ
1528 1602 1751 1669 θνητὸν

178 1688 335 1743 τοῦτο
361 1688 689 1759 ἐνδύσηται
740 1692 1113 1754 ἀθανασίαν,
1168 1693 1303 1746 τότε
1350 1692 1669 1762 γενήσεται
1717 1697 1750 1748 ὁ

175 1779 338 1850 λόγος
369 1783 403 1835 ό
441 1781 884 1853 γεῃοαμμένος·
935 1785 1246 1851 Κατεπόθη
1287 1787 1320 1839 ὀ
1358 1784 1616 1852 θάνατος
1661 1788 1748 1851 εὶς

175 1889 342 1939 νικος.

1873 688 2093 760 linguis,
2118 700 2171 745 et
2204 691 2363 748 labiis
2397 695 2588 765 loquar
2616 699 2807 769 populo
2835 698 2957 753 huic
2988 699 3033 755 ³.

1930 860 2018 917 15.
2053 859 2306 917 Mulieres
2346 864 2400 916 in
2446 864 2683 918 ecclaiis
2737 872 2970 918 taceant.
3009 856 3132 916 Non
3162 860 3301 917 enim
3336 873 3456 929 par-

1856 953 2092 1009 mittitur
2134 954 2209 1008 eis
2263 955 2426 1024 loqui,
2475 958 2565 1009 sed
2618 954 2859 1009 subditas
2897 969 3032 1017 esse,
3085 952 3224 1006 sicut
3274 959 3326 1005 et
3370 949 3456 1004 lca:

1854 1043 1990 1099 dicit
2029 1044 2072 1098 ⁸.

1928 1133 2011 1190 16.
2046 1133 2120 1191 De
2160 1138 2568 1193 resurrectione
2615 1146 2959 1193 mortuorum
2992 1131 3238 1190 :Notum
3271 1141 3447 1187 autem

1855 1229 1998 1285 vobis
2047 1229 2212 1298 facio,
2259 1230 2479 1300 fratres,
2538 1230 2920 1304 Erangelium,
2978 1227 3117 1299 quod
3166 1226 3454 1299 pradicaoi

1854 1319 1996 1379 vobis
2041 1321 2082 1381 ⁵.
2126 1320 2255 1378 Item
2294 1342 2307 1378 :
2352 1321 2413 1378 Si
2462 1321 2711 1378 Christus
2776 1339 2882 1376 non
2937 1320 3266 1384 resurrexit,
3324 1319 3447 1372 ina-

1855 1413 1959 1474 nis,
1996 1422 2104 1468 etc.
2160 1411 2252 1470 Sic
2298 1414 2675 1485 pmdicamus,
2704 1426 2756 1470 et
2801 1416 2880 1469 sic
2917 1413 3268 1476 credidimus,
3314 1426 3449 1482 quo-

1853 1504 1998 1561 niam
2040 1504 2286 1562 Christus
2329 1518 2572 1562 mortuus
2615 1515 2726 1571 est,
2768 1516 2818 1561 et
2857 1506 3115 1576 sepultus,
3141 1512 3191 1559 et
3216 1518 3452 1558 "surre—

1850 1596 1931 1649 xit
1963 1598 2121 1652 tertia
2148 1596 2254 1657 die.
2288 1598 2423 1655 Cum
2453 1609 2631 1655 autem
2680 1600 2907 1654 mortale
2944 1598 3041 1652 hoc
3078 1595 3313 1651 induerit
3350 1595 3452 1649 im-

1853 1689 2258 1755 mortalitatem,
2296 1701 2422 1747 tunc
2451 1692 2541 1761 ﬁet
2575 1707 2750 1746 sermo
2788 1692 2879 1763 qui
2918 1690 3148 1759 scriptus
3189 1699 3269 1744 est
3292 1704 3315 1743 :
3341 1687 3452 1742 Ah-

1851 1790 2038 1849 sorpta
2067 1790 2144 1837 est
2186 1800 2328 1838 ntors
2364 1784 2418 1838 in
2449 1784 2671 1838 victoria
2697 1785 2737 1839 ⁸.

206 1983 307 2055 Τῆς
345 1985 479 2057 πρὸς
521 1986 845 2062 Κορινθίους
877 1988 951 2062 B',
994 1990 1133 2062 παρ’
1177 1988 1327 2061 αὐτῴ
1360 1990 1417 2043 δὲ
1461 1990 1554 2043 καὶ
1584 1992 1713 2062 παρ’

1858 1973 1929 2029 Ex
1989 1975 2232 2046 Epistula
2282 1980 2323 2034 ll
2360 1981 2427 2037 ad
2475 1980 2823 2062 corinthios.-
2846 1994 2970 2050 quae
3014 1986 3125 2034 tam
3166 1979 3243 2034 illi
3281 1992 3447 2050 quam

821 2060 956 2131 ἡμῖν
993 2057 1069 2114 Γ.

232 2172 294 2221 α’.
335 2167 505 2223 Ὅσαι
551 2171 662 2241 γὰρ
716 2171 1068 2243 ἐπαγγελίαι
1130 2174 1316 2238 Θεοῦ,
1367 2175 1437 2227 ἐν
1483 2173 1644 2240 αὐτῷ
1679 2174 1745 2228 τὸ

170 2256 259 2310 καί
274 2273 287 2289 ο
316 2256 404 2312 διὸ
437 2259 544 2314 καὶ
573 2260 649 2314 δι’
682 2262 870 2317 αὐτοῦ
915 2264 982 2317 τὸ
1012 2263 1177 2333 ἀμὴν
1202 2264 1284 2331 τῷ
1315 2264 1457 2331 Θεῷ.

235 2347 291 2419 β’.
325 2351 405 2405 θὺ
438 2351 553 2421 γὰρ
597 2346 854 2420 ἑαυτοὺς
887 2357 1303 2425 κηρύσσομεν,
1337 2356 1500 2411 ἀλλὰ
1529 2357 1748 2425 Κύριον

184 2437 407 2507 Ἰησοῦν
432 2444 720 2513 Χριστὸν,
747 2445 1004 2513 ἑαυτοὺς
1037 2446 1107 2500 δὲ
1151 2448 1416 2515 δούλους
1454 2447 1622 2519 ὑμῶν
1650 2448 1748 2502 διὰ

184 2528 365 2596 Ἰησοῦ
390 2533 676 2601 Χριστοῦ.
710 2534 841 2588 Ὅτι
873 2538 905 2589 ό
937 2535 1083 2602 Θεὸς
1110 2539 1143 2590 ό
1171 2536 1357 2591 εἰπὼν
1385 2538 1454 2592 ἐκ
1484 2538 1747 2604 σκότους

168 2617 278 2688 φῶς
304 2623 566 2695 λάμψαι.
1464 2702 1471 2707 μ

228 2721 291 2783 γ’.
327 2716 621 2787 Ἔχοντες
660 2717 729 2772 δὲ
758 2719 823 2773 τὸ
876 2719 1023 2774 αὐτὸ
1056 2721 1305 2791 Πνεῦμα
1338 2721 1447 2789 τῆς
1486 2722 1747 2788 πίστεως

169 2806 252 2860 καὶ
283 2809 447 2879 ἡμεῖς
476 2812 850 2881 πιστεύομεν
883 2813 980 2868 καὶ
1025 2813 1360 2883 λαλοῦμεν.
1399 2812 1655 2884 Ἐξέκοψε
1685 2814 1743 2867 δὲ

166 2895 218 2950 τὸ
246 2901 385 2956 κατὰ
414 2904 478 2956 τὸ
515 2889 951 2974 γεγραμμένον.

224 2990 360 3066 Αὕτη
408 2996 441 3067 ἡ
500 2996 872 3069 νενοθευμένη
924 2996 1019 3053 τοῦ
1064 2998 1393 3069 Μαρκίωνος
1451 2996 1739 3064 σύνταξις,

167 3081 343 3154 ἔχουσα
379 3086 479 3158 μὲν
511 3089 850 3160 χαρακτῆρα
889 3091 984 3142 καὶ
1014 3088 1184 3143 τύπον
1222 3089 1319 3144 τοῦ
1358 3090 1501 3144 κατά
1527 3093 1742 3145 Λουκᾶν

167 3174 512 3247 Εὐαγγελίου,
555 3180 648 3233 καὶ
700 3181 915 3237 Παύλου
950 3181 1047 3236 τοῦ
1088 3181 1391 3238 ἀποστόλου
1441 3183 1540 3253 οὐχ
1596 3182 1738 3246 ὅλον,

2456 2053 2618 2109 nobis
2645 2060 2731 2109 est
2760 2051 2846 2107 Ill.

1924 2164 1973 2218 Ι.
2016 2166 2286 2235 Quotquot
2331 2164 2471 2219 enim
2508 2166 2889 2234 promissiones
2943 2164 3039 2221 Dei
3072 2174 3217 2229 sunt,
3258 2165 3313 2221 in
3350 2163 3451 2221 illo

1847 2263 1925 2309 est
1955 2270 1974 2309 :
2008 2255 2124 2311 ideo
2161 2266 2213 2312 et
2238 2271 2334 2326 per
2356 2256 2530 2325 ipsum
2551 2273 2706 2317 amen
2729 2257 2842 2316 Deo
2873 2259 2919 2313 τ.

1918 2349 1973 2405 2.
2004 2348 2128 2402 Non
2162 2350 2301 2403 enim
2340 2350 2693 2420 nosmetipsos
2731 2350 3106 2421 pra'diramus.
3140 2350 3233 2407 sed
3261 2349 3449 2405 Domi-

1848 2460 1973 2497 num
2006 2442 2191 2498 Jesum
2221 2441 2538 2506 Christum;
2568 2460 2663 2498 nos
2694 2452 2872 2497 autem
2911 2461 3089 2499 servos
3127 2455 3327 2499 vestros
3355 2458 3444 2511 per

1846 2533 2031 2589 Iesum
2064 2534 2359 2591 Christum.
2405 2534 2673 2601 Quoniam
2716 2535 2859 2591 Deus
2891 2537 2979 2607 qui
3028 2536 3167 2591 dixit
3204 2535 3271 2590 de
3308 2546 3446 2592 teno-

1849 2625 1958 2682 bris
1992 2627 2162 2682 lucem
2193 2625 2550 2696 splendescere
2578 2628 2622 2681 ⁸.

1917 2720 1971 2775 5.
2005 2717 2277 2775 Habentes
2306 2728 2485 2774 autem
2533 2724 2775 2776 eumdem
2804 2721 3052 2793 spiritum
3090 2720 3218 2791 ﬁdei
3254 2730 3306 2776 et
3352 2737 3447 2776 nos

1847 2812 2113 2869 credimus
2160 2821 2213 2868 et
2264 2813 2534 2885 loquimur
2566 2814 2609 2869 ’.
2654 2813 2753 2871 Uhi
2808 2829 2974 2875 voces
3023 2814 3149 2877 illas
3199 2813 3446 2878 sustulit,

1845 2904 1981 2958 sicut
2012 2906 2266 2974 scriptum
2295 2915 2394 2963 est.

1917 2992 2042 3050 Ilaec
2101 3006 2188 3051 est
2246 2995 2542 3052 Marcionis
2596 2996 2903 3054 adulterina
2962 2998 3054 3055 illa
3114 2999 3443 3059 lucubratio.

1844 3084 1976 3152 Quae
2033 3095 2141 3140 tam
2182 3085 2462 3160 Evangelii
2511 3088 2816 3147 secundum
2854 3089 3081 3158 Lucam,
3113 3108 3281 3163 quam
3317 3092 3439 3164 Epi-

1844 3178 2110 3235 stolarum
2166 3178 2323 3235 Pauli
2377 3181 2611 3252 apostoli
2658 3182 2893 3241 formam
2951 3183 3304 3257 speciemque
3357 3202 3444 3243 re-

164 3268 217 3320 οὑ
253 3270 437 3326 πασῶν
480 3270 599 3325 τῶν
643 3273 807 3327 αὐτοῦ
845 3274 1208 3338 Ἐπιστολῶν,
1261 3273 1399 3329 ἀλλά
1449 3274 1609 3346 μόνον
1640 3275 1739 3345 τῆς

1858 3279 2175 3340 praesentat;
2206 3288 2308 3331 nec
2363 3288 2554 3330 earum
2608 3281 2793 3331 tamen
2844 3276 3118 3343 omnium,
3151 3277 3247 3334 sed
3296 3278 3447 3341 illius

173 3359 286 3430 πρὸς
316 3362 646 3436 Ῥωμαίους,
675 3368 769 3420 xui.
799 3367 898 3439 τῆς
935 3368 1073 3438 πρὸς
1111 3367 1422 3438 Ἐφεσίους,
1472 3368 1568 3422 καὶ
1607 3369 1742 3439 πρὸς

168 3447 460 3521 Κολοσσεῖς,
493 3457 600 3511 καὶ
651 3456 753 3528 τῆς
794 3458 932 3529 πρὸς
981 3458 1302 3527 Λαοδικεῖς,
1340 3461 1437 3513 καὶ
1484 3461 1593 3515 ἀπὺ
1643 3463 1743 3533 τῆς

166 3542 284 3613 πρὸς
322 3546 615 3614 Γαλάτας,
673 3549 769 3603 καὶ
820 3550 920 3621 τῆς
981 3550 1119 3623 πρὸς
1151 3551 1471 3625 Κορινθίους
1518 3552 1742 3625 πρώτης

163 3633 243 3685 καὶ
279 3634 573 3711 δευτέρας,
618 3639 711 3691 καὶ
756 3640 856 3714 τῆς
890 3639 1031 3711 πρὸς
1069 3641 1484 3708 Θεσσαλονικείς
1517 3643 1742 3717 πρώτης

162 3726 242 3779 καὶ
264 3728 545 3804 δευτέρας,
584 3732 680 3785 καὶ
714 3733 816 3804 τῆς
845 3734 981 3806 πρὸς
1013 3733 1313 3806 Φιλήμονα,
1352 3737 1446 3791 καὶ
1467 3735 1742 3809 Φιλιππη-

163 3816 311 3883 σίους,
334 3823 559 3893 καὶτῆς
587 3822 727 3893 πρὸς
765 3822 1033 3893 Τιμόθεον
1064 3822 1291 3896 πρώτης
1321 3825 1416 3879 καὶ
1457 3826 1740 3898 δευτέρας,

162 3913 244 3965 καὶ
275 3916 406 3986 πρὸς
439 3915 636 3979 Τίτον,
676 3916 772 3969 καὶ
800 3917 898 3988 τῆς
935 3917 1073 3989 πρὸς
1110 3917 1395 3989 Ἐϐραίους
1428 3917 1537 3972 τῶν
1566 3921 1739 3989 ἐμφε-

163 4004 384 4073 ρομένων
406 4008 545 4080 παρ’
572 4008 741 4078 αὐτῷ,
766 4008 842 4070 ὡς
869 4009 931 4061 οὐ
967 4008 1352 4082 πληρεστάτων
1373 4009 1570 4074 οὐσῶν,
1606 4011 1743 4065 ἀλλά

159 4093 224 4159 ώς
247 4099 301 4152 ὲν
334 4101 726 4174 παραχαράξει
748 4117 760 4129 °
798 4101 1138 4173 πανταχόθεν
1166 4102 1223 4157 δὲ
1263 4103 1364 4173 τὴν
1401 4104 1570 4176 αὐτὴν
1613 4105 1739 4158 σύν-

158 4184 292 4251 ταξιν
339 4190 913 4264 ὲρῤᾳδιουργημὲνην,
962 4195 1058 4246 καὶ
1105 4193 1163 4246 ἓν
1205 4212 1315 4247 τισι
1365 4194 1574 4261 λέξεσιν
1617 4199 1739 4250 ἐπι-

159 4282 377 4353 ποιήτως
407 4285 737 4358 προσθήκην
767 4284 1021 4356 ἔχουσαν,
1048 4287 1148 4341 οὐκ
1179 4290 1259 4354 εἰς
1285 4288 1580 4359 ὠφέλειαν,
1605 4289 1742 4345 ἀλλὰ

159 4374 227 4437 είς
267 4376 499 4448 ἥσσονας
562 4381 659 4433 καὶ
719 4380 1038 4444 ὲπιδλαὸεῐς
1095 4381 1398 4450 ξενολεξίας
1454 4384 1599 4437 κατὰ
1638 4384 1741 4455 τῆς

158 4464 329 4534 ὑγιοῦς
358 4471 620 4538 πίστεως,
654 4473 719 4525 ἐκ
750 4472 845 4526 τοῦ
879 4471 1047 4526 αὐτοῦ
1089 4473 1607 4546 ἐμϐεϐροντημένου
1642 4475 1738 4529 τοῦ

159 4554 510 4632 βοσκήματος.

1845 3364 2114 3419 duntaxat
2138 3381 2261 3436 quae
2290 3366 2360 3421 ad
2388 3364 2670 3423 Romanos
2687 3376 2776 3425 est
2800 3368 3048 3440 scripta;
3082 3378 3138 3426 et
3167 3369 3237 3427 ad
3268 3371 3443 3443 Ephe-

1847 3456 1981 3520 sios,
2005 3465 2063 3511 et
2111 3456 2180 3510 ad
2229 3456 2589 3514 Colossenses
2615 3476 2630 3513 :
2658 3473 2870 3515 necnon
2901 3457 2971 3514 ad
3002 3457 3361 3526 Laodicenos,
3390 3469 3447 3517 et

1844 3546 1912 3603 ad
1969 3546 2215 3617 Galatas,
2263 3560 2318 3607 et
2364 3549 2430 3607 ad
2469 3550 2792 3608 Corinthios
2823 3551 2997 3623 prima
3044 3566 3111 3609 ac
3160 3552 3440 3618 secunda:

1844 3639 1975 3696 item
2018 3640 2088 3698 ad
2122 3640 2667 3710 'l‘hessalonicenses,
2724 3644 2901 3715 prima
2948 3652 3003 3700 et
3054 3643 3330 3709 secunda;
3373 3641 3441 3701 ad

1842 3733 2216 3793 Philemonem
2238 3755 2253 3805 ;
2272 3737 2342 3792 arl
2364 3735 2776 3809 Philippe-uses;
2804 3736 2874 3797 ad
2898 3736 3245 3795 Timotheum
3266 3735 3442 3808 prima

1843 3835 1900 3883 et
1954 3827 2230 3896 secunda;
2292 3829 2363 3885 ad
2440 3829 2648 3894 Titum,
2700 3838 2757 3886 et
2823 3831 2891 3886 ad
2942 3829 3221 3891 Hebraeos.
3294 3827 3442 3895 Quae

1843 3936 2037 3979 omnes
2082 3936 2190 3977 non
2236 3921 2500 3994 integras,
2531 3921 2633 3979 sed
2680 3923 3005 3995 depravatae
3049 3936 3115 3979 ac
3165 3921 3443 3981 mutilatas

1843 4010 2165 4082 complexus
2199 4021 2304 4069 est.
2349 4012 2502 4070 Adeo
2530 4011 2774 4082 quidem,
2810 4020 2983 4068 totum
3034 4021 3093 4073 ut
3123 4011 3258 4068 illud
3304 4026 3442 4081 opus

1843 4104 1985 4157 mala
2016 4102 2123 4159 ﬁde
2157 4104 2434 4168 vitiatum,
2468 4113 2524 4160 et
2552 4103 2883 4176 quihusdam
2928 4103 3263 4163 dictionibus
3292 4103 3441 4160 insu-

1843 4209 1939 4265 per
1970 4192 2174 4250 additis
2215 4195 2604 4267 interpolatum
2639 4193 2828 4251 fuerit.
2856 4193 3013 4263 Quod
3041 4210 3152 4251 non
3192 4209 3433 4256 commu-

1842 4286 1929 4343 nis
1989 4286 2245 4343 utilitatis
2293 4286 2492 4359 gratia,
2538 4286 2634 4342 sed
2682 4285 2751 4340 ad
2798 4302 2994 4343 vocum
3038 4285 3435 4359 periculosissi-

1842 4394 1986 4434 marn
2050 4379 2347 4437 novitatem
2402 4377 2785 4444 aifectandam,
2847 4377 3055 4435 furiosa
3112 4377 3205 4433 illa
3260 4376 3440 4441 bellua

1843 4470 2022 4528 facere
2052 4471 2306 4527 instituit.

218 4649 398 4707 Ταῦτα
429 4655 489 4709 δὲ
541 4656 674 4726 ἡμῖν
705 4656 1039 4727 πεπόνηται,
1060 4658 1154 4710 καὶ
1199 4656 1734 4729 πεπολυπραγμόνη-

1915 4652 2078 4724 322
2116 4649 2240 4706 ιΙιιιο
2269 4661 2451 4708 autem
2481 4651 2665 4706 omnia
2699 4665 2767 4706 ex
2793 4666 2882 4716 eo,
2914 4665 3079 4721 quem
3110 4661 3429 4705 commemo-

154 4754 232 4794 ται
252 4745 312 4799 ἐκ
338 4748 438 4819 τῆς
468 4748 601 4819 παρ’
622 4748 788 4802 αὐτοῦ
814 4752 829 4779 ¹
857 4750 1299 4823 προλελεγμένης
1326 4750 1547 4824 γραφῆς
1575 4752 1734 4805 Ἀπο-

159 4834 333 4889 στόλου
364 4856 424 4893 τε
471 4840 571 4894 καὶ
602 4838 696 4893 τοῦ
743 4839 888 4895 κατά
925 4843 1143 4896 Λουκᾶν
1186 4842 1555 4911 Εὑαγγελίου·
1595 4843 1734 4896 εἰδέ-

156 4940 234 4979 ναι
266 4928 502 5003 ’ἔχοιεν
554 4931 757 4996 πάντες
805 4933 856 4984 οἱ
910 4931 1241 5005 πειρώμενοι
1296 4933 1598 5003 ἀντιλέγειν
1664 4936 1731 5005 τῇ

155 5018 306 5074 αὑτοῦ
362 5023 577 5097 πλάνῃ,
626 5025 708 5078 ὅτι
750 5025 820 5078 τὰ
875 5026 974 5097 μὲν
1031 5025 1468 5099 παρηλλαγμένα
1512 5030 1733 5100 ῥήματα

154 5113 282 5167 κατὰ
312 5116 667 5190 ῥᾳδιουργίαν
692 5118 1010 5173 ὲντέτακται
1031 5136 1042 5147 ·
1080 5122 1183 5175 ὅσα
1211 5120 1268 5174 δὲ
1296 5120 1396 5174 οὐκ
1429 5121 1732 5192 ἐμφέρεται

155 5203 206 5255 ὲν
234 5210 343 5271 τοῖς
382 5209 608 5281 οἰκείοις
637 5208 827 5274 τόποις
859 5210 1161 5280 συληθέντα
1204 5211 1442 5282 ὑπάρχει
1489 5213 1594 5266 ὑπὸ
1632 5213 1732 5285 τῆς

155 5295 307 5352 αὐτοῦ
344 5301 574 5374 τόλμης.
610 5302 800 5357 Ταῦτα
841 5301 950 5374 γὰρ
985 5302 1157 5356 ἐδόκει
1199 5305 1226 5355 ὁ
1274 5302 1557 5373 κτηνώδης
1593 5304 1731 5374 μόνα

154 5385 359 5443 ἐναντία
396 5387 558 5456 εἶναι,
596 5392 901 5461 ἀντιλέγειν
932 5394 997 5463 τῇ
1042 5391 1209 5445 αὐτοῦ
1252 5390 1573 5463 ἐπιπλάστῳ
1612 5395 1730 5446 ἐπι-

154 5478 281 5552 vola.

221 5573 370 5628 Ἔστι
409 5577 467 5631 δὲ
509 5578 691 5649 τρίτον
723 5576 879 5648 ἡμῶν
910 5576 1006 5646 τῆς
1039 5577 1359 5646 φιλοκαλίας
1393 5577 1452 5630 τὸ
1495 5593 1732 5644 συναγαο

152 5664 261 5729 γείν
286 5666 387 5721 ὅσα
420 5673 550 5739 παρ’
582 5669 730 5740 αὐτῷ
770 5686 829 5723 τε
870 5669 963 5723 καὶ
996 5671 1124 5739 παρ’
1162 5672 1295 5739 ἡμῖν
1330 5668 1558 5740 εὓρηται
1608 5686 1730 5722 συν-

223 5894 237 5921 ι
400 5897 530 5965 παρξ
562 5896 733 5965 αὐτῷ.
837 5898 855 5925 ³
887 5893 1011 5949 Fur.
1047 5896 1131 5947 ἵνα
1180 5895 1277 5949 εἰδ.

275 5907 354 5959 χρ.
400 5897 530 5959 παρ’
562 5896 733 5959 αὐτῷ.
837 5898 855 5925 ¹
887 5894 1011 5949 Fur.
1047 5896 1131 5947 ἵνα
1180 5895 1277 5949 εἰδ.
1376 5896 1394 5924 ³
1422 5894 1545 5948 Cur.
1589 5912 1701 5957 xw,
1744 5896 1829 5949 2|.
1882 5895 1899 5927 ³
1932 5894 2059 5950 ibid.
2098 5894 2186 5951 5L.

162 5971 271 6025 xui,
306 5962 393 6017 14.
468 5962 489 5996 ⁷⁷
514 5964 564 6021 ιι
590 5962 717 6023 Cor.
762 5982 798 6032 ι,
832 5967 921 6022 20.
1000 5968 1020 5998 ⁸
1045 5967 1089 6021 ll
1120 5967 1246 6023 Cor.
1282 5982 1356 6033 tv,
1390 5966 1446 6034 5,
1469 5968 1526 6021 l5.
1604 5968 1622 5997 ³
1658 5965 1788 6022 ih.d.
1829 5966 1911 6022 l5.

1848 4746 2125 4807 ravimus,
2161 4744 2434 4815 Apostoli,
2476 4743 2865 4819 Evangeliique
2921 4740 3086 4797 Lucae
3137 4741 3297 4810 libro,
3332 4757 3441 4812 quo

1842 4841 1891 4896 is
1925 4841 2120 4902 tttitur,
2156 4852 2451 4909 excerpere
2484 4851 2550 4892 ac
2588 4835 2819 4907 seligere
2851 4836 3185 4892 studuimus.
3219 4832 3290 4891 Ut
3316 4833 3438 4905 qui-

1842 4949 2059 5004 cunque
2106 4931 2374 4988 adversus
2422 4931 2568 4986 illius
2616 4944 2860 4987 errorem
2905 4927 3190 5000 disputare
3238 4926 3440 4982 fuerint

1842 5025 2107 5097 aggressi,
2144 5024 2298 5094 prius
2335 5023 2641 5094 intelligant
2673 5021 2922 5094 quaedam
2969 5022 3040 5077 ab
3072 5036 3139 5076 eo
3184 5034 3428 5075 commu-

1843 5128 1953 5175 tata
1988 5116 2276 5182 vocabula,
2311 5131 2377 5171 ac
2409 5131 2508 5187 per
2532 5114 2779 5171 fraudem
2814 5128 2881 5170 ac
2908 5114 3171 5168 malitiam
3209 5112 3415 5167 iliaci-ta

1840 5211 1971 5276 Quae
2007 5224 2136 5264 vero
2167 5207 2287 5265 suis
2321 5209 2457 5263 locis
2501 5206 2727 5262 minime
2772 5205 3147 5276 reperiuntur,
3188 5201 3437 5273 ejusdem

1839 5310 1969 5356 sunt
2016 5301 2245 5356 audacia
2299 5302 2605 5357 subtracta.
2645 5297 2769 5354 Haec
2806 5298 2952 5354 enim
2987 5297 3151 5353 homo
3184 5296 3438 5366 stupidus

1839 5395 1957 5450 sola
1991 5410 2115 5450 esse
2142 5393 2410 5463 judicavit
2446 5392 2840 5448 eommeutitiis
2872 5391 2985 5445 illis
3010 5390 3127 5445 suis
3164 5389 3435 5460 opinioni-

1841 5487 1945 5542 hus
1974 5486 2273 5541 contraria.

1910 5578 2130 5633 Tertius
2153 5592 2282 5633 vero
2304 5587 2563 5648 prieterca
2591 5584 2884 5647 susceptus
2915 5591 2944 5629 a
2969 5576 3126 5632 nobis
3148 5585 3235 5630 est
3256 5573 3435 5637 labor,

1841 5678 1898 5724 ut
1957 5669 2011 5724 in
2061 5686 2228 5723 unum
2273 5669 2649 5725 conferremus
2698 5668 2906 5733 omnia,
2952 5667 3019 5723 de
3063 5669 3263 5739 quitus
3310 5684 3437 5723 cum

2291 5900 2311 5929 ³
2342 5896 2358 5950 l
2392 5899 2519 5953 (Sor.
2561 5914 2647 5996 xy,
2819 5897 2840 5928 ⁶
2873 5893 3003 5951 ibid.
3040 5894 3114 5949 M
3136 5897 3433 5965 sqqquae.
