3934 6444
163 420 290 476 7‘23

829 425 1195 483 ADVERSUS
1231 427 1575 483 llA-ZRESES
1614 427 1743 483 LIB.
1789 428 1832 481 Ι.
1874 428 2041 483 TUM.
2087 425 2176 481 Ill.
2218 455 2288 467 --
2326 426 2602 484 HAERES.
2638 428 2807 485 XLII.

3380 430 3483 486 730

258 534 491 607 Ἔλεγχ.
532 554 599 605 γ.
628 536 738 591 Δύο
757 540 919 605 εὐθὺς
955 545 1014 596 ἐν
1050 543 1256 614 ταυτῷ,
1287 546 1383 599 καὶ
1407 543 1533 599 Υἱδν
1571 544 1781 617 ἀνθρώ·

1959 543 2143 599 Refut.
2193 545 2247 600 5.
2312 543 2431 600 Duo
2478 546 2642 600 simul
2697 547 2800 601 hoc
2849 545 2904 600 in
2948 546 3066 600 loco
3110 545 3364 600 Salvator
3414 546 3483 600 de

166 643 317 689 που,
350 628 447 680 καὶ
471 626 661 697 κύριον
695 630 976 687 Σαϐϐἀτού
1001 636 1192 690 ἑαυτὸν
1220 638 1251 690 6
1286 636 1478 709 Σωτὴρ
1502 637 1778 708 ὁμολογεῖ,

163 716 481 782 διδάσκων,
512 719 599 772 ἵνα
635 721 710 791 μὴ
747 722 810 776 τὸ
843 725 1122 781 Σάϐϐατον
1158 726 1439 801 ἀλλότριον
1479 729 1582 798 τῆς
1611 728 1778 783 αὐτοῦ

167 811 468 881 ποιήσεως
501 812 825 884 νομίζηται·
871 817 975 871 κᾶν
1002 836 1061 872 τε
1097 818 1327 890 ἔσχατον
1350 821 1371 862 ίμ
1404 820 1534 885 Υἱὸς
1565 819 1779 892 ἀνθρώ-

168 916 294 954 που
331 901 442 954 ἀπὸ
471 902 570 972 τῆς
605 905 872 977 ὲνσάρκου
898 911 1203 981 παρουσίας
1234 912 1431 985 κληθῇ.

258 993 421 1063 Σχόλ.
452 994 494 1047 δ’
500 1036 515 1049 .
565 996 801 1052 Ἰούδαν
838 1001 1247 1072 Ἰσκαριώτην,
1274 1005 1342 1072 ὃς
1370 1005 1609 1075 ἐγένετο
1637 1021 1754 1074 προ

170 1084 398 1154 δύτης.
434 1089 582 1142 Ἀντὶ
612 1089 670 1143 δὲ
709 1090 826 1157 τοῦ,
874 1094 1093 1165 κατέϐη
1128 1098 1257 1167 μετ’
1296 1096 1515 1161 αὐτῶν,
1561 1098 1780 1166 κατέϐη

170 1175 259 1232 ἐν
289 1179 518 1247 αὐτοῖς.

262 1271 471 1343 ’Έλεγχ
516 1272 578 1327 δ’.
608 1275 838 1343 Ἰούδας
876 1277 1277 1349 Ἰσκαριώτης,
1297 1280 1365 1348 ὃς
1386 1280 1623 1351 ἐγένετο
1646 1294 1787 1349 προ-

173 1362 392 1432 δότης.
433 1366 591 1430 Τίνος
635 1367 800 1437 λέγε;
837 1369 1062 1434 Πάντως
1096 1372 1193 1425 τοῦ
1239 1372 1660 1445 συλληφθέντος,
1694 1371 1784 1425 ναὶ

179 1454 300 1525 μὴν
317 1456 412 1508 καὶ
429 1456 593 1511 ἑσταυ
602 1458 873 1528 ρωμένου,
886 1460 1169 1517 καὶπολλὰ
1185 1464 1534 1529 πεπονθότος.
1551 1464 1677 1528 Πῶς
1691 1459 1784 1519 οὖν

178 1545 520 1617 συλληφθεὶς
556 1549 921 1621 σταυροῦται,
956 1555 985 1606 6
1017 1554 1092 1625 μὴ
1136 1555 1241 1608 ὑπὸ
1284 1556 1428 1628 ἁφὴν
1459 1556 1785 1611 ὑποπίπτων

178 1638 337 1693 κατὰ
358 1639 451 1692 τὸν
494 1639 587 1693 σὺν
616 1641 796 1709 λόγον,
826 1637 872 1697 ὧ
901 1646 1204 1716 Μαρκίων;
1232 1648 1465 1719 Δόκησιν
1498 1648 1607 1719 γὰρ
1644 1646 1784 1703 εἶναι

177 1727 394 1797 λέγεις.
427 1729 847 1804 Ἑλεγχθήσεται
870 1734 929 1788 δὲ
952 1738 985 1807 ἡ
1011 1737 1243 1792 ὑπόνοιά
1266 1755 1358 1792 σου
1378 1779 1393 1801 ,
1422 1738 1546 1792 ἀντὶ
1574 1738 1669 1792 τοῦ
1691 1754 1785 1807 γε·

178 1820 459 1891 γρὰφθαι.
492 1823 691 1877 Ἰούδαν
711 1826 1001 1899 προδότην.
1037 1829 1323 1900 Προὲδωκε
1354 1831 1463 1903 γὰρ
1514 1832 1608 1886 καὶ
1636 1844 1785 1903 παρ-

1883 634 2066 704 seipso
2097 635 2385 704 profitetur
2414 653 2428 691 :
2464 637 2727 691 nimirum
2750 636 2950 692 Filium
2984 637 3224 692 hominis
3254 653 3314 692 se
3337 653 3483 702 esse,

1883 725 2216 799 Sabbatique
2237 728 2547 794 dominum,
2571 745 2642 785 ne
2675 728 2978 785 Sabhatum
3009 745 3038 784 a
3067 730 3352 784 molitione
3383 745 3482 785 sua

1889 817 2191 874 abhorrere
2212 820 2560 888 crederetur;
2593 822 2810 877 etiamsi
2840 823 2983 893 quod
3010 831 3347 893 postremum
3375 829 3480 883 est.

1882 908 2055 966 Filius
2093 910 2334 967 hominis
2365 912 2438 968 ob
2471 922 2811 984 assumptam
2839 930 3060 969 carnem
3099 915 3424 985 appelletur.

1955 1003 2142 1058 Schol.
2177 1002 2231 1057 4.
2267 1003 2467 1058 Judam
2524 1003 2839 1068 lscarioten,
2872 1007 2965 1076 qui
3012 1006 3113 1075 fuit
3167 1006 3412 1075 proditor
3436 1006 3479 1064 ⁸⁵.

1882 1092 1989 1148 Pro
2017 1110 2084 1150 eo
2122 1110 2252 1150 vero
2274 1094 2419 1165 quod
2455 1104 2561 1161 est,
2590 1096 2864 1152 descendit
2896 1114 3015 1151 cum
3045 1098 3174 1166 ipsis
3200 1099 3243 1163 ⁸,
3268 1098 3484 1153 descen-

1882 1188 1963 1241 dit
1994 1188 2048 1241 in
2082 1188 2244 1253 ipsos,
2277 1188 2426 1258 legit.

1956 1277 2140 1334 Refut.
2176 1279 2229 1332 4.
2262 1276 2437 1334 Iudas
2470 1276 2784 1342 Iscariotes.
2818 1281 2911 1350 qui
2934 1279 3041 1350 fuit
3076 1281 3341 1351 proditor.
3370 1282 3479 1336 (Ξυ-
3580 1285 3585 1290 ’

1880 1369 2100 1441 jusnam
2144 1370 2412 1426 obsecro?
2453 1368 2726 1424 Nimirum
2774 1372 2944 1437 illius,
2990 1373 3082 1442 qui
3125 1372 3487 1443 comprehcn-

1885 1477 2002 1528 sus,
2035 1461 2146 1516 imo
2185 1471 2238 1516 et
2280 1461 2337 1516 in
2375 1478 2593 1518 crucem
2641 1462 2895 1520 sublatus
2943 1464 3227 1535 multaque
3262 1479 3485 1534 perpes-

1885 1569 1982 1610 sus
2012 1566 2114 1610 est.
2162 1553 2408 1621 Quanam
2458 1556 2625 1627 igitur
2670 1555 2886 1611 ratione
2942 1557 3376 1627 comprehensus
3406 1555 3472 1609 ai-

1886 1645 1974 1717 ἢεί
2033 1647 2183 1703 cruci
2242 1649 2464 1718 poterit,
2512 1648 2618 1721 .qui
2689 1649 3023 1705 contrectari
3084 1649 3371 1713 manibus,
3427 1656 3483 1704 ut

1884 1737 2186 1802 existimas,
2220 1754 2330 1794 non
2370 1747 2572 1809 potest,
2626 1755 2660 1794 ο
2709 1724 2953 1797 Maircio?
2989 1741 3137 1796 Nihil
3168 1743 3314 1798 enim
3350 1757 3479 1812 pne-

1886 1840 1970 1883 ter
1996 1828 2212 1883 inanem
2248 1832 2486 1899 speciem
2524 1831 2740 1888 tribuis.
2774 1832 2880 1887 Sed
2915 1834 3028 1889 licet:
3064 1845 3156 1889 tua
3188 1835 3375 1904 opinio
3405 1834 3483 1889 l‘a-

180 1913 396 1967 ἐδωκεν
426 1915 506 1978 εἰς
547 1919 738 1987 χεῖρας
764 1918 1070 1990 ἀνθρώπων
1106 1923 1201 1976 τὸν
1241 1922 1439 1976 ἑαυτοῦ
1478 1924 1781 1994 Δεσπότην.

1906 1914 1987 1968 :ile
2012 1914 2381 1979 convincitur,
2408 1930 2474 1969 ex
2525 1930 2592 1971 eo
2631 1914 2778 1985 quod
2817 1917 3085 1987 scriptum
3136 1928 3242 1984 est,
3285 1915 3484 1974 Judam

181 2005 361 2059 Οὐδὲν
394 2006 453 2059 δέ
490 2024 549 2059 σε
592 2007 770 2081 ὢνησε
806 2011 868 2064 τὸ
891 2053 907 2079 ,
945 2013 1176 2081 Κατέόη
1214 2015 1285 2068 ἐν
1326 2015 1532 2082 αὐτοῖς
1579 2015 1782 2085 λέγειν,

178 2097 312 2150 ἀντὶ
339 2097 455 2161 τοῦ,
494 2102 624 2169 μετ’
663 2102 875 2160 αὐτῶν.
921 2105 996 2158 Ού
1043 2107 1154 2177 γὰρ
1199 2106 1426 2162 δύνασαι
1475 2108 1783 2179 φαντασίαν

179 2185 418 2257 ὁρίζειν,
455 2190 547 2242 τὸν
580 2192 734 2264 παρὰ
765 2195 848 2246 σοι
876 2195 1048 2251 κακόν
1068 2198 1089 2228 ³
1122 2214 1175 2251 τι
1216 2196 1446 2271 ὕστερον
1493 2200 1605 2256 ὑπὸ
1640 2199 1787 2269 ἁφὴν

186 2280 465 2335 πίπτοντα
492 2282 864 2356 δεικνύμενον.

265 2544 424 2616 Σχόλ.
474 2544 537 2601 ε’.
583 2548 696 2602 Καὶ
754 2547 876 2615 πᾶς
926 2552 959 2605 d
1016 2551 1202 2620 ὄχλος
1248 2550 1438 2618 ἐζήτει
1490 2551 1785 2607 ἅπτεσθαι

182 2637 397 2692 αὐτοῦ.
419 2639 528 2693 Καὶ
554 2640 740 2707 αὐτὸς
761 2641 988 2712 ἐπάρας
1016 2643 1160 2711 τοὺς
1191 2642 1541 2715 ὀφθαλμοὺς
1573 2644 1783 2709 αὐτοῦ,

187 2733 292 2785 καὶ
312 2732 381 2786 τὰ
407 2732 554 2804 ἑξῆς.

266 2821 498 2895 Ἐλεγχ.
528 2831 591 2880 ε’.
629 2825 756 2894 Πῶς
798 2825 962 2880 πάλιν
1001 2829 1030 2881 6
1065 2827 1223 2899 ὄχλος
1272 2827 1503 2898 ἠδύνατο
1544 2826 1785 2899 ἅψασθαι

187 2916 289 2970 τοῦ
320 2918 466 2987 ἁφὴν
500 2918 574 2990 μὴ
607 2918 856 2989 ἐχοντοςς
893 2919 1090 2984 Ποίους
1130 2920 1537 2993 δὲβφθαλμοὺς
1578 2921 1786 2992 ἐπῆρεν

189 3011 276 3074 είς
304 3010 566 3081 οὐρανοὺς
594 3014 622 3064 6
661 3014 726 3065 ὲκ
756 3012 957 3083 σαρκὸς
989 3012 1064 3084 μὴ
1096 3012 1479 3084 ήρμοσμένοςς
1529 3012 1666 3065 Ἀλλ’
1699 3013 1786 3066 ἵνα

188 3100 381 3172 δείξῃ,
430 3100 513 3154 ὅτι
566 3102 793 3174 μεσίτης
824 3102 960 3157 Θεοῦ
1000 3105 1097 3159 καὶ
1141 3103 1448 3176 ἀνθρώπων
1499 3104 1787 3175 ἄνθρωπος

191 3192 433 3265 Χριστὸς
475 3192 701 3264 Ἰησοῦς,
741 3193 881 3265 ἔχων
930 3195 1001 3249 τὰ
1036 3196 1345 3268 ἀμφότερα,
1381 3195 1441 3263 ἐξ
1479 3193 1785 3267 ἀνθρώπων

195 3285 302 3357 μὲν
347 3286 445 3357 τὴν
490 3287 707 3359 σάρκα,
756 3289 821 3342 ὲκ
869 3289 927 3343 δὲ
968 3289 1104 3344 Θεοῦ
1153 3290 1371 3362 [ἰατρὸς
1415 3289 1517 3362 τὴν
1556 3289 1788 3361 ἀόρατον
1814 3285 1856 3307 “¹

192 3377 403 3432 οὐσίαν.

271 3559 465 3631 Σχόλχ.
510 3567 587 3627 ς’.
632 3562 798 3615 Κατά
820 3562 890 3617 τὰ
936 3562 1089 3617 αὐτὰ
1117 3563 1367 3618 ἐποίουν
1398 3563 1521 3630 τοῖς
1557 3563 1792 3634 προφή-

196 3670 332 3720 ταις
358 3657 413 3709 οί
441 3654 695 3724 πατέρες
722 3655 911 3726 ὑμῶν.

278 3748 509 3819 Ἔλεγχ.
549 3747 622 3814 ς’.
665 3750 729 3803 El
757 3750 1051 3822 npogcncé‘w
1097 3750 1392 3823 μέμνηται,
1423 3751 1525 3805 οὐκ
1547 3752 1792 3823 ἀρνεῖται

203 3841 494 3912 προφήτας
512 3856 526 3870 ο
569 3843 618 3894 εί
648 3841 858 3894 ὲκδικεῐ
881 3842 975 3896 τὸν
1000 3841 1111 3895 τῶν
1157 3841 1453 3913 προφητῶν
1483 3842 1662 3910 φόνον,
1698 3842 1795 3896 καὶ

200 3931 453 3997 ὀνειδίζει
498 3933 627 3997 τοὺς
661 3935 1070 4002 πεφονευκότας
1100 3952 1159 3988 τε
1200 3935 1294 3989 καὶ
1327 3933 1657 3999 διώξαντας,
1694 3933 1794 3988 οὐκ

200 4024 487 4096 ἀλλότριος
544 4025 843 4096 προφητῶν
895 4027 1186 4097 τυγχάνει,
1237 4025 1377 4080 ἀλλὰ
1433 4026 1566 4090 Θεὸς
1615 4026 1795 4079 αὐτῶν

202 4117 465 4187 ὑπάρχει,
491 4119 519 4170 6
547 4117 646 4189 τὴν
671 4117 934 4172 σύστασιν
961 4118 1143 4173 αὐτῶν
1179 4117 1519 4188 ποιούμενος.

278 4207 435 4277 Σχόλ.
464 4206 527 4273 ζ’.
565 4208 730 4279 Λέγω
761 4208 938 4280 ὺμῒνο
970 4210 1285 4278 Τοσαύτην
1311 4210 1520 4263 πίστιν
1556 4208 1699 4263 οὐδὲ
1725 4209 1796 4264 ἐν

205 4299 289 4366 τῷ
327 4300 577 4369 Ἰσραὴλ
607 4297 809 4369 εὗρον.
1408 4353 1413 4357 .

284 4394 504 4466 Ἕλεγχ.
538 4392 600 4459 ζ’.
622 4395 684 4447 Εἰ
713 4394 834 4448 οὐδὲ
867 4395 925 4447 ὲν
953 4393 1033 4463 τῷ
1068 4391 1286 4463 Ἰσραὴλ
1320 4391 1576 4462 τοιαύτην
1612 4392 1796 4446 πίστιν

210 4479 391 4557 εὗρεν,
424 4486 499 4550 ὡς
535 4488 594 4538 ἐν
638 4485 717 4557 τῷ
764 4485 872 4538 ἀπὸ
915 4484 1087 4538 ἐθνῶν
1127 4483 1336 4537 ἐλθόντι
1386 4484 1793 4556 ἑκατοντάρχῃ,

1883 2003 2244 2079 proditorem.
2274 2003 2483 2061 Revera
2523 2005 2726 2076 quippe
2766 2006 3056 2061 Dominum
3104 2024 3265 2063 suum
3298 2008 3473 2079 prodi-

1852 2095 1998 2163 ,dit,
2051 2104 2106 2151 et
2155 2095 2210 2150 in
2267 2110 2463 2154 manus
2511 2098 2793 2154 hominum
2840 2098 3084 2153 tradidit.
3133 2098 3320 2170 Neque
3358 2115 3483 2155 vero

1872 2180 2109 2243 ’causam
2158 2194 2307 2242 tuam
2364 2189 2632 2255 sublevat,
2673 2191 2842 2260 quod,
2880 2191 3161 2246 Descendit
3214 2193 3269 2248 in
3320 2194 3483 2261 ipsos,

1884 2293 2018 2344 non,
2056 2296 2176 2334 cum
2205 2281 2357 2351 ipsis,
2388 2283 2763 2340 substitueris.
2808 2282 2996 2355 Neque
3020 2287 3164 2340 enim
3199 2302 3358 2342 cassa
3392 2287 3459 2340 ad

1887 2371 2246 2443 umbrataque
2282 2374 2468 2444 specie
2505 2374 2733 2430 delinire
2780 2385 2933 2446 potes
2982 2377 3167 2443 illum,
3201 2394 3361 2447 quem
3404 2390 3483 2434 ta-

1886 2471 1977 2519 ctu
2020 2471 2334 2534 perceptum
2374 2466 2546 2523 fuisse
2581 2469 2788 2523 lateare
2823 2468 2939 2538 ipse
2972 2470 3055 2525 vel
3086 2469 3309 2526 invitus.

1955 2557 2121 2630 324
2158 2557 2344 2615 Schol.
2374 2561 2427 2615 5.
2454 2560 2523 2614 Et
2547 2562 2718 2615 omnis
2751 2560 2909 2614 turba
2930 2561 3197 2631 quaerebat
3225 2578 3343 2616 eum
3368 2572 3491 2616 tan-

1884 2665 2022 2718 gere.
2053 2648 2121 2703 Et
2152 2651 2280 2720 ipse,
2309 2652 2522 2706 elevatis
2553 2652 2723 2707 oculis
2761 2654 2873 2708 suis
2916 2654 2958 2719 ⁸,
2989 2661 3092 2708 etc.

1958 2826 2139 2884 Reiut.
2176 2829 2230 2885 5.
2261 2829 2366 2896 Qui
2396 2830 2614 2886 tandem
2645 2838 2870 2904 tangere
2907 2832 3058 2887 illum
3096 2832 3256 2888 turba
3287 2834 3487 2903 potuit,

1885 2920 1979 2989 qui
2039 2927 2247 2975 tactum
2300 2937 2517 2976 omnem
2572 2923 2868 2994 ellugeret?
2903 2924 3187 2990 Quosnam
3247 2941 3378 2980 vero
3431 2925 3486 2980 in

1886 3012 2085 3066 cmlum
2115 3015 2306 3070 oculos
2339 3016 2584 3080 sustulit,
2627 3017 2719 3086 qui
2769 3017 2996 3073 minime
3038 3030 3101 3073 ex
3152 3033 3319 3073 carne
3354 3034 3488 3072 cor.-

1887 3106 2101 3160 staret?
2154 3106 2259 3163 Sed
2319 3114 2379 3161 ut
2433 3109 2655 3176 planum
2707 3107 2931 3176 faceret,
2985 3111 3339 3166 mediatorem
3396 3109 3486 3165 Dei

1888 3205 1944 3252 et
1975 3197 2254 3253 hominum
2293 3198 2569 3255 hominem
2615 3215 2738 3256 esse
2790 3199 3071 3256 Christum
3099 3200 3285 3257 Iesum
3320 3203 3363 3268 ⁷,
3393 3201 3485 3271 qui

1892 3299 2184 3361 utrumque
2209 3291 2686 3362 complecteretur,
2714 3298 2881 3361 atque
2923 3292 2993 3346 ab
3036 3292 3349 3348 hominibus
3374 3307 3500 3347 car-

1892 3399 2038 3447 nem,
2079 3398 2111 3437 a
2156 3382 2266 3439 Deo
2295 3399 2427 3439 vero
2483 3382 2645 3437 Patre
2694 3391 2948 3436 naturam
3000 3384 3321 3454 accepiSset,
3368 3399 3487 3454 qua

1888 3475 2176 3531 oculorum
2207 3474 2380 3531 aciem
2413 3473 2642 3546 fugeret.

1962 3564 2149 3622 Schol.
2203 3564 2255 3621 6.
2306 3565 2607 3620 Secundum
2662 3566 2773 3621 Itwc
2823 3568 3010 3623 eadem
3045 3565 3315 3636 faciebant
3368 3580 3488 3634 pro-

1888 3656 2062 3728 phetis
2088 3668 2267 3727 patres
2303 3658 2466 3713 vestri
2495 3659 2538 3712 ⁸.

1963 3749 2145 3808 Refut.
2188 3749 2242 3805 6.
2290 3749 2428 3805 Cum
2465 3751 2854 3821 prophetarum
2909 3750 3243 3806 mentionem
3302 3746 3489 3811 faciat,

1892 3841 2189 3911 prophetas
2240 3856 2349 3895 non
2397 3842 2671 3912 repudiat.
2719 3841 2970 3913 Cumque
3023 3841 3241 3895 illorum
3284 3838 3489 3892 caedem

1896 3931 2214 4000 ulciscatur,
2246 3932 2420 4002 iisque
2449 3933 2541 4003 qui
2576 3931 2898 3988 occiderunt
2931 3947 2996 3987 ac
3040 3930 3311 4002 persecuti
3339 3939 3489 3992 sunt,

1895 4023 2041 4079 istud
2068 4024 2246 4094 ipsum
2272 4023 2591 4093 exprobret,
2618 4038 2727 4077 non
2758 4038 2789 4077 a
2819 4022 3102 4094 prophetis
3130 4022 3365 4083 alienus,
3394 4018 3490 4074 sed

1893 4115 2212 4171 earumdem
2250 4112 2394 4169 Deus
2421 4113 2545 4174 erit.
2570 4131 2598 4166 ει
2627 4130 2736 4184 quo
2770 4114 2846 4168 illi
2882 4112 3148 4184 originem
3184 4120 3488 4166 traxerunt.

1967 4207 2152 4262 Schol.
2186 4207 2236 4260 7.
2273 4206 2406 4260 Dico
2469 4206 2612 4261 vobis
2641 4248 2655 4273 ,
2690 4204 2813 4260 Non
2861 4206 3036 4259 inveni
3081 4213 3283 4258 tantam
3333 4202 3492 4273 ﬁdem

1844 4306 1853 4315 ’
1895 4315 2058 4368 πέψω
2086 4300 2141 4352 in
2171 4297 2349 4353 Israel
2379 4300 2423 4353 ’.

1970 4388 2152 4446 Refut.
2188 4389 2236 4442 7.
2275 4388 2330 4442 Si
2366 4404 2435 4443 ne
2470 4389 2525 4443 in
2555 4387 2721 4444 Israel
2747 4387 2967 4459 quidem
3003 4396 3153 4441 tanta
3187 4394 3271 4441 est
3304 4383 3494 4439 abillo

1900 4482 2034 4549 ﬁdes
2061 4481 2301 4543 inventa,
2335 4488 2538 4550 quanta
2574 4482 2627 4534 in
2661 4480 2985 4536 centurione
3016 4477 3108 4533 illo
3138 4475 3349 4548 gentili,
3382 4490 3491 4529 non

210 4580 322 4652 ἄρα
352 4580 411 4633 οὐ
448 4578 606 4648 ψέγει
633 4579 731 4650 τὴν
764 4578 858 4632 τοῦ
898 4578 1119 4651 Ἰσραὴλ
1158 4578 1361 4632 πίστιν.
1398 4580 1461 4631 Εἰ
1497 4575 1606 4647 γὰρ
1642 4576 1788 4631 ἁλλό-

1906 4573 2068 4644 igitur
2099 4570 2316 4628 lsraelis
2359 4573 2516 4629 [idem
2565 4572 2914 4627 condemnat.
2951 4569 3054 4636 Qui
3086 4569 3131 4625 si
3162 4584 3192 4623 a
3224 4568 3334 4622 Deo
3361 4566 3492 4621 alie-

211 4672 408 4748 τριον³
435 4671 569 4726 Θεοῦ
596 4673 834 4743 ὑπῆρχε,
878 4673 974 4726 καὶ
1005 4673 1105 4725 οὐκ
1146 4672 1312 4726 αὐτοῦ
1354 4671 1447 4725 καὶ
1490 4669 1585 4723 τοῦ
1625 4668 1792 4724 αὐτοῦ

216 4763 448 4834 Πατρὸς,
477 4764 578 4817 οὐκ
608 4763 675 4817 ἂν
707 4764 911 4834 ταύτης
938 4765 1176 4816 ἐποιεῖτο
1206 4763 1296 4816 τὸν
1328 4762 1564 4819 ἔπαινον.

285 4855 439 4926 Σχόλ.
469 4863 538 4926 η’.
575 4855 1039 4926 Παρηλλαγμὲνον
1068 4854 1148 4918 τὺ,
1187 4853 1489 4921 Μακάριος
1518 4854 1585 4919 ὃς
1610 4855 1682 4908 οὐ
1712 4852 1798 4923 μὴ

216 4946 641 5016 σκανδαλισθῇ
694 4948 764 5001 ἐν
794 4947 944 5017 ἐμοί.
1000 4944 1125 5017 Εἶχε
1172 4946 1281 5016 γὰρ
1321 4947 1396 5008 ὼς
1438 4945 1575 5018 πρὸς
1620 4945 1802 4999 Ἰωάν-

216 5059 317 5111 νην
350 5039 484 5110 (67).

294 5132 513 5202 Ἐλεγχ.
539 5137 610 5202 η’.
628 5130 806 5184 Κᾶντε
851 5129 988 5203 πρὸς
1020 5131 1275 5202 Ἰωάννην
1313 5129 1449 5201 ἔχοι,
1478 5131 1641 5184 κᾶντε
1664 5128 1801 5200 πρὸς

221 5223 386 5280 αὑτὸν
422 5223 514 5276 τὸν
555 5223 814 5294 Σωτῆρα,
862 5220 1158 5294 μακαρίζει
1206 5223 1333 5286 τοὺς
1380 5222 1457 5293 μὴ
1516 5219 1803 5274 σκανδαλι-

221 5314 484 5386 ζομένους
508 5315 628 5385 ἦτοι
672 5316 730 5367 ἐν
774 5313 947 5384 αύτῷ,
988 5315 1106 5384 ἢτοι
1136 5316 1195 5367 ὲν
1235 5314 1492 5387 Ἰωάννῃ·
1537 5313 1625 5365 ἵνα
1658 5310 1731 5382 μὴ
1768 5312 1805 5365 ἃ

224 5404 303 5481 μὴ
334 5405 574 5461 ἀκούωσι
612 5405 744 5476 παρ’
790 5404 955 5458 αὐτοῦ
996 5406 1208 5468 ἑαυτοῖς
1253 5404 1621 5457 πλάσσωνται.
1649 5403 1803 5473 Ἔχει

224 5649 291 5698 ιι,
329 5635 383 5690 5.
459 5635 481 5666 ⁸
512 5629 763 5698 ιιυο.”νι,
787 5632 877 5688 ‘23.
955 5637 976 5666 ’
1012 5631 1145 5688 Luc.
1173 5648 1269 5694 vn,
1301 5632 1354 5686 9.
1432 5631 1476 5661 '°
1508 5629 1641 5684 ibid.
1674 5629 1767 5683 93.

302 5787 413 5858 {67)
447 5786 723 5843 Postrema
758 5786 947 5858 verba,
978 5782 1092 5857 εἶχε
1114 5786 1222 5858 γὰρ
1249 5784 1324 5858 ὡς
1352 5784 1493 5858 πρὸς
1526 5783 1801 5858 Ἰωάννην,

227 5853 405 5931 Supra
434 5859 488 5914 in
526 5861 767 5914 locorum
801 5853 1204 5913 iudiculo'cum‘
1231 5853 1440 5911 schoiio
1469 5856 1503 5910 9
1544 5853 1806 5925 copulan-

1903 4682 2007 4720 nus
2036 4672 2203 4731 esset,
2243 4681 2421 4735 neque
2466 4673 2561 4719 aut
2608 4662 2675 4718 ad
2720 4679 2800 4727 se,
2841 4670 2934 4717 aut
2960 4662 3026 4716 ad
3074 4660 3291 4717 Patrem
3332 4675 3492 4714 suum

1904 4760 2182 4821 attineret,
2216 4773 2558 4827 nequaquam
2592 4757 2737 4810 illam
2774 4755 3111 4826 praedicaret.

1977 4851 2163 4904 Schol.
2202 4850 2255 4905 8.
2296 4849 2560 4903 Mutatum
2614 4847 2758 4903 istud
2815 4855 2899 4902 est
2940 4865 2952 4899 :
3000 4845 3197 4899 Beatus
3246 4844 3336 4913 qui
3389 4857 3493 4895 non

1904 4943 2063 5012 fuerit
2098 4943 2496 4995 scandalizatus
2548 4942 2604 4994 in
2646 4956 2727 4993 me
2767 4938 2831 4994 ⁸⁸.
2877 4938 3087 5008 Quippe
3123 4935 3189 4991 ad
3226 4933 3489 4990 Joannem

1905 5033 2269 5103 referebatur,

1978 5123 2159 5179 Refut.
2193 5124 2245 5177 8.
2283 5122 2406 5178 Sive
2452 5122 2519 5177 ad
2562 5120 2850 5186 Joannem,
2886 5120 3001 5175 sive
3044 5118 3112 5173 ad
3152 5118 3330 5188 ipsum
3372 5113 3494 5168 Sal-

1907 5227 2147 5274 vatorem
2183 5217 2468 5287 pertineat,
2501 5217 2690 5271 beatos
2723 5215 2846 5271 illos
2875 5229 2999 5270 esse
3023 5209 3366 5284 pronuntiat,
3398 5206 3493 5279 qui

1906 5307 2262 5366 scandalizati
2299 5322 2405 5360 non
2436 5306 2639 5362 fuerint
2669 5306 2723 5360 in
2755 5321 2835 5368 se,
2866 5304 2949 5360 vel
2985 5304 3039 5359 in
3068 5301 3299 5364 Joanne,
3336 5314 3403 5354 ne
3428 5314 3492 5354 ea

1905 5402 2006 5457 sibi
2031 5400 2256 5470 ﬁngant,
2281 5415 2400 5469 quae
2430 5413 2461 5453 a
2489 5414 2547 5454 se
2578 5414 2684 5453 non
2721 5397 3011 5452 audierint.
3044 5393 3151 5450 Sed
3176 5394 3318 5449 inest
3339 5389 3499 5462 quid-

299 5565 315 5596 ‘
346 5563 470 5618 For.
501 5565 563 5618 τὸ
593 5563 776 5633 ἕτχατ.
802 5632 807 5633 ν
837 5566 857 5595 ²
882 5561 1037 5633 (ΖΜ-ι·ζ
1076 5563 1323 5633 κᾶκοντι.
1375 5561 1395 5591 ³
1421 5557 1544 5633 For.
1568 5557 1788 5633 4113539

1965 5559 1985 5590 ⁸
2019 5557 2150 5613 Luc.
2179 5559 2366 5615 ν1.16.
2459 5559 2478 5588 ⁵
2515 5555 2647 5610 ibid.
2680 5555 2761 5610 ΓΙ.
2841 5555 2862 5587 ⁵
2896 5553 3030 5608 ibid.
3063 5551 3151 5606 i9.
3248 5550 3268 5582 "
3296 5548 3314 5602 Ι
3348 5547 3497 5605 Tim.

1911 5788 2018 5835 tur.
2059 5777 2393 5849 Scripserat.
2435 5776 2542 5849 nisi
2588 5776 2768 5843 fallor,
2806 5773 3030 5843 Marcio,
3060 5773 3119 5838 ὃς
3159 5771 3218 5827 οὐ
3270 5764 3500 5824 σκανδα-

1915 5847 2227 5916 λισθήσεται
2260 5851 2315 5904 ὲν
2340 5847 2509 5915 αὐτῷ.
