3934 6470
506 477 614 530 7δύ

1934 479 1991 535 S.
2038 480 2121 536 ΕΡ

2231 482 2381 537 lANIl
3678 481 3756 538 'lE-ll

510 590 865 651 Divinitatem
913 596 1089 667 ipsam
1135 611 1205 651 ne
1252 607 1308 650 tu
1349 598 1569 668 quidem
1618 597 1849 653 audebis
1894 598 2101 654 dicere.

2231 604 2269 657 νὺ
2308 604 2607 676 τολμήσεις
2656 603 2857 673 λέγειν.
2907 602 2969 655 Εἰ
3013 601 3071 656 δὲ
3119 600 3219 655 κᾶν
3262 597 3470 664 εἴποις,
3515 596 3648 652 κατά
3682 600 3761 668 τῆς

510 683 689 753 Atque
734 691 794 738 ut
840 687 1079 742 maxime
1124 688 1352 753 audeas,
1407 697 1561 744 tuum
1614 689 1669 742 in
1723 698 1909 759 caput,
1949 706 2108 744 exse-

510 776 738 838 crande,
778 777 1068 832 maledicta
1107 778 1213 833 ista
1246 780 1513 834 recident.
1548 779 1655 834 Sed
1684 796 1847 835 nemo
1879 788 1983 847 est,
2010 783 2107 851 qui

510 880 620 918 non
668 867 936 938 intelligat
989 884 1147 934 cum,
1192 871 1288 939 qui
1340 871 1503 925 homo
1548 887 1739 926 revera
1787 873 1856 927 sit
1898 872 2105 938 factus,

512 971 706 1012 somno
766 968 988 1029 propter
1051 976 1256 1032 Corpus
1320 962 1654 1035 indigentem
1717 964 2106 1020 obdormiisse.

511 1044 644 1100 Nam
671 1049 762 1117 qui
794 1050 945 1104 illum
976 1052 1314 1119 excitarunt,
1345 1070 1453 1109 non
1489 1056 1692 1109 larvam
1718 1056 1980 1125 aliquam,
2010 1056 2106 1111 sed

511 1153 696 1191 veram
734 1139 974 1197 hominis
1009 1153 1264 1199 naturam
1300 1149 1727 1203 contuebantur.
1755 1148 1918 1218 327
1954 1147 2111 1202 Unde

510 1234 565 1281 et
620 1230 875 1287 manibus
940 1236 1357 1301 coneutientes,
1419 1240 1943 1309 compellantesqne,
1988 1255 2113 1295 sese

511 1318 665 1374 illum
715 1325 1151 1396 cxpergel‘eeisse
1202 1336 1498 1385 testantur.
1548 1330 1783 1403 Surgens
1824 1332 1983 1395 enim.
2028 1331 2113 1385 in-

510 1414 651 1479 quit,
686 1413 778 1468 ille
814 1416 924 1483 ipse
954 1420 1044 1487 qui
1092 1423 1406 1484 dormierat,
1449 1439 1616 1479 carne
1653 1424 1912 1494 praeditus
1944 1422 2109 1488 Deus,

511 1520 543 1559 e
586 1509 727 1564 caelo
770 1510 1046 1582 delapsus,
1094 1523 1317 1585 prepter
1360 1532 1461 1572 nos
1491 1532 1655 1572 carne
1699 1517 1948 1583 vestitus,
1990 1523 2111 1570 tan—

2213 693 2381 748 αὑτοῦ
2438 694 2701 765 κεφαλῆς,
2756 692 3008 765 Θεήλατε,
3043 692 3481 763 βλασφημήσας.
3529 688 3685 742 Παντὶ
3721 690 3762 744 δέ

2210 804 2291 858 τῳ
2324 786 2482 858 δῆλόν
2523 789 2690 852 ἐστιν,
2739 786 2823 840 ὅτι
2872 785 2902 838 ὀ
2959 785 3018 838 ὲν
3070 783 3298 856 ἀληθείᾳ
3356 780 3763 853 ὲνανθρωπήσας,

2214 877 2388 933 ὕπνου
2420 878 2660 950 χρῄζων,
2705 878 2794 932 διὰ
2838 877 2901 931 τὸ
2932 874 3244 947 σωματικὸν
3271 874 3551 928 ὕπνωσεν.
3585 874 3644 925 Οἱ
3684 873 3768 943 γὰρ

2214 972 2379 1027 αὐτὸν
2406 971 2782 1034 διυπνισαντες
2818 971 2880 1023 οὐ
2912 969 3131 1040 δόκησιν
3163 963 3326 1032 εἶδον,
3372 964 3513 1020 ἀλλά
3544 965 3766 1036 ὲνανθρὼ-

2216 1079 2383 1135 πησιν
2412 1061 2695 1134 ἀληθινήν.
2739 1061 2957 1132 Ἀμέλει
3004 1062 3164 1132 χερσὶ
3197 1058 3506 1123 κινοῦντες,
3555 1057 3646 1111 καὶ
3685 1075 3770 1127 φω-

2214 1156 2482 1226 νήσαντες
2512 1151 2908 1224 μαρτυροῦσιν,
2943 1152 3027 1205 ὃτι
3056 1151 3306 1223 ἤγειραν.
3355 1146 3645 1213 Ἀναστὰς
3668 1147 3767 1217 τὰρ,

2215 1244 2404 1314 φησιν,
2444 1247 2478 1297 ό
2501 1243 2807 1313 κοιμηθεὶς
2834 1241 2967 1306 Θεὸς
2999 1241 3361 1314 σαρκοφόρος,
3395 1241 3427 1292 ὁ
3460 1237 3553 1292 ἀπ’
3580 1238 3769 1308 οὐρανοῦ

2216 1332 2512 1400 κατελθὼν,
2541 1334 2636 1388 καὶ
2664 1334 2844 1408 σάρκα
2874 1333 2942 1387 δι’
2962 1335 3110 1405 ἡμᾶς
3134 1332 3573 1404 ἀμφιεσάμενοςν
3600 1331 3769 1401 ἠγέρθη

2219 1428 2319 1498 μὲν
2361 1426 2438 1490 ὡς
2487 1426 2796 1497 ἄνθρωπος,
2831 1427 3159 1496 ἐπετίμησε
3182 1425 3239 1478 δὲ
3284 1424 3367 1487 ὡς
3415 1422 3551 1486 Θεὸς
3594 1422 3663 1491 τῇ
3697 1426 3773 1476 θα-

2214 1514 2448 1584 λάσση,
2482 1517 2576 1569 καὶ
2602 1516 2830 1587 ἐποίησε
2862 1516 2905 1570 ⁷.

514 1617 680 1670 quam
721 1604 884 1659 homo
952 1609 1254 1666 suscitatus
1294 1618 1401 1677 est,
1470 1612 1565 1667 sed
1608 1620 1797 1682 utpote
1841 1611 1984 1666 Deus
2054 1610 2344 1681 increpavit
2414 1627 2611 1677 mare,
2668 1617 2957 1681 totumque
3027 1609 3162 1665 illud
3227 1608 3614 1665 admirandum
3669 1623 3775 1676 opus

515 1698 793 1768 praestitit.

590 1790 776 1847 Schol.
814 1793 897 1848 14.
933 1794 1001 1849 Et
1036 1798 1255 1868 contigit
1290 1816 1409 1853 cum
1443 1800 1565 1862 iret,
1597 1808 1655 1853 ut
1688 1817 1720 1854 a
1752 1797 1919 1853 turbis
1963 1812 2110 1853 cont-

516 1885 853 1952 primeretur.
899 1886 967 1940 Et
1018 1889 1211 1944 mulier
1250 1907 1367 1943 cum
1414 1891 1667 1961 tetigisset
1710 1892 1883 1952 ipsum
1920 1899 2114 1944 sanata

2294 1794 2452 1865 Σχόλ.
2482 1791 2567 1851 ιδ’.
2600 1792 2874 1862 Ἐτέιέτο
2912 1793 2984 1846 ἐν
3012 1791 3093 1858 τῷ
3140 1792 3403 1861 ὑπάγειν
3434 1792 3635 1852 αὐτὸν,
3662 1809 3779 1847 συν-

2220 1887 2473 1956 έπνιγον
2502 1884 2693 1939 αὑτὸν
2713 1887 2767 1938 οὶ
2797 1885 2989 1954 ὄχλοι.
3025 1884 3137 1940 Kal
3180 1884 3340 1954 γυνὴ
3391 1883 3662 1954 ἁψαμένη
3693 1888 3772 1940 αὐ-

516 1985 596 2029 est
629 1993 661 2030 a
695 1977 846 2045 ﬂuxu
886 1983 1185 2050 sanguinis.
1218 1980 1285 2034 Et
1323 1983 1399 2035 ait
1441 1982 1735 2037 Dominus:
1768 1983 1900 2049 Quis
1930 1998 2009 2037 me
2044 1991 2117 2035 te'

2231 1978 2326 2033 τοῦ
2361 1977 2497 2044 ἰάθη
2536 1977 2644 2031 τοῦ
2681 1977 2950 2047 αἵματος.
3006 1975 3115 2031 Καὶ
3156 1973 3329 2031 εἶπεν
3361 1979 3397 2030 ό
3442 1978 3674 2045 Κύριος’
3706 1977 3774 2041 πς

520 2070 770 2135 tigtt?Ac
801 2086 1020 2126 rursum
1054 2091 1067 2126 :
1107 2073 1299 2145 Tetigit
1332 2092 1411 2130 me
1448 2076 1663 2146 aliquis.
1701 2074 1846 2129 Nam
1873 2092 1966 2145 ego
1998 2074 2119 2129 novi

518 2159 761 2212 virtutem
785 2159 849 2214 de
870 2178 950 2215 me
974 2164 1147 2217 exisse
1178 2166 1218 2217 '.

588 2247 775 2305 “eiut.-
818 2252 903 2306 H.
938 2252 1071 2307 Cum
1119 2256 1237 2310 iret.
1280 2254 1397 2311 Non
1445 2256 1606 2321 dixit,
1674 2275 1795 2311 cum
1847 2258 2005 2323 irent,
2052 2273 2121 2314 ne

517 2341 674 2396 aliter
702 2343 878 2410 illum,
909 2360 1071 2415 quam
1107 2349 1289 2404 caeteri
1328 2349 1433 2404 iter
1475 2350 1736 2406 facientes
1772 2350 1971 2417 solent,
2017 2350 2119 2404 ha-

518 2434 705 2489 buisse
731 2435 1009 2493 crederes.
1042 2438 1201 2506 Quod
1229 2456 1363 2495 vero
1390 2443 1655 2513 scriptum
1682 2450 1787 2506 est,
1811 2442 2122 2511 comprime-

520 2523 676 2578 batur
711 2544 742 2579 a
785 2527 975 2593 turbis,
1018 2531 1208 2600 utique
1248 2533 1502 2601 spiritum
1543 2533 1909 2603 comprimere
1949 2532 2123 2591 turbat

518 2633 629 2671 non
657 2628 928 2687 poterant.
971 2618 1079 2674 Sed
1123 2630 1178 2675 et
1218 2623 1437 2686 mulier,
1472 2638 1593 2693 quae
1624 2622 1800 2692 tetigit
1829 2637 1894 2676 ac
1930 2628 2123 2676 sanata

519 2714 627 2770 est,
660 2724 769 2763 non
803 2725 1009 2775 aerem,
1046 2711 1142 2767 sed
1174 2713 1474 2767 humanum
1520 2712 1782 2784 quiddam
1815 2713 1960 2784 quod
1991 2729 2123 2768 eon-

521 2798 743 2853 trectari
778 2810 964 2868 posset
987 2802 1189 2873 attigit.
1217 2803 1285 2858 Ut
1309 2804 1455 2860 enim
1487 2804 1806 2861 ostenderet
1836 2804 2122 2859 mulierem

521 2902 724 2959 corpus
756 2874 905 2946 illius
940 2907 1047 2946 non
1080 2895 1263 2963 specie
1290 2895 1406 2949 sola
1446 2895 1728 2967 tetigisse,
1758 2895 1903 2951 istud
1936 2896 2123 2966 ipsum

522 2983 889 3052 responsione
916 3000 1015 3039 sua
1046 2985 1291 3041 declarat
1325 3006 1338 3043 :
1378 2987 1510 3055 Quis
1548 3003 1626 3042 me
1659 2988 1871 3059 tetigit?
1903 2985 2048 3041 Nam
2074 2996 2127 3041 et

522 3076 642 3127 novi
667 3074 907 3128 virtutem
936 3092 968 3128 α
999 3091 1079 3129 me
1108 3078 1302 3133 exisse.

595 3166 784 3220 Schol.
859 3166 949 3222 15.
1033 3167 1340 3238 Suspiciens
1409 3173 1465 3224 in
1532 3171 1721 3225 cwlum
1792 3170 2128 3226 benedicebat

522 3256 653 3325 ipsis
683 3259 727 3312 ’.

593 3347 778 3406 Refut.
827 3351 913 3407 15.
961 3352 1021 3407 Si
1068 3354 1123 3408 in
1170 3356 1372 3410 caelum
1424 3355 1695 3426 suspexit,
1740 3370 1806 3410 ac
1845 3356 2125 3413 benedixit

523 3438 655 3503 illis,
688 3442 977 3498 oculorum
1013 3446 1498 3518 membrorumque
1539 3448 1877 3518 reliquorum
1923 3448 2130 3507 formas

524 3545 635 3584 non
662 3532 846 3601 Specie
874 3540 1037 3589 tenus
1068 3536 1415 3606 praeferebat.
1807 3601 1818 3612 ,

599 3620 784 3677 Schol.
816 3622 903 3678 16.
931 3624 1121 3680 Diceris
1153 3645 1169 3682 :
1206 3627 1422 3696 Oportet
1455 3630 1660 3687 Filium
1696 3634 1924 3690 hominis
1960 3634 2130 3690 multa

526 3713 664 3783 pati,
699 3723 750 3768 et
777 3715 971 3780 occidi,
998 3726 1049 3771 et
1078 3726 1198 3786 post
1230 3728 1334 3774 tres
1363 3720 1475 3776 dies
1505 3740 1776 3795 resurgere
1799 3725 1841 3780 ³.

598 3886 782 3944 Relut.
816 3889 901 3945 l6.
928 3892 1065 3947 Cum
1100 3895 1338 3951 hominis
1370 3898 1589 3963 Filium,
1621 3903 1725 3957 hoc
1755 3912 1837 3959 est
1863 3904 2128 3974 seipsum,

528 3991 582 4036 ct
596 3983 706 4052 pati
726 3995 779 4038 et
797 3984 1029 4039 interﬁci
1062 3984 1388 4059 Unigeuitus
1426 3990 1517 4048 Dei
1539 3991 1710 4051 Filius
1732 3995 1982 4061 allirmet,
2018 3998 2133 4052 haec

530 4074 792 4130 nimirum
823 4077 914 4131 illa
943 4091 1138 4133 contra
1168 4092 1221 4136 te
1247 4087 1458 4140 securis
1481 4094 1585 4152 est,
1616 4103 1739 4158 (pne
1770 4088 1986 4145 radices
2008 4098 2133 4145 tuas

529 4181 721 4222 omnes
759 4178 1041 4239 amputat,
1090 4186 1124 4226 o
1175 4171 1378 4227 Marcio
1413 4176 1481 4230 de
1519 4177 1695 4247 spinis
1727 4187 1935 4243 exerte,
1971 4178 2132 4235 nubes

529 4257 642 4313 sine
680 4277 843 4330 aqua,
885 4260 1047 4317 arbor
1086 4262 1444 4332 infructuosa,
1481 4277 1530 4321 et
1563 4269 1894 4324 autumnalis
1925 4272 1966 4323 ⁸.
1996 4270 2131 4325 Nam

530 4359 585 4407 ct
614 4353 800 4408 statim
832 4354 1057 4424 subjicit
1091 4371 1106 4410 :
1139 4354 1208 4408 Et
1242 4367 1359 4425 post
1393 4369 1498 4413 tres
1527 4359 1639 4415 dies
1669 4378 1957 4432 resurgere.
1991 4360 2131 4427 Quid

531 4453 618 4502 est
649 4455 833 4502 autem
860 4448 1008 4518 quod
1043 4466 1334 4520 resurgere
1370 4452 1598 4515 dicitur.
1630 4456 1737 4511 nisi
1767 4471 1973 4525 corpus
1998 4456 2132 4512 illud

531 4536 681 4607 quod
730 4553 958 4608 passum
1013 4549 1119 4607 est,
1173 4543 1326 4611 atqui
1364 4543 1417 4597 in
1453 4545 1788 4600 monimento
1821 4548 2135 4617 sepultum?

538 4625 739 4684 Umbra
759 4632 929 4695 enim,
957 4641 1053 4688 aut
1083 4644 1300 4702 ventus,
1337 4647 1433 4691 aut
1463 4640 1713 4709 Spiritus,
1740 4649 1837 4695 aut
1863 4642 2013 4696 larva
2037 4659 2131 4698 ne-

2215 2087 2337 2139 μου
2369 2067 2601 2137 iurato;
2631 2068 2727 2120 καὶ
2755 2067 2942 2122 πάλινυ
2991 2068 3230 2136 ’Ἥψατό
3262 2068 3385 2137 μού
3422 2084 3533 2134 τις.
3574 2067 3673 2122 Καὶ
3695 2067 3773 2138 gap

2221 2159 2416 2230 ἔγνων
2443 2158 2703 2229 δύναμιν
2747 2157 3127 2223 ἐξελθοῦσαν
3156 2158 3260 2212 ἀπ’
3292 2156 3469 2227 ἐμοῦ.

2297 2253 2517 2323 Ἔλεγχ.
2550 2251 2629 2306 ιδ’.
2649 2252 2753 2306 Ἐν
2777 2251 2858 2316 τῷ
2878 2250 3133 2321 ὑπάγειν
3160 2253 3372 2305 αὐτόν’
3410 2252 3506 2305 καὶ
3520 2250 3614 2304 οὐκ
3638 2245 3771 2311 εἶπεν,

2221 2344 2294 2398 ἐν
2331 2340 2414 2407 τῷ
2439 2339 2696 2411 ὑπάγειν
2727 2340 2951 2407 αὐτοὺς
2975 2381 2989 2405 ,
3031 2340 3121 2394 ἵνα
3168 2341 3244 2412 μὴ
3273 2340 3484 2412 ἑτέρως
3509 2338 3660 2392 αὑτὸν
3680 2355 3775 2408 σχη-

2227 2435 2446 2505 ματίσει
2496 2432 2651 2506 παρά
2687 2433 2790 2505 τὴν
2840 2432 2949 2486 τῶν
3002 2432 3435 2504 ὁδοιπορούντων
3484 2431 3770 2486 ἀκολουθίαν.

2225 2525 2301 2579 Τὸ
2347 2525 2426 2591 δὲ,
2476 2524 2853 2595 συνέπνιγον
2898 2522 3087 2579 αὐτὸν
3131 2526 3185 2577 οἱ
3224 2524 3424 2594 ὄχλοι,
3465 2523 3667 2594 πνεῦμα
3703 2522 3774 2574 οὐκ

2226 2618 2488 2690 ἠδύναντο
2533 2616 2862 2688 συμπνίγειν
2891 2618 2940 2670 οε
2973 2615 3141 2687 δχλοι.
3170 2616 3316 2687 Γυνὴ
3348 2616 3410 2670 δὲ
3442 2615 3676 2686 ἁψαμένη
3707 2612 3775 2666 καὶ

2229 2707 2463 2772 ἱαθείσα,
2518 2707 2620 2760 οὐκ
2650 2705 2814 2777 ἀέρος
2842 2705 3041 2777 ἥψατο.
3078 2705 3219 2760 ἀλλά
3262 2706 3414 2776 ἀφῆς
3459 2703 3770 2776 ἀνθρωπείας.

2228 2798 2347 2851 Ἵνα
2375 2795 2487 2869 γάρ
2529 2795 2700 2868 δείξῃ,
2737 2797 2821 2849 ὅτι
2870 2796 2992 2867 οὐχὶ
3020 2795 3242 2869 δοκήσει
3297 2796 3464 2868 μόνον
3505 2799 3537 2866 ἡ
3584 2794 3680 2864 ἁφὴ
3706 2791 3771 2845 τοῦ

2229 2886 2483 2959 σώματος
2528 2885 2693 2940 αὐτοῦ
2733 2886 2839 2940 ὑπὸ
2872 2887 2971 2958 τῆς
3015 2887 3277 2956 γυναικὸς
3324 2887 3630 2957 γεγένηται,
3669 2883 3771 2936 διδά-

2230 2993 2347 3031 σκει
2378 2976 2553 3045 λέγων
2574 2992 2591 3008 ο
2636 2976 2731 3042 Τίς
2757 2992 2878 3045 μου
2910 2975 3150 3045 intrato;
3198 2976 3307 3030 Καὶ
3342 2976 3459 3046 γὰρ
3497 2973 3672 3044 ἔγνων
3696 2969 3773 3023 δύο

2224 3082 2410 3137 ναμιν
2435 3066 2815 3132 ἐξελθοῦσαν
2843 3067 2948 3120 ἀπ’
2991 3067 3160 3137 ἐμοῦ.

2301 3158 2457 3230 Σχόλ.
2503 3158 2587 3212 ιε’.
2640 3158 3010 3229 Ἀναϐλέψας
3049 3161 3134 3227 εὶς
3192 3159 3337 3227 τοὺς
3373 3154 3674 3227 οὐρανοὺς,
3696 3152 3771 3219 ηὑ-

2226 3254 2502 3323 λόγησεν
2541 3253 2788 3320 αὐτούς.

2300 3345 2522 3416 Ἔλεγχ.
2564 3352 2643 3397 ιε’.
2685 3345 2748 3398 Εἰ
2790 3342 3086 3413 ἀνέϐλεψεν
3136 3343 3218 3407 εἰς
3275 3340 3561 3414 οὐρανοὺς,
3603 3336 3682 3391 καὶ
3702 3333 3770 3403 ηὑ-

2235 3437 2467 3511 λόγησεν
2500 3438 2588 3491 ἐπ’
2613 3419 2833 3502 αὐτοὺς,
2868 3438 2930 3491 οὐ
2960 3436 3182 3507 δοκήσει
3231 3432 3346 3506 εἷχε
3377 3434 3487 3489 τῶν
3526 3450 3582 3486 τε
3614 3427 3768 3498 ὀφθαλ-

2240 3531 2357 3603 μῶν
2386 3529 2480 3585 καὶ
2506 3530 2615 3584 τῶν
2643 3528 2819 3584 ἄλλων
2869 3528 3048 3600 μελῶν
3082 3529 3151 3583 τὰ
3181 3529 3460 3600 σχήματα.

2308 3625 2466 3698 Σχόλ.
2505 3631 2602 3690 ις’.
2642 3623 2874 3695 Λέγων·
2909 3622 3011 3676 Δεῖ
3042 3622 3149 3677 τὸν
3196 3621 3337 3675 Υὶὸν
3362 3621 3472 3677 τοῦ

2237 3719 2442 3775 πολλὰ
2464 3716 2696 3782 παθεῖν,
2727 3716 2827 3774 καὶ
2856 3712 3329 3784 ἀποκτανθῆναι,
3370 3714 3469 3770 καὶ
3498 3708 3631 3781 μετὰ
3653 3708 3767 3772 τρεῖς

2238 3809 2466 3880 ἡμέρας
2491 3807 2825 3880 ἐγερθῆναι.

2314 3900 2536 3971 Ἔλεγχ.
2569 3898 2665 3966 ις’.
2691 3901 2755 3954 Εἰ
2783 3899 2908 3953 Υἰὸν
2931 3896 3220 3971 ἀνθρώπου
3244 3899 3339 3952 καὶ
3364 3895 3548 3951 παθεῖν
3570 3890 3650 3981 καὶ
3671 3885 3764 3981 ἀπρὶξ

2240 3992 2541 4063 κτανθῆναι
2585 3991 2778 4045 ἑαυτὸν
2830 3990 3086 4062 ὁμολογεί
3131 3992 3161 4045 ό
3214 3986 3509 4062 μονογενὴς
3552 3979 3663 4041 Υἱὸς
3698 3979 3762 4027 τω

2238 4082 2399 4147 Θεοῦ,
2443 4083 2584 4136 κατά
2632 4082 2727 4136 σοῦ
2760 4082 2918 4153 ἀξίνη
2963 4083 3112 4136 ἐστὶν
3163 4082 3303 4153 αὕτη
3349 4070 3668 4149 ὲκτέμνουσά
3698 4081 3762 4118 σῦν

2241 4179 2425 4232 πᾶσαν
2450 4177 2552 4248 τὴν
2586 4162 2763 4249 ῥίζαν,
2796 4170 2842 4231 ὦ
2875 4175 2936 4241 ἐξ
2973 4175 3227 4230 ἀκανθῶν
3273 4169 3622 4245 γεγεννημένε
3652 4162 3763 4227 Μαρ·

2240 4273 2397 4341 κίων,
2428 4274 2524 4327 καὶ
2572 4274 2798 4343 νεφέλη
2849 4271 3090 4342 ἄνυδρε,
3140 4271 3399 4340 δένδρον
3443 4285 3504 4322 τε
3550 4263 3763 4359 ἀπερείσι’

2240 4367 2339 4421 καὶ
2372 4367 2831 4436 φθινοπωρινὸν.
2869 4364 2974 4420 Καὶ
3003 4365 3113 4438 γάρ
3146 4382 3279 4436 φησι
3314 4364 3505 4419 πάλιν
3544 4355 3639 4413 Καὶ
3654 4355 3763 4438 μετα

2240 4457 2400 4527 τρεῖς
2462 4458 2686 4527 ἡμέρας
2719 4455 3057 4526 ἐγερθῆναι.
3082 4436 3158 4510 ⁷Τί
3188 4457 3243 4509 δὲ
3274 4457 3336 4510 τὸ
3369 4451 3639 4525 ἐγερθῆναι
3662 4436 3757 4512 (⁷¹)ι

2242 4549 2369 4602 ἀλλ’
2394 4549 2427 4620 ἦ
2474 4548 2608 4602 αὐτὸ
2629 4546 2986 4612 τὺ.πεπονοὸς
3017 4547 3111 4601 καὶ
3132 4548 3302 4617 ταφὲν
3338 4548 3399 4599 ὲν
3433 4544 3504 4614 τῷ
3533 4530 3757 4633 FW“???

2243 4642 2477 4712 Δόκησις
2509 4640 2639 4711 δὲ,ῆ
2664 4640 2887 4711 ἄνεμος,
2920 4640 2952 4710 ἢ
2990 4638 3228 4709 πνεῦμα,
3256 4639 3289 4707 ἢ
3311 4622 3758 4708 φαντασία,κηδεὶιν

534 4739 643 4793 quc
665 4722 828 4780 l‘unus
846 4740 911 4780 ac
935 4727 1301 4798 sepulturam,
1330 4745 1434 4785 nec
1456 4733 1915 4788 resurrectionem
1939 4750 2123 4805 capere

2242 4732 2338 4786 καὶ
2376 4731 2556 4803 ταφὴν
2589 4734 2691 4786 οὐκ
2730 4732 3024 4804 ἐνεδέχετο,
3056 4733 3151 4786 καὶ
3187 4731 3496 4786 ἀνάστασιν.

535 4815 827 4885 potuisset.

606 4905 791 4963 Schol.
829 4909 916 4964 l7.
946 4910 1012 4964 Et
1043 4927 1161 4966 ecce
1190 4913 1290 4967 viri
1314 4930 1434 4968 cum
1458 4915 1555 4970 illo
1584 4917 1955 4988 loquebantur,
1982 4917 2134 4975 Elius

533 5005 582 5051 et
613 4995 824 5068 Moyses
847 4999 901 5053 in
932 5002 1104 5070 gloria
1132 5002 1171 5054 ⁵.

603 5089 790 5147 ιὶεΙυι.
814 5092 898 5146 t't.
943 5094 1220 5161 Quantum
1250 5097 1504 5169 equidem
1540 5100 1738 5170 opinor
1767 5101 1919 5157 hisce
1953 5101 2136 5157 verbis

503 5181 644 5238 ‘ialx
667 5185 780 5249 illa,
810 5186 1305 5257 quamZacharias
1331 5201 1730 5248 commemorat
1758 5194 1800 5257 °,
1837 5192 2132 5249 adversum

535 5281 589 5330 le
611 5276 983 5348 significatur;
1010 5280 1178 5350 328
1223 5299 1347 5353 qua:
1388 5293 1479 5337 tua
1520 5285 1702 5338 omnia
1735 5293 1926 5340 contra
1961 5286 2130 5355 legem

537 5381 600 5421 ac
634 5371 925 5441 prophetas
957 5374 1244 5429 mendacia
1296 5376 1567 5431 suecidat.
1610 5378 1822 5432 Etenim
1873 5377 2132 5448 quoniam

540 5472 850 5518 emersurus
890 5480 1015 5520 eras
1067 5467 1387 5536 aliquando,
1438 5468 1533 5538 qui
1584 5469 1701 5539 lege
1746 5470 2136 5540 prophetisque

543 5551 861 5618 repudiatis,
904 5570 934 5608 a
966 5555 1253 5614 Salvatore
1296 5542 1529 5632 ejusque
1562 5562 1757 5631 gloria,
1809 5577 1875 5616 ac
1921 5560 2136 5617 cmlesti

652 5708 666 5737 ¹
701 5707 831 5763 Luc.
857 5729 973 5776 vnn,
998 5713 1066 5768 49.
1094 5732 1214 5787 sqq.

1846 5723 1864 5752 ³
1892 5721 2019 5777 ibid.
2055 5720 2146 5776 9.2.

545 5770 764 5827 ἔπαυσε.

1311 5718 1331 5750 ¹
1358 5718 1491 5775 Luc.
1545 5736 1620 5785 Ix,
1662 5722 1748 5775 lli.

640 5889 729 5957 7|)
765 5892 824 5945 Τι’
852 5893 919 5949 δὲ
942 5892 1008 5947 τὸ
1041 5892 1373 5964 ἐγερθῆναι.
1402 5898 1561 5954 Curt‘.
1594 5900 1833 5969 ἑγερθέν.

2312 4912 2470 4984 Σκόλ·
2512 4912 2599 4978 ιζ’.
2653 4911 2764 4966 Καὶ
2808 4911 2937 4966 ἰδοὺ
2981 4910 3198 4979 ἄνδρες
3228 4905 3596 4964 συνελάλουν
3622 4891 3751 4947 alita).

2254 5008 2453 5074 Ἠλίας
2501 5007 2597 5060 imi
2634 5004 2896 5075 Μωῦσῆς
2928 5004 2999 5058 ἐν
3025 5004 3197 5073 δόξῃ.
3663 5072 3673 5087 '

2319 5100 2539 5171 Ἐλεγχ-
2585 5098 2671 5164 ιζ’.
2711 5098 2888 5170 Τάχα.
2937 5093 3115 5169 οἶμαι,
3144 5094 3233 5150 διὰ
3262 5094 3369 5148 τῶν
3407 5091 3564 5159 λόγων
3602 5079 3754 5173 mgna?

2240 5189 2303 5243 τὸ
2342 5189 2498 5260 παρά
2543 5187 2624 5259 τῷ
2654 5187 2796 5259 ἁγίῳ
2837 5186 3085 5258 Ζαχαρία
3131 5185 3397 5257 δρέπανον
3439 5175 3563 5235 κατὰ
3591 5172 3681 5224 σον,

2241 5278 2530 5351 Μαρκίων,
2581 5276 3021 5342 ἁνατετύπωται,
3075 5275 3337 5346 ὲκτέμνον
3384 5290 3472 5328 σου
3503 5265 3650 5320 πᾶσαν

2242 5374 2382 5429 κατὰ
2396 5374 2560 5446 νόμον
2579 5373 2672 5427 καὶ
2685 5372 2981 5444 προφητῶν
3000 5373 3249 5442 ἐπινενοη
3258 5369 3425 5441 μένην
3445 5355 3745 5459 deﬁgi/0.93:"

2255 5442 2476 5538 Ἐπειδῆ
2507 5465 2616 5539 γὰρ
2663 5442 2888 5535 Eliens:
2919 5463 3137 5519 ἀθετεῖν
3178 5464 3343 5533 νόμον
3388 5460 3475 5516 καὶ

2244 5558 2564 5630 ἀλλοτρίους
2590 5556 2788 5621 αὐτοὺς
2819 5556 3044 5625 φάσκων
3076 5554 3171 5609 τοῦ
3202 5553 3450 5625 Σωτῆρος
3471 5547 3550 5601 καὶ
3586 5534 3662 5601 τῆς
3682 5538 3743 5575 αν

3611 5688 3627 5718 ⁷
3646 5674 3735 5733 For.

2254 5723 2273 5752 ’⁸
2304 5718 2431 5776 .lud.
2465 5720 2520 5774 2.
2620 5720 2640 5753 ⁸
2670 5718 2804 5776 an.
2847 5734 2923 5785 Ix,
2946 5716 3036 5773 '5l.
3150 5718 3170 5748 ⁸
3203 5713 3371 5771 Zach.
3405 5706 3524 5775 v,‘2-
