3934 6426
44 313 175 368 737
771 309 1140 369 ADVERSUS
1174 308 1519 368 lMERESES
1557 304 1684 363 LIB.

1808 305 1954 363 ΓΟΜ.
1998 306 2087 361 Ill.
2122 312 2191 347 —'-
2234 305 2506 362 ΗᾹΞΠΕΒ.
2548 305 2707 362 XL".
3287 303 3392 360 758

43 430 161 483 τοῦ
201 430 400 502 δόξης,
431 429 528 484 καὶ
569 432 670 502 τῆς
719 429 884 486 αὐτοῦ
928 430 1116 486 ἐνθέου
1163 428 1533 491 διδασκαλίας,
1585 428 1684 498 ἀμ-

1808 424 2047 480 .loctrina
2099 424 2309 480 alienos
2351 438 2448 479 eos
2493 438 2618 479 esse
2660 421 3047 488 contenderes,
3095 429 3394 495 utrumque

42 524 357 596 φοτέρους
391 526 568 596 ἤγαγε
605 522 723 595 μεθ’
760 524 955 578 ἑαυτοῦ
989 525 1047 577 ὲν
1090 526 1154 595 τῇ
1194 522 1301 593 ἰδίᾳ
1328 520 1495 575 αὑτοῦ
1533 519 1684 590 δόξῃ,

1808 516 1857 569 ul
1887 516 2019 570 illud
2055 516 2244 586 gloriae
2271 530 2385 570 suae
2414 530 2478 569 ac
2509 515 2815 583 maiestatis
2845 516 3083 586 speciem
3114 515 3389 582 adhibuit,

44 617 162 676 καὶ
214 615 396 681 ἔδειξε
445 620 559 680 τοῖς
609 616 775 670 αὐτοῦ
833 614 1126 686 μαθηταῖς,
1183 615 1279 667 καὶ
1336 615 1385 667 οἱ
1443 612 1684 684 μαθηταὶ

1808 622 1854 663 ιο
1885 608 2178 677 discipulis
2214 607 2332 663 suis
2375 606 2658 673 ostendit;
2694 606 2953 676 discipuli
2995 621 3161 677 porro
3204 606 3391 672 nobis,

46 707 214 775 ἡμῖν
264 708 366 761 καὶ
391 707 472 780 τῷ
522 708 733 780 κόσμῳ,
781 707 1027 761 τουτέστι
1065 706 1227 760 παντὶ
1255 703 1528 776 ἀνθρώπῳ
1562 701 1684 772 βου-

1808 713 1852 753 ιο
1886 699 1986 753 ιοιί
2030 697 2164 753 adeo
2198 698 2404 753 mundo
2436 697 2839 765 signiticaruut,
2888 697 2992 751 hoc
3031 705 3117 752 est
3161 698 3391 753 cuilibet

45 799 304 870 λομένιε)
334 799 467 871 ζῇν·
503 801 590 854 ἵνα
620 801 709 855 διὰ
752 802 851 872 μὲν
881 799 976 853 τοῦ
1007 798 1249 870 πρώτου,
1278 797 1354 861 ὡς
1402 800 1460 850 ὲν
1502 795 1682 868 ἀξίνῃ,

1808 789 2021 854 nomini,
2053 790 2146 859 qui
2182 790 2307 844 vitae
2345 803 2410 843 ac
2452 789 2647 844 salutis
2689 788 2966 844 desiderio
2995 800 3268 844 teneatur.
3300 788 3393 842 Ni-

44 892 166 944 σοῦ
226 892 379 965 τέμῃ
427 891 526 956 τὰς
561 893 736 965 ῥίζας,
777 891 867 947 διὰ
914 892 971 944 δὲ
1015 890 1111 944 τοῦ
1162 889 1440 961 δευτέρου,
1487 888 1564 952 ὡς
1594 887 1684 942 διὰ

1808 880 1989 935 uirum
2020 890 2079 935 ut
2103 882 2198 951 qui
2240 881 2416 951 primo
2455 880 2576 935 loco
2612 890 2949 936 memoratus
2987 890 3094 943 est,
3126 883 3291 936 ascite
3319 883 3393 938 sit

45 984 362 1055 δρεπάνου
405 984 499 1038 τοῦ
549 985 708 1055 λόγου
739 986 838 1056 τῆς
873 984 1153 1055 ἀληθείας,
1184 983 1397 1054 ἐκτέμῃ
1433 998 1527 1034 σου
1557 980 1684 1043 τοὺς

1811 981 2004 1038 nstar,
2072 988 2195 1043 qua:
2262 972 2476 1027 radices
2543 982 2667 1027 tuas
2752 972 3021 1031 excidat;
3090 973 3229 1027 alter
3305 974 3387 1028 sic

46 1076 345 1140 κλάδους,
396 1077 524 1139 τοὺς
561 1076 625 1129 τὸ
681 1074 904 1130 κώνειον
943 1074 1041 1128 καὶ
1079 1073 1379 1143 θανάσιμον
1429 1073 1541 1133 τοῖς
1591 1071 1684 1123 ἀν·-

1811 1079 2050 1134 anquam
2075 1065 2328 1118 veritatis
2354 1064 2466 1117 falx
2497 1077 2682 1118 ramos
2717 1070 2843 1118 tuos
2870 1070 3137 1132 amputet,
3165 1079 3231 1118 ex
3262 1065 3391 1135 qui-

47 1166 334 1237 θρώποις
363 1166 723 1231 ἐκποιοῦντας
759 1164 991 1238 γλοιώδη
1023 1166 1155 1218 ὀπὸν
1199 1162 1569 1235 βλασφημίας.
1619 1162 1684 1214 Εἰ

1808 1171 1893 1210 ms
1923 1156 2118 1211 cicuta1
2159 1155 2356 1211 similis
2407 1170 2471 1209 ac
2512 1154 2731 1210 lethifer
2765 1156 2856 1209 ille
2889 1171 3108 1221 succus,
3143 1157 3391 1226 visciquo

49 1259 186 1329 γὰρ
226 1258 516 1330 ἀλλότριος
546 1254 614 1330 ἦν
646 1257 888 1328 Μωῦσῆς
918 1259 946 1310 6
980 1256 1087 1310 ὑπὸ
1110 1254 1204 1309 τοῦ
1239 1252 1476 1327 Χριστοῦ
1516 1250 1684 1304 πάλαι

1808 1260 1940 1299 norc
1990 1244 2423 1315 sequacissimus
2472 1244 2819 1313 exprimitur.
2880 1242 3019 1296 Nam
3074 1244 3120 1298 si
3177 1244 3389 1297 alienus

51 1350 405 1415 πιστευθεὶς
442 1351 534 1404 τὸν
568 1351 752 1423 νόμον,
786 1351 882 1404 καὶ
928 1352 976 1403 οἱ
1027 1348 1306 1420 προφῆται
1352 1342 1495 1418 ἦσαν
1527 1342 1684 1397 ἁλλὸ⁴

1808 1345 1935 1393 esset
1963 1336 2179 1408 Moyses
2212 1336 2322 1399 ille,
2367 1336 2457 1391 cui
2500 1335 2637 1405 legis
2672 1342 2757 1389 est
2795 1349 2823 1387 a
2863 1333 3084 1390 Christo
3110 1334 3386 1404 quondam

53 1460 248 1515 τριοι,
296 1445 399 1497 οὐκ
443 1445 509 1497 ἂν
562 1445 747 1507 αὐτοῖς
802 1444 900 1498 σὺν
942 1442 1091 1513 αὐτῷ
1129 1445 1188 1495 ὲν
1235 1443 1302 1512 τῇ
1362 1441 1466 1512 ἰδίᾳ
1515 1436 1684 1493 αὑτοῦ

1808 1427 2045 1482 uandata
2072 1427 2380 1498 provincia,
2409 1425 2452 1481 si
2480 1427 2641 1480 alieni
2668 1428 2894 1496 insuper
2920 1427 3219 1497 prophetae,
3247 1442 3385 1480 nun-

54 1536 213 1611 δόξῃ
243 1537 626 1590 ἀπεκάλυπτε.
675 1536 850 1589 Βλέπε
882 1534 992 1609 γὰρ
1023 1533 1084 1587 τὸ
1124 1532 1330 1604 θαῦμα,
1366 1534 1447 1587 ὅτι
1473 1533 1595 1587 οὐδὲ
1625 1534 1684 1586 ὲν

1808 1536 1952 1591 luam
1995 1535 2094 1575 eos
2130 1535 2317 1574 secum
2365 1535 2465 1574 sua
2510 1519 2600 1572 illa
2648 1518 2700 1572 in
2742 1519 2915 1589 gloria
2953 1526 3388 1588 repraesentaret.

56 1630 150 1701 τῷ
179 1609 456 1700 ήμνήματι
504 1628 728 1688 τούτους
768 1627 992 1696 ἔδειξεν,
1026 1626 1148 1680 οὐδὲ
1197 1624 1347 1696 παρὰ
1391 1624 1481 1679 τὸν
1522 1642 1684 1678 σταυ-

1815 1629 1846 1667 u
1877 1611 2141 1683 quo-quid
2174 1611 2420 1666 mirabile
2444 1610 2760 1682 contigerit,
2787 1611 3183 1666 animadverte.
3203 1609 3391 1681 Neque

64 1723 175 1794 ρόν
198 1739 218 1755 ο
248 1722 367 1776 ἀλλ’
402 1723 491 1775 ὅτε
536 1721 597 1774 τὸ
635 1720 801 1791 μέρος
828 1720 930 1792 τῆς
959 1717 1125 1772 αὐτοῦ
1165 1716 1324 1787 δόξης
1367 1717 1443 1781 ὡς
1469 1718 1549 1779 εἰς
1581 1717 1683 1788 ἀρ-

1808 1702 1934 1757 :uim
1985 1702 2106 1756 illos
2163 1702 2217 1756 in
2263 1703 2516 1773 sepulcro
2546 1742 2561 1766 ,
2611 1712 2703 1757 aut
2756 1703 2823 1757 ad
2869 1718 3090 1758 crucem
3126 1717 3392 1772 apparere

63 1791 316 1884 ραϐὦνα
347 1815 479 1884 ἡμῖν
506 1791 1030 1875 ἀπεκάλυπτε,τότε
1054 1812 1183 1875 τοὺς
1212 1810 1423 1879 ἁγίους,
1446 1809 1684 1864 Μωῦσέα

1808 1795 1995 1859 ιὀΙιιίις
2031 1794 2123 1851 sed
2172 1803 2302 1849 tunc
2349 1796 2552 1855 solum,
2593 1810 2719 1849 cum
2754 1794 3066 1865 splendoris
3103 1795 3187 1850 sui
3220 1794 3391 1865 parti-

59 1904 133 1957 τέ
169 1920 325 1974 φημι
354 1904 449 1957 καὶ
488 1902 697 1964 Ἠλίαν,
743 1901 860 1972 ἅμα
891 1900 1040 1972 αὐτῷ
1081 1901 1321 1973 ἧγαγεν,
1366 1901 1516 1964 ὅπως
1551 1916 1684 1968 συγ-

1808 1889 1972 1941 'ulam
2008 1888 2167 1942 nobis
2199 1888 2342 1942 velut
2369 1888 2731 1943 arrhabonem
2752 1903 2814 1940 ac
2836 1889 3031 1958 pignus
3053 1895 3387 1957 aspergeret.

64 1992 465 2064 κληρονόμους
497 1992 597 2062 τῆς
628 1989 794 2046 αὐτοῦ
833 1989 1112 2062 βασιλείας
1155 1991 1353 2055 αὐτοὺς
1405 1989 1682 2064 ὑποδείξῃ.

1808 1977 1929 2033 l‘um
1975 1980 2122 2033 enim
2174 1988 2398 2035 sanctos
2447 1980 2571 2034 illos
2617 1996 2802 2035 secum
2855 1979 3076 2050 Moysen
3116 1987 3171 2034 et
3215 1979 3391 2037 Eliam

1789 2072 2038 2136 adducit,
2076 2083 2135 2127 ut
2164 2073 2410 2142 ejusdem
2445 2087 2635 2129 secum
2677 2073 2830 2145 regni
2866 2072 3183 2144 participes,
3214 2087 3278 2127 ac
3308 2088 3394 2128 so-

1788 2168 1903 2224 cios
1929 2183 2053 2224 esse
2083 2177 2436 2224 monstraret.
3288 2150 3291 2153 ’

1860 2257 2045 2313 Schol.
2092 2258 2178 2312 {8.
2230 2257 2278 2311 E
2309 2257 2443 2313 nube
2481 2273 2619 2313 vox:
2653 2256 2757 2313 Hic
2794 2265 2875 2312 est
2915 2255 3093 2312 Filius
3133 2274 3278 2313 meus
3306 2257 3391 2313 di-

1788 2349 1956 2403 lectus
1998 2349 2034 2406 ί.

1858 2438 2042 2495 Refut.
2079 2440 2169 2495 18.
2206 2439 2555 2496 Manifestum
2586 2440 2764 2496 cuivis
2794 2447 2901 2503 cst,
2934 2440 3149 2511 opinor,
3188 2440 3388 2495 nubem

1788 2547 1968 2602 neque
2017 2546 2276 2603 suprema
2330 2534 2387 2587 in
2440 2533 2692 2604 regione,
2743 2549 2923 2603 neque
2963 2549 3129 2603 supra
3186 2534 3388 2590 coelum

1788 2640 1948 2693 esse;
1980 2625 2073 2680 sed
2110 2625 2165 2680 in
2201 2625 2305 2681 hac
2334 2624 2518 2680 infima
2554 2626 2900 2680 conditarum
2943 2641 3126 2680 rerum
3151 2628 3393 2681 statione

1787 2719 2038 2784 versari;
2070 2717 2216 2773 unde
2246 2733 2348 2772 vox
2373 2725 2456 2773 est
2482 2718 2550 2771 ad
2577 2716 2917 2773 Salvatorem
2941 2717 3186 2788 delapsa.
3219 2716 3392 2788 igitur

1788 2811 1836 2865 si
1874 2811 1942 2867 de
1981 2811 2127 2866 nube
2167 2811 2383 2866 locutus
2430 2810 2610 2876 Pater,
2667 2810 2864 2866 Filium
2912 2826 3072 2866 suum
3104 2810 3393 2881 discipulis

1788 2904 2050 2967 ostendit,
2095 2918 2203 2957 non
2254 2904 2396 2957 alius
2429 2917 2552 2958 esse
2589 2911 2768 2972 potest
2819 2902 3103 2965 Conditor,
3147 2918 3310 2971 quam
3349 2902 3395 2956 is

1790 2992 1908 3063 ipse
1930 2996 2023 3064 qui
2054 3009 2152 3064 per
2179 2996 2378 3050 nubem
2407 2993 2547 3048 Filio
2573 3008 2675 3049 suo
2699 2994 3071 3048 testimonium
3094 2994 3349 3063 praestitit
3374 3013 3389 3050 :

1790 3099 1891 3139 nec
1925 3087 1980 3139 in
2025 3100 2089 3140 ea
2135 3085 2336 3148 solum,
2378 3099 2500 3153 quae
2530 3084 2671 3138 coelo
2710 3083 2996 3153 superiora
3031 3091 3182 3146 sunt,
3215 3082 3392 3136 domi-

1790 3185 1979 3228 natum
2012 3176 2300 3230 obtinebit.

1858 3267 2044 3324 Schol.
2079 3270 2166 3323 l9.
2196 3267 2394 3341 Rogaui
2414 3268 2702 3337 discipulos
2742 3278 2880 3322 tuor.
2910 3265 3264 3336 Ilabebatque
3286 3279 3393 3321 ca}-

1785 3368 1923 3421 tera,
1953 3368 2340 3431 prmterquam,
2380 3377 2483 3414 non
2509 3368 2789 3429 potuerunt
2820 3358 3006 3427 ejicere
3029 3356 3191 3421 illud,
3220 3366 3273 3409 et
3312 3356 3391 3409 ait

1786 3453 1856 3506 ad
1886 3454 2067 3522 ipsos:
2099 3451 2379 3508 Geueratio
2416 3450 2715 3511 incredula,
2754 3449 2988 3520 quandiu
3022 3466 3108 3504 vos
3135 3448 3314 3517 patiar
3335 3447 3393 3501 "2

151 2258 323 2330 Σχόλ.
367 2264 457 2330 ιη’.
511 2259 607 2313 Ἐκ
634 2257 747 2327 τῆς
773 2256 1036 2328 νεφέλης
1063 2253 1231 2325 φωνή
1253 2270 1265 2282 ·
1298 2248 1488 2320 Οὗτός
1514 2251 1688 2306 ἐστιν

72 2354 110 2406 ὁ
160 2353 307 2418 Υἱός
332 2368 453 2422 μου
495 2353 527 2405 ὁ
568 2351 896 2419 ἀγαπητός.

158 2444 390 2515 Ἐ’λεγχ.
428 2450 519 2515 tu".
562 2443 731 2496 Παντί
775 2459 855 2512 τῳ
885 2440 1053 2512 δῆλόν·
1081 2440 1249 2504 ἐστιν,
1291 2439 1375 2493 ὅτι
1401 2440 1435 2509 ή
1488 2436 1686 2508 νεφέλη

76 2538 192 2591 οὐκ
240 2536 390 2589 ἔστιν
440 2534 717 2605 άνωτάτη,
771 2532 911 2591 οὔτε,
948 2533 1091 2605 ὑπὲρ
1137 2531 1365 2602 οὐρανὸν
1426 2529 1685 2604 ὑπάρχει,

78 2628 227 2681 ἀλλὰ
256 2630 316 2681 ὲν
348 2628 416 2697 τῇ
448 2625 571 2679 καθ’
600 2625 751 2696 ἡμᾶς
781 2625 956 2678 κτίσει
976 2640 991 2655 ·
1027 2624 1150 2678 ὅθεν
1180 2626 1213 2695 ἠ
1247 2622 1398 2693 φωνὴ
1432 2622 1570 2694 πρὸς
1593 2622 1688 2676 τὸν

81 2720 325 2790 Σωτῆρα
373 2716 598 2788 ἠνέχθη.
640 2717 703 2769 Εἰ
749 2716 929 2769 τοίνυν
966 2716 995 2769 6
1029 2713 1219 2786 Πατὴρ
1247 2714 1343 2768 καὶ
1388 2714 1447 2768 ὲν
1488 2712 1686 2785 νεφέλῃ

80 2810 265 2873 λαλεῖ,
308 2807 677 2863 ὑποδεικνύων
727 2809 840 2871 τοῖς
881 2806 1148 2878 μαθηταῖς
1185 2806 1278 2859 τὸν
1324 2804 1491 2859 αὐτοῦ
1534 2806 1687 2871 Υἱδν,

81 2905 191 2957 οὐκ
232 2901 394 2966 ἄλλος
431 2903 580 2956 ἐστὶν
613 2903 642 2955 6
674 2899 1037 2972 Δημιουργὸς,
1071 2898 1209 2953 ἀλλὰ
1235 2900 1265 2952 6
1310 2898 1497 2961 αὐτὸς,
1529 2899 1558 2950 ὁ
1594 2898 1688 2951 καὶ

80 2995 176 3049 διὰ
223 2993 456 3064 νεφέλης
497 2992 576 3063 τῷ
609 2992 724 3062 ἰδίῳ
775 2990 890 3061 Υἱῷ
945 2990 1321 3064 μαρτυρήσας,
1362 2989 1456 3042 καὶ
1490 2989 1550 3041 οὐ
1578 2987 1688 3042 τῶν

82 3088 233 3159 ὑπὲρ
263 3085 494 3158 οὐρανὸν
524 3084 703 3156 μόνων
730 3082 1029 3148 δεσπόζων,
1061 3082 1138 3146 ὠς
1160 3081 1326 3146 αὐτὸς
1360 3082 1611 3151 φάσκεις.

158 3267 320 3340 Σχόλ.
366 3267 453 3322 ιϐ’.
508 3264 802 3334 Ἐδεήθην
829 3263 949 3318 τῶν
970 3262 1257 3334 μαθητῶν
1296 3279 1434 3319 σου.
1471 3257 1598 3334 Εἶχε
1627 3262 1684 3316 δὲ

86 3360 249 3433 παρα
302 3358 385 3422 τὸ,
426 3359 538 3412 οὐκ
588 3355 994 3425 ἠδυνήθησαν
1043 3355 1324 3410 ἐκϐαλεῖν
1363 3355 1533 3420 αὐτὸ,
1585 3355 1684 3409 καὶ

86 3453 245 3523 πρὸς
271 3450 495 3517 αὐτούς
514 3466 528 3481 ο
561 3444 637 3503 Ὠ
659 3448 837 3518 γενεὰ
863 3440 1140 3514 ἄπιστος,
1168 3448 1280 3513 ἕως
1309 3448 1454 3502 πότε
1476 3446 1688 3511 ἀνέξο-

88 3561 196 3610 μαι
233 3542 437 3612 ὑμῶν;

168 3658 394 3727 Ἐλεγχ.
437 3654 525 3710 ιϐ’.
566 3654 659 3718 Τὸ,
712 3654 822 3721 ἕως
872 3653 1046 3717 πότε,
1088 3653 1354 3723 ἐνσάρκου
1384 3652 1686 3722 παρουσίας

87 3751 290 3823 χρόνου
344 3749 461 3802 ἐστὶ
506 3748 865 3819 σημαντικόν.
915 3747 1027 3799 Καὶ
1072 3745 1155 3808 τὸ,
1207 3740 1284 3799 Ὦ
1327 3747 1503 3814 γενεά
1552 3742 1687 3797 ἀπι-

89 3861 243 3909 στος
264 3861 279 3876 ·
311 3843 386 3906 ὡς
418 3841 527 3895 τῶν
561 3828 859 3912 προφητῶν
876 3840 969 3893 ἐπὶ
998 3838 1076 3908 τῷ
1106 3837 1330 3910 ὀνόματι
1360 3836 1526 3893 αὐτοῦ
1563 3836 1684 3890 θεο-

91 3939 302 4008 σήμεια
348 3933 741 4007 ἐργασαμένων
804 3932 901 3986 καὶ
968 3931 1447 3995 πεπιστευκότων,
1519 3930 1595 3993 ὡς
1658 3930 1687 3981 ὁ

104 4030 295 4092 Ἠλίας
336 4027 650 4099 εὑρίσκεται
705 4024 875 4078 ποιῶν
953 4026 1047 4079 καὶ
1109 4023 1442 4103 Ἐλισσαῖος.
1491 4024 1587 4077 καὶ
1638 4024 1685 4077 οἱ

91 4123 264 4180 ἄλλοι.

165 4215 324 4285 Σχόλ..
378 4221 447 4268 κ’.
502 4215 558 4266 Ὁ
610 4212 718 4282 γὰρ
776 4209 909 4276 Υἱὸς
955 4209 1064 4264 τοῦ
1116 4207 1431 4276 ἀνθρώπου
1472 4207 1687 4277 μέλλει

92 4306 535 4374 παραδίδοσθαι
573 4308 661 4373 εὶς
705 4304 908 4375 χεζοιις
947 4301 1291 4371 ἀνθρώπων.

170 4399 393 4469 Ἔλεγχ.
429 4399 497 4453 κ’.
535 4397 665 4452 Υίοῦ
700 4396 1008 4469 ἀνθρώπου,
1040 4395 1134 4450 καὶ
1174 4392 1685 4466 παραδοθησομένου

1858 3633 2042 3691 Refut.
2081 3636 2171 3691 i9.
2198 3634 2316 3691 Vox
2351 3637 2463 3700 illa,
2491 3635 2731 3707 quandiu
2752 3675 2767 3699 ,
2798 3643 3017 3705 tempus
3049 3633 3180 3687 illud
3218 3632 3391 3705 signi-

1789 3725 1933 3790 llcat,
1962 3742 2072 3797 quo
2099 3726 2354 3783 Christus
2389 3728 2445 3782 in
2480 3736 2628 3782 terra
2654 3742 2779 3781 cum
2812 3739 2980 3780 carne
3002 3731 3252 3779 versatus
3283 3730 3390 3777 est.

1788 3817 1903 3873 lloc
1930 3830 2113 3874 autem
2141 3861 2157 3886 ,
2191 3819 2476 3874 Generatio
2507 3818 2806 3881 incredula,
2835 3832 2902 3872 eo
2932 3816 3194 3870 nimirum
3232 3815 3394 3870 refer-

1788 3919 1899 3975 tur,
1924 3913 2069 3983 quod
2100 3913 2154 3966 in
2197 3913 2372 3983 ipsius
2401 3913 2622 3967 nomine
2664 3911 2945 3983 prophetae
2975 3909 3219 3980 prodigia
3243 3925 3393 3980 quaa-

1786 4003 1911 4057 dam
1936 4003 2230 4065 ediderint,
2263 4005 2423 4074 eique
2463 4003 2837 4067 crediderint;
2872 4000 3181 4069 cujusmodi
3224 4001 3391 4064 Elias,

1789 4093 2042 4157 Elisaaus,
2075 4093 2283 4164 aliique
2315 4093 2515 4149 fecisse
2539 4093 2816 4163 leguntur.

1861 4184 2048 4241 Schol.
2096 4184 2189 4239 20.
2235 4182 2410 4239 Filius
2458 4185 2596 4239 enim
2647 4182 2877 4236 hominis
2928 4180 3171 4249 futurum
3219 4188 3295 4233 est
3338 4190 3389 4230 ut

1791 4280 2039 4332 tradatur
2072 4277 2126 4330 in
2160 4292 2349 4330 manus
2383 4277 2654 4329 hominum
2690 4275 2730 4328 ³.

1857 4369 2024 4441 329
2052 4367 2236 4424 Refut.
2268 4368 2358 4423 20.
2406 4366 2656 4422 Hominis
2693 4366 2782 4420 ille
2813 4363 3008 4425 Filius,
3044 4363 3136 4433 qui
3174 4360 3230 4415 in
3267 4376 3386 4413 ma-

89 4492 177 4553 είς
206 4491 395 4560 χεῖρας
439 4488 771 4559 ἀνθρώπων,
806 4488 867 4540 οὐ
902 4486 1175 4556 δοκήσεως
1206 4486 1239 4554 ἡ
1278 4483 1535 4554 ἔμφασις,
1566 4483 1684 4537 οὐδὲ

1808 4476 1901 4516 aus
1946 4470 2065 4516 erat
2094 4458 2394 4515 tradendus
2428 4459 2736 4525 hominum,
2779 4473 2886 4511 non
2938 4456 3226 4526 opinione,
3265 4470 3389 4524 spe-

88 4580 418 4651 φαντασίας,
440 4577 575 4632 ἀλλὰ
599 4576 851 4648 σώματος
884 4576 980 4629 καὶ
1013 4574 1190 4646 μελῶν
1224 4574 1438 4645 θεωρία.

165 4735 322 4807 Σχόλ.
372 4742 478 4788 καν.
521 4733 675 4786 Οὐδὲ
724 4732 902 4786 τοῦτο
945 4732 1247 4801 ἀνέγνωτε
1269 4774 1283 4796 ,
1323 4733 1380 4786 τί
1432 4732 1686 4800 ἐποίησε

88 4825 307 4888 Δαϐἰδ;
338 4822 643 4892 Εἰσῆλθεν
673 4824 761 4887 εἰς
786 4821 894 4876 τὸν
920 4818 1089 4877 οἷκον
1114 4823 1222 4877 τοῦ
1255 4822 1426 4876 Θεοῦ.

171 4917 395 4987 Ἔλεγχ,
448 4921 551 4970 και,
601 4915 665 4967 El
709 4908 858 4967 οἷκον
892 4912 1029 4967 Θεοῦ
1062 4913 1261 4983 φάσκει
1293 4913 1384 4968 τὸν
1411 4909 1560 4967 οἷκον
1586 4913 1688 4982 τῆς

90 5010 249 5082 παρὰ
294 5008 571 5072 Μωῡσέως
614 4992 908 5078 γενομένης
968 5005 1370 5077 σκηνοπηγίας,
1411 5006 1509 5058 οὐκ
1560 5004 1689 5058 ἀθε-

91 5103 180 5154 τεῖ
210 5100 302 5155 τὸν
338 5100 522 5170 νόμον,
553 5100 674 5152 οὐδὲ
716 5100 804 5152 τὸν
849 5098 980 5151 Θεὸν
1016 5099 1107 5151 τὸν
1143 5097 1454 5169 λαλήσαντα
1501 5101 1560 5151 ὲν
1610 5098 1690 5169 τῷ

90 5194 263 5266 νόμῳ.
315 5192 448 5246 Θεὸν
488 5191 598 5263 γὰρ
641 5192 805 5244 αὑτὸν
838 5191 1056 5262 φάσκει,
1087 5192 1144 5255 ὃς
1186 5191 1332 5243 ἐστιν
1366 5190 1533 5249 αὑτοῦ
1577 5193 1691 5244 Ila-

91 5286 223 5355 τὴρ,
256 5284 291 5354 ἦ
332 5282 494 5344 αὐτὸς
531 5283 863 5352 Μονογενής.
916 5280 1088 5334 Εἴωθε
1120 5281 1231 5351 γὰρ
1267 5280 1458 5349 Τριὰς,
1496 5281 1687 5352 Πατὴρ

96 5379 190 5432 καὶ
241 5376 369 5439 Υἱὸς
414 5375 509 5428 καὶ
556 5376 712 5444 ἃγιον
769 5373 1010 5444 Πνεῦμα.
1065 5375 1306 5443 ἐνεργεῖν
1343 5371 1400 5424 ἕν
1440 5389 1498 5424 τε
1539 5371 1687 5443 νόμῳ

100 5472 192 5524 καὶ
242 5469 549 5540 προφήταις
603 5465 698 5520 καὶ
754 5464 1138 5535 Εὐαγγελίοις,
1191 5466 1289 5516 καὶ
1344 5464 1402 5517 ὲν
1450 5464 1687 5518 ἀποστό-

99 5562 229 5627 λαις.

1795 4552 1990 4623 cieque
2020 4553 2160 4614 sola,
2198 4553 2292 4606 sed
2319 4551 2574 4621 corporis
2606 4565 2670 4604 ac
2700 4549 3072 4604 membrorum
3107 4546 3295 4602 habitu
3326 4560 3389 4599 ac

1795 4644 2213 4699 confirmatione
2249 4644 2378 4699 talis
2409 4644 2642 4697 exstitit.

1869 4735 2057 4789 Schol.
2097 4735 2186 4788 21.
2233 4733 2416 4805 Neque
2444 4736 2540 4789 hoc
2570 4734 2791 4806 legistis,
2822 4733 2947 4804 quid
2979 4731 3159 4802 fecerit
3194 4731 3386 4797 David,

1794 4843 1915 4880 cum
1946 4828 2212 4898 ingressus
2241 4837 2320 4882 est
2350 4829 2404 4882 in
2435 4826 2654 4881 domum
2685 4826 2783 4880 Dei
2806 4827 2864 4880 εἳ

1861 4916 2046 4973 Rcl‘ut.
2078 4919 2169 4972 21.
2210 4918 2349 4973 Cum
2381 4919 2798 4974 tabernaculum
2836 4919 2968 4973 illud
2994 4918 3180 4991 Moyse
3212 4919 3386 4973 collo-

1792 5018 1975 5066 catum
2022 5009 2115 5065 Dei
2147 5011 2370 5064 domum
2400 5013 2671 5082 appellet,
2708 5027 3050 5081 nequaquam
3084 5013 3253 5080 legem
3294 5018 3386 5063 aut

1796 5099 1965 5157 Deum
2000 5100 2200 5169 ipsum,
2235 5100 2329 5169 qui
2366 5101 2419 5154 in
2453 5101 2568 5171 lege
2595 5101 2810 5156 locutus
2845 5109 2950 5163 est,
2984 5101 3171 5169 abjicit
3227 5098 3385 5153 llunc

1798 5193 2002 5263 quippe
2032 5191 2201 5247 Deum
2229 5192 2500 5257 nominat,
2529 5193 2622 5263 qui
2649 5194 2770 5263 ejus
2803 5192 2965 5246 Pater
2987 5201 3091 5254 est,
3123 5200 3217 5244 aut
3240 5192 3381 5259 ejus-

1796 5283 1918 5339 dem
1944 5281 2297 5354 Unigenitus.
2330 5282 2481 5339 Solet
2518 5284 2664 5338 enim
2701 5291 2891 5339 sancta
2919 5283 3189 5344 Trinitas,
3223 5283 3386 5335 Pater

1795 5385 1849 5433 et
1894 5374 2090 5440 Filius,
2125 5385 2179 5432 et
2226 5377 2470 5448 Spiritus
2501 5386 2752 5440 sanctus,
2798 5392 2907 5431 non
2962 5375 3017 5429 in
3053 5376 3170 5446 lege
3208 5377 3388 5430 solum

1795 5474 1851 5520 et
1884 5466 2191 5537 prophetis,
2230 5467 2323 5524 sed
2372 5467 2682 5540 Erangeliis
2730 5475 2895 5538 atque
2926 5468 3191 5537 apostolis
3220 5482 3387 5538 opera

1795 5570 1895 5611 sua
1933 5556 2212 5627 perlicere.

170 5750 188 5783 ί
229 5745 365 5803 Luc.
399 5762 472 5811 Ix,
504 5744 592 5801 55.
670 5746 690 5777 ²
725 5744 857 5799 ibid.
883 5744 973 5811 40,
996 5744 1085 5798 41.
1165 5743 1185 5774 ³
1215 5742 1344 5799 ibid.
1383 5743 1472 5798 44.
1551 5744 1572 5774 ⁵
1603 5741 1736 5798 Luc.
1768 5758 1843 5807 τι,
1872 5744 1925 5796 5.
