3934 6424
112 304 189 359 ιη
747 295 1120 354 ADVERSUS
1160 250 1504 356 "massas
1536 302 1666 357 LIB.

1793 301 1959 358 ΤΟΜ.
2005 300 2090 357 Ill.
2135 330 2205 340 --
2245 294 2527 359 ILERES.
2561 293 2720 349 XLII.

3258 300 3364 357 ἨΞ

104 419 329 491 ἀγνωσία
357 417 678 490 ἀνθρώπων,
709 417 786 482 ὡς
823 418 976 473 αὐτοί
1006 437 1142 489 φασι
1171 420 1315 474 κατά
1351 437 1473 474 τινα
1505 419 1672 492 μυθο-

1787 433 1911 488 pora
1952 418 2221 473 transitus
2244 431 2370 473 esse
2398 415 2698 478 deﬁniunt;
2740 413 2889 484 quod
2929 413 2998 469 ad
3019 429 3116 471 eos
3138 417 3365 487 quidem

104 515 284 567 ποιίαν·
305 516 320 543 ‘
349 510 549 572 ταύτας
570 511 732 581 φασὶν
769 512 1142 583 ἐπιστρέφειν,
1177 513 1271 566 καὶ
1310 528 1663 581 μετενσωμα-

100 606 305 659 τυῦσθαι
335 605 415 668 είς
438 605 666 659 ἕκαστον
697 604 804 658 τῶν
833 604 1009 670 ζώων,
1048 605 1153 671 ἕως
1191 606 1258 659 ἂν
1305 604 1534 675 ἐπιγνῷ,
1569 605 1664 658 καὶ

101 698 228 753 οὕτω
275 696 605 770 καθαρθεῖσαι
665 696 758 750 καὶ
807 695 1135 751 ἁναλυθεῖσα
1175 698 1415 767 μεταστῇ
1466 697 1547 758 εἰς
1596 694 1665 749 τὰ

104 791 397 863 ἐπουράνια.

165 1061 264 1114 Καὶ
327 1059 542 1130 πρῶτον
602 1057 701 1129 μὲν
754 1055 1076 1126 ὲλήλεγκται
1134 1052 1304 1107 αὐτοῦ
1357 1055 1389 1124 ή
1438 1053 1667 1124 μάταιος

104 1156 236 1206 πᾶσα
265 1151 355 1206 τοῦ
392 1150 563 1222 μύθου
594 1148 929 1218 κατασκευή.
963 1148 1180 1200 Τούτων
1222 1146 1332 1220 γὰρ
1372 1146 1471 1218 τὴν
1503 1148 1665 1218 ἀκρί-

106 1249 239 1300 ϐειαν
272 1246 443 1308 οὐδεὶς
475 1243 633 1307 ἄλλος
661 1242 885 1295 δύναται
925 1241 1124 1293 εἰδέναι
1153 1240 1293 1311 ὑπὲρ
1323 1239 1415 1293 τὸν
1465 1240 1668 1312 Κύριον

110 1339 242 1411 ἡμῶν
277 1336 481 1409 Ἰησοῦν
513 1336 767 1407 Χριστὸν,
797 1335 889 1389 τὸν
932 1334 1153 1388 ἐλθόντα
1184 1334 1272 1388 διὰ
1304 1333 1365 1386 τὸ
1397 1333 1668 1405 πρόϐατον

106 1434 157 1485 τὸ
196 1431 483 1497 ἀπολωλὸς,
534 1432 780 1485 τουτέστι
823 1430 913 1484 διὰ
950 1430 1050 1493 τὰς
1084 1428 1265 1501 ψυχὰς
1309 1426 1418 1481 τῶν
1456 1426 1657 1498 ἀνθρώι

109 1541 232 1577 πων
261 1524 317 1586 ὃς
352 1522 462 1578 τῶν
499 1522 679 1576 αὐτῶν
722 1521 1150 1592 ἐπιμελούμενος
1183 1519 1518 1591 ἐθεράπευσε
1563 1516 1667 1587 ψυ-

108 1616 253 1685 χικῶς
277 1615 367 1669 καὶ
396 1613 748 1685 σωματικῶς.
782 1613 1029 1685 σώματός
1068 1630 1129 1666 τε
1161 1612 1256 1666 καὶ
1278 1612 1452 1682 ψυχῆς
1479 1609 1672 1663 δεσπό-

110 1712 218 1772 ζων,
251 1707 342 1761 καὶ
364 1706 467 1777 τῆς
500 1705 738 1760 ἐνταῦθα
776 1705 921 1777 ζωῆς
942 1704 1276 1777 παρεκτικδς
1308 1701 1413 1765 ὢν,
1449 1704 1543 1756 καὶ
1570 1702 1670 1771 τῆς

1770 509 2022 564 homines
2060 510 2283 573 attinet,
2324 509 2420 579 qui
2461 508 2515 562 in
2549 507 2894 578 ignoratione
2940 518 3254 563 versantur.
3285 509 3364 565 De

1767 603 1969 675 quibus
1999 602 2190 658 nescio
2238 616 2404 671 quam
2444 598 2685 654 fabulam
2730 598 3028 653 commenti
3073 608 3225 660 sunt,
3277 614 3365 654 re-

1767 696 1888 752 dire
1958 694 2217 750 videlicet
2269 693 2547 755 animam,
2603 706 2668 746 ac
2718 706 2779 746 se
2820 691 2876 745 in
2925 693 3364 762 unumquodque

1768 788 2130 843 animantium
2162 786 2412 850 induere,
2441 784 2616 839 donec
2643 785 3013 855 cognitionem
3047 785 3241 856 adepta
3269 784 3360 848 sit,

1769 889 1936 950 atque
1978 879 2055 933 ita
2102 884 2365 949 purgata,
2418 877 2801 946 dissolutaque
2853 877 2909 931 in
2947 877 3194 931 cmlestia
3244 878 3362 930 loca

1768 973 2115 1042 commigret.

1842 1064 1951 1120 Sed
1981 1064 2250 1135 inprimis
2284 1077 2488 1116 vanum
2524 1061 2657 1116 illud
2701 1061 2975 1115 somnium
3014 1061 3163 1115 nullo
3197 1077 3364 1133 uego-

1770 1156 1849 1212 tio
1886 1154 2259 1209 convincitur.
2304 1152 2521 1209 Etenim
2563 1154 2696 1223 quid
2744 1156 2924 1224 reipsa
2954 1165 3175 1221 geratur
3219 1156 3365 1209 scire

1770 1264 1933 1303 nemo
1965 1249 2162 1303 melius
2197 1257 2398 1317 potest,
2433 1261 2598 1317 quam
2622 1245 2782 1302 Jesus
2807 1247 3062 1302 Christus
3100 1247 3365 1302 Dominus

1772 1348 1981 1404 uoster,
2022 1340 2117 1410 qui
2166 1338 2560 1408 recuperandae
2612 1338 2730 1393 ovis
2776 1339 3001 1408 perdit-.e
3044 1339 3215 1408 gratia
3270 1339 3365 1393 de-

1771 1433 2011 1496 scendit,
2049 1432 2153 1485 hoc
2175 1441 2262 1487 est
2280 1440 2339 1486 ut
2369 1433 2583 1487 animas
2612 1431 2872 1485 liberaret
2896 1430 3201 1491 hominum,
3226 1446 3367 1500 quo~

1774 1541 1897 1579 rum
1939 1524 2159 1579 utilitati
2192 1539 2255 1579 ac
2288 1526 2596 1580 rationibus
2627 1522 2902 1585 serviens,
2928 1531 3040 1575 tam
3075 1523 3185 1577 illis
3224 1539 3366 1591 quas

1773 1616 1910 1680 dixi,
1942 1630 2110 1684 quam
2155 1615 2485 1684 corporibus
2526 1614 2662 1685 ipsis
2692 1612 2996 1667 remedium
3028 1612 3245 1679 attulit;
3281 1623 3368 1665 ut-

1777 1717 1901 1778 pote
1939 1708 2189 1778 corporis
2226 1709 2451 1777 pariter,
2490 1708 2796 1777 animmque
2836 1707 3114 1767 dominus.
3157 1723 3222 1761 ac
3255 1714 3367 1759 tam

110 1798 410 1869 μελλούσης·
443 1795 540 1851 τοῦ
572 1797 670 1867 μὲν
700 1796 1124 1868 τελευτήσαντος
1159 1797 1201 1859 ⁸,
1235 1795 1379 1866 φημὶ
1404 1794 1461 1848 δὲ
1489 1794 1669 1857 Λάζα-

1787 1803 2064 1872 praesentis
2093 1818 2256 1873 quant
2288 1801 2489 1856 futura
2514 1801 2639 1854 vita:
2665 1801 2910 1869 largitor.
2946 1799 3046 1852 llic
3073 1802 3217 1854 enim
3244 1808 3369 1869 post

110 1909 210 1961 ρον,
239 1890 328 1944 καὶ
358 1889 450 1944 τὸν
488 1888 605 1944 υίὺν
631 1889 729 1960 τῆς
769 1889 968 1960 χήρας,
996 1890 1091 1942 καὶ
1124 1888 1222 1960 τὴν
1262 1887 1538 1958 θυγατέρα
1579 1886 1672 1938 τοῦ

110 1978 534 2054 ἀρχισυναγώγου
563 1980 671 2035 ἀπὸ
706 1979 918 2052 νεκρῶν
941 1980 1181 2053 ἐγείρας,
1207 1979 1306 2032 οὐκ
1330 1981 1410 2042 εἰς
1440 1976 1674 2049 πονηρὸν

111 2076 281 2138 αὐτοὺς
328 2075 512 2147 φέρων
538 2113 552 2136 ,
602 2073 677 2137 ὼς
719 2073 874 2127 αὐτοὶ
928 2072 991 2126 τὸ
1034 2073 1196 2143 σῶμα
1236 2071 1483 2143 φυλακὴν
1535 2068 1674 2124 εἶναι

111 2168 520 2237 δογματίζουσιν,
561 2165 698 2219 ἀλλὰ
742 2164 946 2234 ἀγαθὸν
986 2165 1189 2229 ποιῶν,
1235 2165 1329 2217 καὶ
1369 2163 1672 2231 γινώσκων,

112 2260 179 2313 ὅτι
200 2260 338 2331 καὶὴ
367 2258 605 2313 ἐνταῦθα
628 2260 686 2311 ἐν
719 2258 883 2329 σαρκὶ
913 2258 1202 2330 παραμονὴ
1227 2259 1316 2310 ὑπ’
1345 2256 1509 2311 αὑτοῦ
1545 2256 1677 2327 ὥρι-

114 2370 233 2417 σται,
280 2355 371 2407 καὶ
401 2355 434 2423 ἡ
470 2351 744 2424 μέλλουσα
783 2351 984 2422 σαρκὸς
1016 2351 1108 2405 καὶ
1136 2349 1318 2422 ψυχῆς
1356 2350 1671 2413 ἀνάστασις.

117 2446 208 2499 Καὶ
257 2448 301 2499 εί
339 2445 504 2500 πάλιν
539 2444 675 2517 ᾔδει,
716 2444 796 2498 ὅτι
841 2443 941 2515 μία
979 2442 1125 2514 ψυχή
1163 2446 1310 2496 ἐστιν
1344 2444 1376 2513 ἡ
1423 2436 1676 2507 ἐν’ζὼοις

116 2539 193 2592 καὶ
234 2539 289 2592 ἐν
328 2536 664 2610 ἀνθρώποις,
703 2536 884 2608 ψυχῆς
924 2535 981 2589 δὲ
1024 2532 1156 2607 ἦλθε
1198 2535 1526 2606 ποιήσασθαι
1577 2536 1676 2606 τὴν

117 2630 388 2702 σωτηρίαν,
432 2606 541 2685 οὐκ
584 2606 689 2683 ἔδει
721 2606 900 2684 αύτδν
943 2629 1039 2683 ἕνα
1068 2628 1443 2700 καθαρίσαντα
1481 2628 1674 2699 δαιμο-

118 2723 308 2786 νιῶντα,
332 2723 473 2793 λέγω
500 2722 571 2795 δὴ
597 2722 689 2776 τὸν
717 2721 824 2775 ἀπὸ
852 2720 961 2774 τῶν
989 2720 1270 2791 μνημείων
1299 2718 1676 2789 ἐξερχόμενον,

120 2816 340 2870 κελεῦσαι
385 2819 502 2881 τοῖς
564 2814 815 2886 δαίμοσιν
860 2812 1154 2876 ἀπελθεῖν,
1207 2812 1302 2865 καὶ
1359 2812 1678 2865 ἀποκτεῖναι

121 2909 369 2980 δισχιλίους
392 2910 638 2982 χοίρους,
670 2908 720 2960 εἰ
743 2907 855 2961 ἴσαι
877 2902 1019 2977 ἦσαν
1049 2906 1105 2958 at
1133 2904 1304 2975 ψυχαὶ
1329 2902 1439 2955 τῶν
1467 2900 1680 2973 ἀνθρώ-

122 3016 217 3054 πων
250 3002 339 3055 καὶ
381 3002 490 3055 τῶν
538 2999 756 3071 χοίρων.
803 2997 927 3061 Πῶς
959 2995 1071 3068 γὰρ
1118 2997 1246 3067 μιᾶς
1287 2993 1680 3065 ἐπιμελόμενος

56 3130 58 3137 π
121 3093 359 3165 δισχιλίων
382 3093 562 3149 ἐποίει
599 3091 849 3164 δλεθρον;
879 3092 941 3144 El
983 3090 1039 3142 δὲ
1079 3089 1240 3143 πάλιν
1279 3088 1355 3151 ὡς
1393 3086 1514 3156 ὄφις
1554 3103 1682 3138 σκο-

123 3186 260 3239 λιεύει
300 3186 715 3259 μηχανώμενος,
756 3184 850 3239 καὶ
895 3183 1102 3253 λέγων,
1149 3183 1231 3236 ὅτι
1275 3179 1465 3234 ἔλυσεν
1510 3178 1679 3242 αὐτὰς

124 3278 212 3330 ἀπὸ
233 3278 330 3331 τῶν
353 3280 649 3349 σωμάτων,
680 3277 767 3329 ἵνα
790 3274 1086 3329 ἀνέλθωσιν
1107 3291 1121 3304 ·
1151 3273 1261 3328 ἔδει
1301 3273 1390 3326 τὸν
1436 3270 1686 3342 Λάζαρον

126 3367 322 3424 λυθέντα
361 3371 453 3424 τοῦ
510 3369 766 3438 σώματος
818 3368 892 3439 μὴ
942 3366 1269 3439 ἐπιστρέψαι
1311 3364 1474 3419 πάλιν
1520 3366 1599 3427 εἰς
1625 3362 1686 3415 τὸ

126 3460 289 3532 σῶμα·
324 3463 528 3535 μᾶλλον
570 3461 628 3515 δέ
659 3461 754 3515 καὶ
797 3459 961 3515 αὐτὸν
999 3460 1091 3512 τὸν
1126 3457 1487 3529 δαιμονιῶντα
1526 3455 1687 3509 λῦσαι

56 3586 57 3599 ι
124 3554 229 3616 τοὺς
245 3553 462 3627 δεσμοὺς
493 3552 594 3608 τοῦ
621 3551 903 3623 σώματος·
931 3550 1046 3604 ἀλλ’
1078 3550 1179 3603 οὐκ
1207 3549 1459 3620 ἐποίησεν
1482 3546 1684 3608 οὕτως·

126 3648 339 3715 προενόει
388 3636 444 3702 δὲ
501 3645 709 3718 μᾶλλον
760 3643 902 3697 οὕτω
952 3641 1044 3695 τοῦ
1102 3639 1353 3713 σώματος
1420 3638 1573 3703 εἰδὼς
1626 3638 1687 3691 τὸ

56 3772 57 3775 ~
126 3738 386 3811 συμφέρονο
1676 3744 1687 3755 ·

182 4014 418 4069 Διέπεσεν
458 4020 487 4071 ὁ
535 4015 665 4087 περὶ
713 4012 891 4085 ψυχῆς
936 4030 1030 4066 σου
1082 4012 1259 4080 λόγος,
1304 4005 1350 4064 ὦ
1395 4009 1683 4082 Μαρκίων,

56 4142 57 4147 η
126 4105 327 4160 καὶτῶν
360 4109 468 4162 ἀπὸ
500 4107 599 4161 σοῦ
644 4108 740 4160 καὶ
785 4105 895 4158 τῶν
932 4105 1109 4159 ἄλλων
1143 4104 1408 4176 αἱρέσεων
1433 4105 1687 4175 ὁρμωμέ-

56 4256 57 4259 η
126 4212 227 4251 νων.
259 4201 362 4252 Καὶ
390 4202 522 4273 περὶ
558 4200 656 4270 τῆς
691 4198 1067 4270 προσποιητῆς
1104 4214 1197 4250 σου
1228 4196 1500 4258 πολιτείας
1530 4191 1686 4258 αὖθις

56 4324 57 4353 ς
126 4291 234 4360 ἐρῶ.
262 4294 344 4348 διὰ
369 4295 428 4348 τὸ
459 4294 642 4362 λέγειν
671 4309 729 4345 σε
760 4291 996 4362 πονηρὸν
1029 4286 1170 4343 εἶναι
1207 4291 1301 4343 καὶ
1329 4288 1587 4358 ἀθέμιτον
1624 4287 1686 4338 τὸ

127 4385 315 4454 σαρκῶν
348 4384 812 4457 μεταλαμϐάνειν.
866 4382 1111 4452 Ἐλέγχει
1169 4380 1225 4434 δέ
1288 4397 1348 4433 σε
1403 4383 1432 4434 ὁ
1492 4381 1685 4452 Σωτὴρ

1776 1894 2025 1964 corporis
2058 1895 2290 1956 obitum,
2327 1893 2617 1954 Lazarum,
2660 1900 2714 1946 et
2748 1892 2927 1946 viduae
2956 1892 3146 1954 ﬁlium,
3178 1906 3241 1945 ac
3277 1907 3370 1961 sy-

1778 2002 2000 2057 nagogte
2033 1986 2299 2057 principis
2325 1986 2489 2039 filiam
2514 1986 2777 2039 excitavit
2810 1999 2840 2038 a
2874 1985 3132 2048 mortuis,
3163 1999 3274 2038 non
3309 1991 3370 2038 ut

1778 2079 1833 2133 in
1888 2079 2092 2132 malum
2132 2077 2393 2148 quiddam
2443 2076 2569 2132 ill‘os
2621 2076 2809 2132 subire
2846 2076 3237 2145 compelleret:
3270 2090 3369 2129 cu.

1773 2169 2015 2239 jusmodi
2063 2168 2398 2239 ergastulum
2449 2166 2540 2221 isti
2600 2166 2800 2220 animm
2846 2179 3051 2234 corpus
3103 2179 3226 2219 esse
3255 2173 3371 2218 sta-

1778 2269 1957 2323 tuunt,
2004 2260 2101 2315 sed
2148 2261 2350 2313 bonum
2396 2259 2583 2327 utique
2612 2258 2770 2329 331
2799 2258 3044 2320 molitus,
3090 2271 3153 2309 ac
3199 2255 3370 2325 probe

1779 2351 1927 2407 istud
1957 2351 2289 2423 intelligens,
2331 2350 2615 2404 tam-illam
2648 2351 2702 2403 in
2724 2364 2955 2418 corpore
2979 2347 3371 2402 commoratio-

1777 2460 1904 2500 nem
1936 2460 1966 2498 a
1997 2460 2077 2507 se,
2118 2458 2283 2513 quam
2319 2441 2558 2496 futuram
2583 2441 2770 2495 carnis
2792 2448 2846 2494 et
2887 2440 3084 2493 anima:
3123 2454 3377 2495 resurre‘

1778 2538 2016 2592 ctionetn
2044 2552 2172 2593 csse
2210 2534 2516 2589 deﬁnitam.
2554 2537 2631 2599 Ac
2665 2533 2710 2589 si
2747 2533 3084 2602 reliquorum
3118 2534 3371 2587 animan-

1780 2630 1918 2684 tium
1965 2629 2214 2683 eamdem
2265 2637 2429 2697 atque
2477 2626 2761 2680 hominum
2820 2640 2943 2679 esse
2980 2632 3199 2694 putaret
3254 2625 3372 2679 ani-

1780 2738 1949 2787 mam,
1975 2738 2101 2777 cum
2132 2723 2329 2776 animae
2354 2719 2639 2776 servandaa
2668 2736 2837 2775 causa
2866 2720 3126 2786 venisset,
3160 2732 3372 2787 nequa-

1780 2831 1946 2887 quam
1995 2817 2285 2886 Oportebat
2327 2815 2615 2884 arreptitio
2660 2831 2774 2868 uno
2810 2822 3144 2883 persanato,
3193 2811 3287 2881 qui
3343 2826 3375 2863 c

1782 2909 2153 2964 monumentis
2182 2908 2387 2973 exibat,
2418 2908 2569 2962 abire
2606 2909 2883 2963 daemones
2909 2905 3126 2976 jubere,
3156 2920 3217 2958 ac
3247 2919 3383 2974 por-

1783 3015 1975 3055 corum
2006 3000 2178 3053 millia
2207 2999 2316 3053 duo
2345 2999 2635 3070 perimere,
2673 3002 2719 3055 si
2750 3000 2803 3053 in
2842 3001 3024 3069 porcis
3054 3007 3108 3053 et
3138 2996 3374 3051 hornini-

1784 3091 1887 3146 bus
1927 3091 2125 3146 eaedem
2150 3091 2358 3144 anima:
2401 3091 2702 3145 resideant.
2746 3090 2860 3144 Cur
2899 3090 3046 3144 enim
3085 3089 3253 3143 unius
3285 3103 3373 3143 cu-

1790 3197 1904 3237 ram
1934 3197 2061 3237 cum
2091 3183 2327 3237 duorum
2369 3182 2601 3236 millium
2632 3182 3008 3237 commutabat
3048 3181 3259 3235 exitio?
3291 3181 3374 3234 Ad

1789 3277 1905 3331 hac
1934 3277 1980 3331 si
2012 3278 2284 3348 serpentis
2318 3278 2496 3332 instar
2519 3275 2760 3345 obliquis
2803 3273 3034 3329 ﬂexibus
3070 3272 3267 3328 callide
3301 3273 3372 3327 ἱνα

1790 3379 1962 3441 repat,
1999 3385 2064 3425 ac
2090 3370 2259 3435 dicat,
2298 3371 2421 3425 ideo
2446 3386 2474 3424 a
2507 3369 2758 3439 corporis
2793 3369 2917 3423 illas
2953 3368 3188 3422 vinculis
3215 3383 3385 3422 exso-

1791 3462 1959 3526 lutas,
2003 3478 2224 3518 sursum
2250 3471 2311 3517 ut
2347 3463 2565 3518 evolare
2593 3468 2852 3532 possent;
2894 3461 3059 3514 etiam
3106 3458 3376 3516 Lazarum

1790 3569 1889 3625 par
1908 3565 2028 3613 erat
2057 3570 2286 3626 corpore
2310 3556 2573 3620 sOlutum,
2603 3553 2670 3607 ad
2694 3568 2898 3624 corpus
2930 3553 3128 3606 iterum
3152 3551 3379 3605 minime

1790 3645 2013 3709 reverti,
2054 3646 2301 3716 adeoque
2341 3646 2493 3700 illum
2521 3647 2700 3715 ipsum
2739 3660 2903 3714 quem
2952 3644 3196 3699 diximus
3226 3655 3379 3696 arrc~

1790 3738 2009 3808 ptitium
2057 3738 2310 3809 corporis
2361 3738 2601 3793 vinculis
2640 3737 3103 3807 eximere:quod
3155 3734 3379 3805 quidem

1792 3828 1973 3885 facere
2000 3830 2199 3895 noluit,
2244 3829 2340 3885 sed
2382 3830 2597 3899 corpori
2630 3830 2813 3899 potius
2855 3830 2963 3884 hoc
2997 3829 3163 3884 modo
3198 3827 3380 3897 provi-

1791 3922 1890 3981 dit.
1924 3919 2070 3975 haud
2109 3920 2335 3991 ignarus
2367 3922 2498 3991 quid
2535 3922 2885 3991 potissimum
2909 3924 3212 3993 expediret.

1861 4012 2230 4080 Quamobrem
2254 4013 2369 4066 ruit
2388 4014 2475 4066 illa
2499 4021 2612 4079 tua,
2636 4013 2864 4078 Marcio,
2880 4028 3232 4087 tuorumque,
3250 4034 3380 4074 nec-

1790 4123 1900 4164 non
1941 4117 1995 4163 ct
2029 4116 2354 4163 caelerorum
2402 4107 2470 4161 de
2520 4106 2707 4161 anima
2753 4109 3139 4163 hazreticorum
3174 4112 3381 4180 Opinio.

1791 4202 1866 4255 De
1893 4201 2150 4257 simulata
2184 4216 2315 4255 vero
2339 4200 2431 4253 illa
2453 4207 2548 4253 tua
2570 4201 2697 4254 vitae
2728 4201 3044 4272 integritate
3070 4218 3218 4257 lllltlc
3247 4219 3381 4273 pauo

1790 4298 1872 4351 cis
1911 4295 2185 4366 agendum
2219 4301 2340 4361 est;
2380 4294 2557 4364 deque
2579 4307 2645 4348 eo
2675 4294 2821 4367 quod
2863 4295 3190 4349 sceleratum
3221 4306 3382 4367 atque

1790 4385 2182 4442 exsecrabilem
2237 4401 2398 4441 usmn
2449 4384 2698 4440 carnium
2749 4401 2874 4442 esse
2921 4388 3233 4444 cozitendis.
3277 4388 3382 4445 Sed

126 4473 262 4531 πλέον
312 4495 404 4532 σου
453 4478 842 4547 ἐπιστάμενος,
893 4475 989 4529 καὶ
1041 4474 1305 4528 διδάσκων
1355 4472 1419 4525 τὸ
1467 4472 1678 4527 κάλλιον

1793 4479 2050 4533 nimirum
2115 4487 2168 4534 te
2215 4477 2466 4536 Salvator
2513 4478 2631 4548 ipse
2684 4479 3049 4545 condemnat,
3110 4482 3204 4551 qui
3258 4498 3383 4536 cum

125 4564 215 4618 ἀπὸ
251 4570 338 4622 τοῦ
376 4569 620 4624 τοιούτου
666 4568 851 4641 ῥητοῦ.
900 4568 1064 4636 Λέγει
1110 4566 1246 4638 γάρ·
1297 4566 1437 4619 Τίνα
1479 4567 1511 4619 ό
1553 4564 1686 4630 υἱός

126 4657 318 4729 αἰτήσῃ
348 4664 562 4732 ὶχθύν;
586 4660 672 4731 μὴ
720 4660 860 4730 ὕφη·
907 4659 1184 4714 ἐπιδώσει
1235 4658 1430 4724 aeri);
1472 4657 1511 4726 ἧ
1551 4657 1686 4711 ἀντὶ

123 4747 223 4802 (iter?
250 4756 582 4822 axopzzlor;
609 4756 718 4808 Καὶ
746 4752 972 4825 ὕστερόν
1005 4769 1170 4824 φησιν
1196 4768 1208 4781 ·
1245 4754 1313 4805 Et
1351 4746 1683 4819 o-t'yrt'mch.

125 4847 349 4910 πονηροὶ
377 4844 568 4913 ὄντες,
599 4845 800 4900 οἵδατε
833 4845 1057 4915 δόματα
1084 4844 1275 4914 ἀγαθὰ
1303 4842 1536 4896 διδόναι
1563 4840 1687 4907 τοῖς

125 4931 331 5003 τέκνοις
376 4939 571 5009 ὑμῶν,
623 4941 796 5004 πόσῳ
836 4938 1080 5008 μᾶλλον
1129 4940 1162 4991 ὁ
1214 4936 1419 5004 Πατὴρ
1456 4934 1624 5005 ὑμῶν
1655 4937 1688 4989 ό

124 5021 455 5097 ἐπουράνιος
476 5047 495 5096 ;
523 5032 585 5084 Εἰ
609 5032 790 5086 τοίνυν
814 5031 1023 5101 δόματα
1045 5030 1222 5099 ἀγαθὰ
1247 5028 1513 5099 κέκληκεν
1533 5027 1686 5098 ἰχθὺν

125 5116 205 5169 καὶ
240 5120 359 5186 ὠὸν,
398 5125 460 5176 οὐ
497 5124 732 5196 πονηρὸν
780 5123 840 5177 τὸ
883 5123 997 5194 μετ’
1035 5121 1382 5194 εὐχαριστίας
1442 5122 1507 5174 ἐκ
1550 5118 1688 5174 Θεοῦ

125 5210 357 5278 χαρισθὲν
409 5213 977 5285 μεταλαμϐανόμενον,
1012 5212 1106 5265 καὶ
1150 5211 1475 5282 ἐλήλεγκταί
1519 5229 1612 5265 σου
1652 5213 1685 5281 ἡ

126 5306 437 5376 κικοτροπία
463 5308 814 5380 πανταχόθεν.

188 5481 331 5552 Σχόλ.
369 5493 464 5540 κε’.
506 5488 928 5561 Παρακέκοπται
963 5489 1025 5542 τὸ
1073 5490 1203 5560 περὶ
1246 5490 1400 5543 Ἰωνᾶ
1436 5487 1529 5542 τοῦ
1556 5506 1689 5561 προ-

128 5573 302 5644 φήτου.
349 5575 476 5648 Εἶχε
522 5582 658 5653 γάρ·
697 5583 767 5636 Ἥ
818 5581 993 5652 γενεὰ
1044 5582 1198 5649 αὕτη
1241 5578 1497 5649 σημεῖον
1531 5580 1573 5642 ³,
1615 5582 1687 5633 οὺ

191 5759 207 5792 ⁸
230 5759 347 5819 For.
382 5764 494 5821 καί.
567 5771 588 5801 ³
615 5767 737 5823 For.
781 5767 899 5832 τοὺς
954 5766 1051 5835 μὲν
1083 5765 1536 5836 τελευτήσαντας.

1794 4572 2023 4627 scientia
2058 4570 2218 4643 longe
2249 4572 2545 4637 antecellit,
2583 4581 2696 4626 tum
2722 4572 2853 4643 quid
2890 4574 3086 4629 melius
3113 4583 3259 4629 esset
3284 4574 3383 4628 hac

1795 4664 2065 4718 sententia
2096 4663 2415 4732 complexus
2454 4670 2538 4718 est
2571 4682 2582 4717 :
2614 4662 2874 4728 Quisnam
2901 4673 3001 4724 est,
3049 4680 3081 4716 a
3109 4679 3209 4732 quo
3241 4664 3385 4733 ﬁlius

1792 4765 1935 4826 petat
1958 4758 2191 4827 piscem;
2231 4773 2356 4809 num
2388 4766 2679 4826 serpente»:
2715 4755 2864 4809 dabit
2913 4756 2996 4809 illi
3028 4766 3120 4809 aut
3162 4772 3256 4825 pro
3295 4772 3385 4811 ova

1795 4850 2166 4917 scorpionem?
2196 4848 2408 4914 Quibus
2434 4849 2538 4903 ista
2571 4848 2805 4917 subjecit
2839 4861 2855 4900 :
2885 4845 2943 4902 Si
2978 4865 3099 4919 ergo
3145 4865 3232 4902 vos
3267 4865 3384 4902 cum

1796 4944 1913 4998 sitis
1950 4943 2082 4995 mali
2104 4942 2268 4994 nostis
2300 4940 2438 4995 bona
2466 4940 2597 4994 data
2628 4940 2758 4994 dare
2786 4940 2915 5009 ﬁliis
2951 4940 3154 5003 vestris,
3188 4951 3385 5010 quanto

1796 5036 1966 5107 magis
2002 5035 2166 5089 Pater
2198 5044 2369 5088 vester
2419 5035 2685 5089 caelestis?
2710 5033 2879 5103 igitur
2917 5047 3042 5086 cum
3084 5031 3212 5085 data
3246 5031 3384 5085 bona

1799 5128 2004 5198 piscem
2029 5125 2598 5195 ovumque‘nominet,
2628 5125 2830 5178 malum
2852 5139 2959 5178 non
2984 5130 3069 5177 est
3097 5121 3252 5184 illud,
3276 5139 3385 5193 qun

1797 5220 2017 5275 coalitus
2063 5232 2329 5274 concesso
2367 5231 2491 5272 cum
2540 5217 2842 5287 gratiarum
2891 5217 3106 5269 actione
3148 5214 3388 5282 perfrui-

1798 5327 1957 5373 mur;
1988 5311 2236 5381 adeoque
2265 5317 2357 5364 tua
2380 5326 2448 5365 ex
2477 5309 2627 5365 omni
2654 5316 2807 5379 parte
2831 5306 2990 5363 fraus
3021 5307 3388 5377 impietasque

1796 5397 2084 5468 detegitur.

1869 5490 2054 5546 Schol.
2099 5490 2193 5546 25.
2236 5490 2549 5546 Detractum
2597 5487 2728 5544 illud
2783 5497 2921 5556 erat,
2958 5487 3104 5557 quod
3149 5487 3216 5543 ad
3262 5504 3388 5558 pro-

1796 5584 2016 5652 phetam
2060 5582 2254 5637 Jonam
2288 5585 2541 5652 pertinet.
2584 5581 2674 5638 Sic
2720 5583 2865 5638 enim
2919 5581 3193 5637 habebat:
3223 5578 3385 5637 Geneo

1615 5764 1635 5795 ³
1663 5764 1814 5821 Adde
1834 5765 1996 5828 αἰτεῖ,
2028 5763 2122 5817 καὶ
2160 5765 2406 5833 σημεῖον.
