  <div class='ocr_page' id='page_1' title='image "/cluster/home/n/w/nwhite01/storage/ocr_20150623/41:no.1/coo.31924054869387/379.png"; bbox 0 0 3934 6436; ppageno 0'>
   <div class='ocr_carea' id='block_1_1' title="bbox 567 294 670 350">
    <p class='ocr_par' dir='ltr' id='par_1_1' title="bbox 567 294 670 350">
     <span class='ocr_line' id='line_1_1' title="bbox 567 294 670 350; baseline -0.019 0"><span class='ocrx_word' id='word_1_1' title='bbox 567 294 670 350; x_wconf 66' lang='grc'><strong>*143</strong></span> 
     </span>
    </p>
   </div>
   <div class='ocr_carea' id='block_1_2' title="bbox 2020 270 3783 343">
    <p class='ocr_par' dir='ltr' id='par_1_2' title="bbox 2020 270 3783 343">
     <span class='ocr_line' id='line_1_2' title="bbox 2020 270 3783 343; baseline 0.001 -4"><span class='ocrx_word' id='word_1_2' title='bbox 2020 286 2075 339; x_wconf 84' lang='lat' dir='ltr'><strong>s.</strong></span> <span class='ocrx_word' id='word_1_3' title='bbox 2114 284 2456 337; x_wconf 74' lang='lat' dir='ltr'><strong>EPII’HAMi</strong></span> <span class='ocrx_word' id='word_1_4' title='bbox 3166 270 3177 273; x_wconf 82' lang='grc'><em>’</em></span> <span class='ocrx_word' id='word_1_5' title='bbox 3708 290 3783 343; x_wconf 75' lang='grc' dir='ltr'><strong>ιιι</strong></span> 
     </span>
    </p>
   </div>
   <div class='ocr_carea' id='block_1_3' title="bbox 566 391 2171 481">
    <p class='ocr_par' dir='ltr' id='par_1_3' title="bbox 566 403 2170 480">
     <span class='ocr_line' id='line_1_3' title="bbox 566 403 2170 480; baseline -0.004 -18"><span class='ocrx_word' id='word_1_6' title='bbox 566 410 705 463; x_wconf 85' lang='lat' dir='ltr'><strong>ratio</strong></span> <span class='ocrx_word' id='word_1_7' title='bbox 742 408 875 472; x_wconf 74' lang='lat' dir='ltr'><strong>Iure,</strong></span> <span class='ocrx_word' id='word_1_8' title='bbox 926 409 1137 480; x_wconf 78' lang='lat' dir='ltr'><strong>signum</strong></span> <span class='ocrx_word' id='word_1_9' title='bbox 1183 425 1288 463; x_wconf 87' lang='lat' dir='ltr'><strong>uan</strong></span> <span class='ocrx_word' id='word_1_10' title='bbox 1316 407 1535 462; x_wconf 88' lang='lat' dir='ltr'><strong>dabitur</strong></span> <span class='ocrx_word' id='word_1_11' title='bbox 1563 406 1614 461; x_wconf 81' lang='lat' dir='ltr'><strong>ei</strong></span> <span class='ocrx_word' id='word_1_12' title='bbox 1633 407 1671 463; x_wconf 76' lang='grc'><strong>⁸.</strong></span> <span class='ocrx_word' id='word_1_13' title='bbox 1705 403 2170 460; x_wconf 89' lang='lat' dir='ltr'><strong>Desiderahantur</strong></span> 
     </span>
    </p>
   </div>
   <div class='ocr_carea' id='block_1_4' title="bbox 2279 391 3786 481">
    <p class='ocr_par' dir='ltr' id='par_1_4' title="bbox 2279 391 3786 481">
     <span class='ocr_line' id='line_1_4' title="bbox 2279 391 3786 481; baseline -0.001 -27"><span class='ocrx_word' id='word_1_14' title='bbox 2279 401 2596 471; x_wconf 74' lang='grc' dir='ltr'><strong>δοθήσεται</strong></span> <span class='ocrx_word' id='word_1_15' title='bbox 2653 398 2829 467; x_wconf 75' lang='grc' dir='ltr'>αὐτῇ.</span> <span class='ocrx_word' id='word_1_16' title='bbox 2881 396 2996 452; x_wconf 79' lang='grc' dir='ltr'><strong>Οὐκ</strong></span> <span class='ocrx_word' id='word_1_17' title='bbox 3034 391 3149 468; x_wconf 76' lang='grc' dir='ltr'>εἶχε</span> <span class='ocrx_word' id='word_1_18' title='bbox 3182 394 3239 451; x_wconf 62' lang='grc' dir='ltr'><strong>δὲ</strong></span> <span class='ocrx_word' id='word_1_19' title='bbox 3281 395 3786 481; x_wconf 18' lang='grc' dir='ltr'>περὶΰβασιλίσσηςνί.</span> 
     </span>
    </p>
   </div>
   <div class='ocr_carea' id='block_1_5' title="bbox 566 496 2073 569">
    <p class='ocr_par' dir='ltr' id='par_1_5' title="bbox 566 496 2073 569">
     <span class='ocr_line' id='line_1_5' title="bbox 566 496 2073 569; baseline -0.003 -13"><span class='ocrx_word' id='word_1_20' title='bbox 566 508 622 556; x_wconf 89' lang='lat' dir='ltr'><strong>et</strong></span> <span class='ocrx_word' id='word_1_21' title='bbox 645 501 758 561; x_wconf 87' lang='lat' dir='ltr'><strong>illa,</strong></span> <span class='ocrx_word' id='word_1_22' title='bbox 793 500 997 569; x_wconf 82' lang='lat' dir='ltr'><strong>quibus</strong></span> <span class='ocrx_word' id='word_1_23' title='bbox 1023 500 1092 555; x_wconf 84' lang='lat' dir='ltr'><strong>de</strong></span> <span class='ocrx_word' id='word_1_24' title='bbox 1124 498 1318 555; x_wconf 75' lang='lat' dir='ltr'><strong>Ninive</strong></span> <span class='ocrx_word' id='word_1_25' title='bbox 1342 509 1396 555; x_wconf 91' lang='lat' dir='ltr'><strong>et</strong></span> <span class='ocrx_word' id='word_1_26' title='bbox 1432 498 1728 553; x_wconf 87' lang='lat' dir='ltr'><strong>Salomone</strong></span> <span class='ocrx_word' id='word_1_27' title='bbox 1758 496 1816 552; x_wconf 75' lang='lat' dir='ltr'><strong>[lt</strong></span> <span class='ocrx_word' id='word_1_28' title='bbox 1847 499 2073 552; x_wconf 97' lang='lat' dir='ltr'><strong>mentio.</strong></span> 
     </span>
    </p>
   </div>
   <div class='ocr_carea' id='block_1_6' title="bbox 642 586 2170 659">
    <p class='ocr_par' dir='ltr' id='par_1_6' title="bbox 642 586 2170 659">
     <span class='ocr_line' id='line_1_6' title="bbox 642 586 2170 659; baseline -0.001 -19"><span class='ocrx_word' id='word_1_29' title='bbox 642 588 823 645; x_wconf 74' lang='lat' dir='ltr'><strong>ﬂebit.</strong></span> <span class='ocrx_word' id='word_1_30' title='bbox 859 590 948 644; x_wconf 83' lang='lat'><strong>25.</strong></span> <span class='ocrx_word' id='word_1_31' title='bbox 991 588 1104 644; x_wconf 83' lang='lat' dir='ltr'><strong>Nec</strong></span> <span class='ocrx_word' id='word_1_32' title='bbox 1136 590 1191 644; x_wconf 94' lang='lat' dir='ltr'><strong>in</strong></span> <span class='ocrx_word' id='word_1_33' title='bbox 1242 589 1350 645; x_wconf 83' lang='lat' dir='ltr'><strong>illis</strong></span> <span class='ocrx_word' id='word_1_34' title='bbox 1380 588 1603 659; x_wconf 85' lang='lat' dir='ltr'><strong>quidem</strong></span> <span class='ocrx_word' id='word_1_35' title='bbox 1655 588 1793 643; x_wconf 87' lang='lat' dir='ltr'><strong>locis</strong></span> <span class='ocrx_word' id='word_1_36' title='bbox 1845 602 1969 657; x_wconf 67' lang='lat' dir='ltr'><strong>quae</strong></span> <span class='ocrx_word' id='word_1_37' title='bbox 2005 586 2170 639; x_wconf 87' lang='lat' dir='ltr'><strong>muti-</strong></span> 
     </span>
    </p>
   </div>
   <div class='ocr_carea' id='block_1_7' title="bbox 569 671 2172 745">
    <p class='ocr_par' dir='ltr' id='par_1_7' title="bbox 569 671 2172 745">
     <span class='ocr_line' id='line_1_7' title="bbox 569 671 2172 745; baseline -0.001 -20"><span class='ocrx_word' id='word_1_38' title='bbox 569 674 736 728; x_wconf 83' lang='lat' dir='ltr'><strong>laudo</strong></span> <span class='ocrx_word' id='word_1_39' title='bbox 768 676 1100 745; x_wconf 80' lang='lat' dir='ltr'><strong>corrumpis,</strong></span> <span class='ocrx_word' id='word_1_40' title='bbox 1131 674 1366 736; x_wconf 87' lang='lat' dir='ltr'><strong>Marcio.</strong></span> <span class='ocrx_word' id='word_1_41' title='bbox 1400 675 1507 728; x_wconf 87' lang='lat' dir='ltr'><strong>vim</strong></span> <span class='ocrx_word' id='word_1_42' title='bbox 1549 681 1705 745; x_wconf 89' lang='lat' dir='ltr'><strong>potes</strong></span> <span class='ocrx_word' id='word_1_43' title='bbox 1736 674 1997 728; x_wconf 87' lang='lat' dir='ltr'><strong>.veritatis</strong></span> <span class='ocrx_word' id='word_1_44' title='bbox 2039 671 2172 727; x_wconf 85' lang='lat' dir='ltr'><strong>el&#39;l&#39;u-</strong></span> 
     </span>
    </p>
   </div>
   <div class='ocr_carea' id='block_1_8' title="bbox 568 764 2170 837">
    <p class='ocr_par' dir='ltr' id='par_1_8' title="bbox 568 764 2170 837">
     <span class='ocr_line' id='line_1_8' title="bbox 568 764 2170 837; baseline -0.001 -18"><span class='ocrx_word' id='word_1_45' title='bbox 568 784 716 837; x_wconf 82' lang='lat' dir='ltr'><strong>gere.</strong></span> <span class='ocrx_word' id='word_1_46' title='bbox 750 765 992 822; x_wconf 76' lang='lat' dir='ltr'><strong>Tametsi</strong></span> <span class='ocrx_word' id='word_1_47' title='bbox 1043 768 1190 821; x_wconf 91' lang='lat' dir='ltr'><strong>enim</strong></span> <span class='ocrx_word' id='word_1_48' title='bbox 1227 775 1403 821; x_wconf 87' lang='lat' dir='ltr'><strong>totum</strong></span> <span class='ocrx_word' id='word_1_49' title='bbox 1452 766 1587 821; x_wconf 87' lang='lat' dir='ltr'><strong>illud</strong></span> <span class='ocrx_word' id='word_1_50' title='bbox 1624 766 1692 821; x_wconf 90' lang='lat' dir='ltr'><strong>de</strong></span> <span class='ocrx_word' id='word_1_51' title='bbox 1717 764 1857 822; x_wconf 80' lang='lat' dir='ltr'><strong>Jona</strong></span> <span class='ocrx_word' id='word_1_52' title='bbox 1903 765 2170 836; x_wconf 86' lang='lat' dir='ltr'><strong>propheta</strong></span> 
     </span>
    </p>
   </div>
   <div class='ocr_carea' id='block_1_9' title="bbox 570 855 2171 926">
    <p class='ocr_par' dir='ltr' id='par_1_9' title="bbox 570 855 2171 926">
     <span class='ocr_line' id='line_1_9' title="bbox 570 855 2171 926; baseline 0.001 -16"><span class='ocrx_word' id='word_1_53' title='bbox 570 858 883 918; x_wconf 75' lang='lat' dir='ltr'><strong>subtrahas,</strong></span> <span class='ocrx_word' id='word_1_54' title='bbox 912 872 1022 926; x_wconf 92' lang='lat' dir='ltr'><strong>quo</strong></span> <span class='ocrx_word' id='word_1_55' title='bbox 1065 855 1369 911; x_wconf 84' lang='lat' dir='ltr'><strong>Salvatoris</strong></span> <span class='ocrx_word' id='word_1_56' title='bbox 1415 855 1819 911; x_wconf 73' lang='lat' dir='ltr'><strong>administratio</strong></span> <span class='ocrx_word' id='word_1_57' title='bbox 1852 856 1941 910; x_wconf 87' lang='lat' dir='ltr'><strong>illa</strong></span> <span class='ocrx_word' id='word_1_58' title='bbox 1988 856 2171 911; x_wconf 89' lang='lat' dir='ltr'><strong>omnis</strong></span> 
     </span>
    </p>
   </div>
   <div class='ocr_carea' id='block_1_10' title="bbox 569 948 2171 1019">
    <p class='ocr_par' dir='ltr' id='par_1_10' title="bbox 569 948 2171 1019">
     <span class='ocr_line' id='line_1_10' title="bbox 569 948 2171 1019; baseline 0.001 -19"><span class='ocrx_word' id='word_1_59' title='bbox 569 949 930 1017; x_wconf 70' lang='lat' dir='ltr'><strong>exprimitur;</strong></span> <span class='ocrx_word' id='word_1_60' title='bbox 973 948 1192 1003; x_wconf 76' lang='lat' dir='ltr'><strong>auferas</strong></span> <span class='ocrx_word' id='word_1_61' title='bbox 1224 950 1388 1003; x_wconf 90' lang='lat' dir='ltr'><strong>etiam</strong></span> <span class='ocrx_word' id='word_1_62' title='bbox 1421 962 1485 1004; x_wconf 90' lang='lat' dir='ltr'><strong>ea</strong></span> <span class='ocrx_word' id='word_1_63' title='bbox 1526 964 1648 1019; x_wconf 73' lang='lat' dir='ltr'><strong>qua:</strong></span> <span class='ocrx_word' id='word_1_64' title='bbox 1692 948 1758 1002; x_wconf 87' lang='lat' dir='ltr'><strong>ad</strong></span> <span class='ocrx_word' id='word_1_65' title='bbox 1793 948 1982 1002; x_wconf 83' lang='lat' dir='ltr'><strong>Austri</strong></span> <span class='ocrx_word' id='word_1_66' title='bbox 2026 949 2171 1018; x_wconf 86' lang='lat' dir='ltr'><strong>regi-</strong></span> 
     </span>
    </p>
   </div>
   <div class='ocr_carea' id='block_1_11' title="bbox 571 1039 2171 1109">
    <p class='ocr_par' dir='ltr' id='par_1_11' title="bbox 571 1039 2171 1109">
     <span class='ocr_line' id='line_1_11' title="bbox 571 1039 2171 1109; baseline 0.001 -16"><span class='ocrx_word' id='word_1_67' title='bbox 571 1056 696 1093; x_wconf 87' lang='lat' dir='ltr'><strong>nam</strong></span> <span class='ocrx_word' id='word_1_68' title='bbox 737 1055 801 1094; x_wconf 91' lang='lat' dir='ltr'><strong>ac</strong></span> <span class='ocrx_word' id='word_1_69' title='bbox 840 1039 1188 1094; x_wconf 87' lang='lat' dir='ltr'><strong>Salomonem</strong></span> <span class='ocrx_word' id='word_1_70' title='bbox 1218 1048 1492 1109; x_wconf 83' lang='lat' dir='ltr'><strong>spectant,</strong></span> <span class='ocrx_word' id='word_1_71' title='bbox 1527 1057 1635 1094; x_wconf 87' lang='lat' dir='ltr'><strong>una</strong></span> <span class='ocrx_word' id='word_1_72' title='bbox 1668 1057 1793 1095; x_wconf 79' lang='lat' dir='ltr'><strong>eum</strong></span> <span class='ocrx_word' id='word_1_73' title='bbox 1824 1041 2048 1095; x_wconf 89' lang='lat' dir='ltr'><strong>salutari</strong></span> <span class='ocrx_word' id='word_1_74' title='bbox 2080 1040 2171 1095; x_wconf 73' lang='lat' dir='ltr'><strong>illa</strong></span> 
     </span>
    </p>
   </div>
   <div class='ocr_carea' id='block_1_12' title="bbox 569 1130 2174 1203">
    <p class='ocr_par' dir='ltr' id='par_1_12' title="bbox 569 1130 2174 1203">
     <span class='ocr_line' id='line_1_12' title="bbox 569 1130 2174 1203; baseline -0.001 -16"><span class='ocrx_word' id='word_1_75' title='bbox 569 1133 797 1188; x_wconf 84' lang='lat' dir='ltr'><strong>Ninich</strong></span> <span class='ocrx_word' id='word_1_76' title='bbox 832 1134 1134 1198; x_wconf 83' lang='lat' dir='ltr'><strong>mentione,</strong></span> <span class='ocrx_word' id='word_1_77' title='bbox 1161 1148 1225 1187; x_wconf 87' lang='lat' dir='ltr'><strong>ac</strong></span> <span class='ocrx_word' id='word_1_78' title='bbox 1260 1130 1414 1187; x_wconf 60' lang='lat' dir='ltr'><strong>Jonas</strong></span> <span class='ocrx_word' id='word_1_79' title='bbox 1447 1132 1864 1203; x_wconf 46' lang='lat' dir='ltr'><strong>praedicatione,</strong></span> <span class='ocrx_word' id='word_1_80' title='bbox 1902 1134 2174 1187; x_wconf 88' lang='lat' dir='ltr'><strong>nihilomi-</strong></span> 
     </span>
    </p>
   </div>
   <div class='ocr_carea' id='block_1_13' title="bbox 570 1225 2173 1296">
    <p class='ocr_par' dir='ltr' id='par_1_13' title="bbox 570 1225 2173 1296">
     <span class='ocr_line' id='line_1_13' title="bbox 570 1225 2173 1296; baseline 0 -16"><span class='ocrx_word' id='word_1_81' title='bbox 570 1243 677 1282; x_wconf 89' lang='lat' dir='ltr'><strong>nus</strong></span> <span class='ocrx_word' id='word_1_82' title='bbox 708 1227 790 1281; x_wconf 86' lang='lat' dir='ltr'><strong>vel</strong></span> <span class='ocrx_word' id='word_1_83' title='bbox 830 1227 944 1290; x_wconf 86' lang='lat' dir='ltr'><strong>illa,</strong></span> <span class='ocrx_word' id='word_1_84' title='bbox 990 1241 1157 1294; x_wconf 88' lang='lat' dir='ltr'><strong>quam</strong></span> <span class='ocrx_word' id='word_1_85' title='bbox 1193 1226 1482 1296; x_wconf 87' lang='lat' dir='ltr'><strong>proposui,</strong></span> <span class='ocrx_word' id='word_1_86' title='bbox 1509 1225 1729 1295; x_wconf 85' lang='lat' dir='ltr'><strong>jugulat</strong></span> <span class='ocrx_word' id='word_1_87' title='bbox 1774 1234 1827 1280; x_wconf 91' lang='lat' dir='ltr'><strong>te</strong></span> <span class='ocrx_word' id='word_1_88' title='bbox 1872 1225 2173 1280; x_wconf 80' lang='lat' dir='ltr'><strong>Salvatoris</strong></span> 
     </span>
    </p>
   </div>
   <div class='ocr_carea' id='block_1_14' title="bbox 568 1316 2174 1390">
    <p class='ocr_par' dir='ltr' id='par_1_14' title="bbox 568 1316 2174 1390">
     <span class='ocr_line' id='line_1_14' title="bbox 568 1316 2174 1390; baseline -0.001 -17"><span class='ocrx_word' id='word_1_89' title='bbox 568 1319 731 1390; x_wconf 78' lang='lat'><strong>332</strong></span> <span class='ocrx_word' id='word_1_90' title='bbox 756 1319 955 1373; x_wconf 86' lang='lat' dir='ltr'><strong>oratio.</strong></span> <span class='ocrx_word' id='word_1_91' title='bbox 994 1320 1088 1373; x_wconf 84' lang='lat' dir='ltr'><strong>Sic</strong></span> <span class='ocrx_word' id='word_1_92' title='bbox 1119 1319 1266 1373; x_wconf 90' lang='lat' dir='ltr'><strong>enim</strong></span> <span class='ocrx_word' id='word_1_93' title='bbox 1313 1319 1559 1388; x_wconf 88' lang='lat' dir='ltr'><strong>loquitur</strong></span> <span class='ocrx_word' id='word_1_94' title='bbox 1585 1338 1597 1372; x_wconf 92' lang='lat'>:</span> <span class='ocrx_word' id='word_1_95' title='bbox 1626 1316 1910 1372; x_wconf 81' lang='lat' dir='ltr'><strong>Cencratio</strong></span> <span class='ocrx_word' id='word_1_96' title='bbox 1954 1318 2065 1371; x_wconf 77' lang='lat' dir='ltr'><strong>Iure</strong></span> <span class='ocrx_word' id='word_1_97' title='bbox 2097 1320 2174 1371; x_wconf 85' lang='lat' dir='ltr'><strong>si-</strong></span> 
     </span>
    </p>
   </div>
   <div class='ocr_carea' id='block_1_15' title="bbox 569 1412 2174 1483">
    <p class='ocr_par' dir='ltr' id='par_1_15' title="bbox 569 1412 2174 1483">
     <span class='ocr_line' id='line_1_15' title="bbox 569 1412 2174 1483; baseline 0.002 -19"><span class='ocrx_word' id='word_1_98' title='bbox 569 1428 732 1482; x_wconf 78' lang='lat' dir='ltr'><strong>gnum</strong></span> <span class='ocrx_word' id='word_1_99' title='bbox 768 1413 998 1483; x_wconf 68' lang='lat' dir='ltr'><strong>quaerit;</strong></span> <span class='ocrx_word' id='word_1_100' title='bbox 1030 1422 1082 1466; x_wconf 80' lang='lat' dir='ltr'><strong>et</strong></span> <span class='ocrx_word' id='word_1_101' title='bbox 1122 1414 1329 1483; x_wconf 84' lang='lat' dir='ltr'><strong>signum</strong></span> <span class='ocrx_word' id='word_1_102' title='bbox 1364 1430 1466 1467; x_wconf 85' lang='lat' dir='ltr'><strong>non</strong></span> <span class='ocrx_word' id='word_1_103' title='bbox 1497 1413 1716 1466; x_wconf 83' lang='lat' dir='ltr'><strong>dabitur</strong></span> <span class='ocrx_word' id='word_1_104' title='bbox 1740 1413 1807 1466; x_wconf 88' lang='lat' dir='ltr'><strong>ei.</strong></span> <span class='ocrx_word' id='word_1_105' title='bbox 1851 1412 2062 1478; x_wconf 85' lang='lat' dir='ltr'><strong>Quibus</strong></span> <span class='ocrx_word' id='word_1_106' title='bbox 2089 1413 2174 1467; x_wconf 85' lang='lat' dir='ltr'><strong>in-</strong></span> 
     </span>
    </p>
   </div>
   <div class='ocr_carea' id='block_1_16' title="bbox 573 1502 2170 1572">
    <p class='ocr_par' dir='ltr' id='par_1_16' title="bbox 573 1502 2170 1572">
     <span class='ocr_line' id='line_1_16' title="bbox 573 1502 2170 1572; baseline -0.002 -15"><span class='ocrx_word' id='word_1_107' title='bbox 573 1503 723 1557; x_wconf 82' lang='lat' dir='ltr'><strong>dicat</strong></span> <span class='ocrx_word' id='word_1_108' title='bbox 749 1504 1134 1572; x_wconf 73' lang='lat' dir='ltr'><strong>generationes</strong></span> <span class='ocrx_word' id='word_1_109' title='bbox 1164 1503 1305 1564; x_wconf 86' lang='lat' dir='ltr'><strong>illas.</strong></span> <span class='ocrx_word' id='word_1_110' title='bbox 1330 1518 1452 1572; x_wconf 68' lang='lat' dir='ltr'><strong>quae</strong></span> <span class='ocrx_word' id='word_1_111' title='bbox 1486 1502 1627 1557; x_wconf 87' lang='lat' dir='ltr'><strong>hanc</strong></span> <span class='ocrx_word' id='word_1_112' title='bbox 1667 1510 2104 1567; x_wconf 85' lang='lat' dir='ltr'><strong>antecesserant,</strong></span> <span class='ocrx_word' id='word_1_113' title='bbox 2141 1516 2170 1554; x_wconf 87' lang='lat' dir='ltr'><strong>a</strong></span> 
     </span>
    </p>
   </div>
   <div class='ocr_carea' id='block_1_17' title="bbox 576 1593 2172 1665">
    <p class='ocr_par' dir='ltr' id='par_1_17' title="bbox 576 1593 2172 1665">
     <span class='ocr_line' id='line_1_17' title="bbox 576 1593 2172 1665; baseline -0.001 -18"><span class='ocrx_word' id='word_1_114' title='bbox 576 1594 689 1650; x_wconf 88' lang='lat' dir='ltr'><strong>Deo</strong></span> <span class='ocrx_word' id='word_1_115' title='bbox 719 1594 967 1665; x_wconf 82' lang='lat' dir='ltr'><strong>prodigia</strong></span> <span class='ocrx_word' id='word_1_116' title='bbox 1013 1595 1234 1649; x_wconf 74' lang='lat' dir='ltr'><strong>etelitus</strong></span> <span class='ocrx_word' id='word_1_117' title='bbox 1260 1610 1401 1649; x_wconf 79' lang='lat' dir='ltr'><strong>&#39;esse</strong></span> <span class='ocrx_word' id='word_1_118' title='bbox 1452 1602 1805 1649; x_wconf 85' lang='lat' dir='ltr'><strong>consecutas.</strong></span> <span class='ocrx_word' id='word_1_119' title='bbox 1847 1593 2172 1663; x_wconf 87' lang='lat' dir='ltr'><strong>Cujusmodi</strong></span> 
     </span>
    </p>
   </div>
   <div class='ocr_carea' id='block_1_18' title="bbox 576 1686 2175 1758">
    <p class='ocr_par' dir='ltr' id='par_1_18' title="bbox 576 1686 2175 1758">
     <span class='ocr_line' id='line_1_18' title="bbox 576 1686 2175 1758; baseline -0.002 -16"><span class='ocrx_word' id='word_1_120' title='bbox 576 1688 883 1758; x_wconf 67' lang='lat' dir='ltr'><strong>praestitum</strong></span> <span class='ocrx_word' id='word_1_121' title='bbox 908 1697 995 1742; x_wconf 89' lang='lat' dir='ltr'><strong>est</strong></span> <span class='ocrx_word' id='word_1_122' title='bbox 1025 1686 1095 1740; x_wconf 89' lang='lat' dir='ltr'><strong>ab</strong></span> <span class='ocrx_word' id='word_1_123' title='bbox 1132 1686 1273 1749; x_wconf 86' lang='lat' dir='ltr'><strong>Elia,</strong></span> <span class='ocrx_word' id='word_1_124' title='bbox 1306 1703 1431 1741; x_wconf 90' lang='lat' dir='ltr'><strong>cum</strong></span> <span class='ocrx_word' id='word_1_125' title='bbox 1470 1687 1613 1755; x_wconf 87' lang='lat' dir='ltr'><strong>ignis</strong></span> <span class='ocrx_word' id='word_1_126' title='bbox 1639 1702 1669 1741; x_wconf 90' lang='lat' dir='ltr'><strong>e</strong></span> <span class='ocrx_word' id='word_1_127' title='bbox 1695 1687 1837 1741; x_wconf 77' lang='lat' dir='ltr'><strong>cmlo</strong></span> <span class='ocrx_word' id='word_1_128' title='bbox 1873 1687 2066 1755; x_wconf 87' lang='lat' dir='ltr'><strong>lapsus</strong></span> <span class='ocrx_word' id='word_1_129' title='bbox 2093 1699 2175 1739; x_wconf 87' lang='lat' dir='ltr'><strong>sa-</strong></span> 
     </span>
    </p>
   </div>
   <div class='ocr_carea' id='block_1_19' title="bbox 2270 490 2871 563">
    <p class='ocr_par' dir='ltr' id='par_1_19' title="bbox 2270 490 2871 563">
     <span class='ocr_line' id='line_1_19' title="bbox 2270 490 2871 563; baseline -0.005 -17"><span class='ocrx_word' id='word_1_130' title='bbox 2270 510 2367 546; x_wconf 83' lang='grc' dir='ltr'><strong>του</strong></span> <span class='ocrx_word' id='word_1_131' title='bbox 2395 493 2492 546; x_wconf 74' lang='grc' dir='ltr'>καὶ</span> <span class='ocrx_word' id='word_1_132' title='bbox 2524 490 2871 563; x_wconf 82' lang='grc' dir='ltr'>Σαλομῶνος.</span> 
     </span>
    </p>
   </div>
   <div class='ocr_carea' id='block_1_20' title="bbox 2359 580 3791 656">
    <p class='ocr_par' dir='ltr' id='par_1_20' title="bbox 2359 580 3791 656">
     <span class='ocr_line' id='line_1_20' title="bbox 2359 580 3791 656; baseline -0.001 -18"><span class='ocrx_word' id='word_1_133' title='bbox 2359 584 2581 655; x_wconf 87' lang='grc' dir='ltr'>Ἔλεγχ.</span> <span class='ocrx_word' id='word_1_134' title='bbox 2612 591 2713 638; x_wconf 86' lang='grc' dir='ltr'>κε’.</span> <span class='ocrx_word' id='word_1_135' title='bbox 2742 584 2855 637; x_wconf 80' lang='grc' dir='ltr'><strong>Καὶ</strong></span> <span class='ocrx_word' id='word_1_136' title='bbox 2882 585 2941 637; x_wconf 84' lang='grc' dir='ltr'>ἐν</span> <span class='ocrx_word' id='word_1_137' title='bbox 2957 585 3138 647; x_wconf 76' lang='grc' dir='ltr'>αὐτοῖς</span> <span class='ocrx_word' id='word_1_138' title='bbox 3168 580 3251 649; x_wconf 81' lang='grc' dir='ltr'><strong>οἷς</strong></span> <span class='ocrx_word' id='word_1_139' title='bbox 3269 585 3441 648; x_wconf 78' lang='grc' dir='ltr'>δοκεῖς</span> <span class='ocrx_word' id='word_1_140' title='bbox 3470 583 3791 656; x_wconf 76' lang='grc' dir='ltr'><strong>παρακόπτειν,</strong></span> 
     </span>
    </p>
   </div>
   <div class='ocr_carea' id='block_1_21' title="bbox 2272 670 3794 747">
    <p class='ocr_par' dir='ltr' id='par_1_21' title="bbox 2272 670 3794 747">
     <span class='ocr_line' id='line_1_21' title="bbox 2272 670 3794 747; baseline -0.003 -16"><span class='ocrx_word' id='word_1_141' title='bbox 2272 677 2334 731; x_wconf 84' lang='grc' dir='ltr'>οὐ</span> <span class='ocrx_word' id='word_1_142' title='bbox 2367 676 2614 739; x_wconf 84' lang='grc' dir='ltr'>δύνασαι,</span> <span class='ocrx_word' id='word_1_143' title='bbox 2656 670 2703 730; x_wconf 83' lang='grc' dir='ltr'><strong>ὦ</strong></span> <span class='ocrx_word' id='word_1_144' title='bbox 2735 676 3025 747; x_wconf 78' lang='grc' dir='ltr'><strong>Μαρκίων,</strong></span> <span class='ocrx_word' id='word_1_145' title='bbox 3054 676 3238 729; x_wconf 83' lang='grc' dir='ltr'>λαθεῖν</span> <span class='ocrx_word' id='word_1_146' title='bbox 3281 676 3379 745; x_wconf 79' lang='grc' dir='ltr'><strong>τὴν</strong></span> <span class='ocrx_word' id='word_1_147' title='bbox 3425 676 3676 746; x_wconf 79' lang='grc' dir='ltr'>ἀλήθειαν.</span> <span class='ocrx_word' id='word_1_148' title='bbox 3710 676 3794 729; x_wconf 70' lang='grc' dir='ltr'>Κᾶν</span> 
     </span>
    </p>
   </div>
   <div class='ocr_carea' id='block_1_22' title="bbox 2274 764 3793 837">
    <p class='ocr_par' dir='ltr' id='par_1_22' title="bbox 2274 764 3793 837">
     <span class='ocr_line' id='line_1_22' title="bbox 2274 764 3793 837; baseline 0.002 -20"><span class='ocrx_word' id='word_1_149' title='bbox 2274 764 2481 835; x_wconf 75' lang='grc' dir='ltr'>ἀφέλῃς</span> <span class='ocrx_word' id='word_1_150' title='bbox 2509 764 2618 833; x_wconf 78' lang='grc' dir='ltr'>γὰρ</span> <span class='ocrx_word' id='word_1_151' title='bbox 2655 766 2783 836; x_wconf 74' lang='grc' dir='ltr'>περὶ</span> <span class='ocrx_word' id='word_1_152' title='bbox 2822 766 2979 819; x_wconf 84' lang='grc' dir='ltr'><strong>Ἰωνᾶ</strong></span> <span class='ocrx_word' id='word_1_153' title='bbox 3011 764 3106 818; x_wconf 74' lang='grc' dir='ltr'>τοῦ</span> <span class='ocrx_word' id='word_1_154' title='bbox 3151 768 3429 837; x_wconf 76' lang='grc' dir='ltr'><strong>προφήτου</strong></span> <span class='ocrx_word' id='word_1_155' title='bbox 3461 767 3490 819; x_wconf 78' lang='grc' dir='ltr'><strong>ὃ</strong></span> <span class='ocrx_word' id='word_1_156' title='bbox 3518 766 3607 837; x_wconf 83' lang='grc' dir='ltr'>τὴν</span> <span class='ocrx_word' id='word_1_157' title='bbox 3642 768 3793 820; x_wconf 64' lang='grc' dir='ltr'>οἰκονο-</span> 
     </span>
    </p>
   </div>
   <div class='ocr_carea' id='block_1_23' title="bbox 2277 853 3798 928">
    <p class='ocr_par' dir='ltr' id='par_1_23' title="bbox 2277 853 3798 928">
     <span class='ocr_line' id='line_1_23' title="bbox 2277 853 3798 928; baseline 0.002 -22"><span class='ocrx_word' id='word_1_158' title='bbox 2277 854 2409 923; x_wconf 85' lang='grc' dir='ltr'>μίαν</span> <span class='ocrx_word' id='word_1_159' title='bbox 2436 853 2693 925; x_wconf 75' lang='grc' dir='ltr'><strong>σημαίνει</strong></span> <span class='ocrx_word' id='word_1_160' title='bbox 2738 853 2834 907; x_wconf 77' lang='grc' dir='ltr'><strong>τοῦ</strong></span> <span class='ocrx_word' id='word_1_161' title='bbox 2871 854 3148 926; x_wconf 80' lang='grc' dir='ltr'><strong>Σωτῆρος,</strong></span> <span class='ocrx_word' id='word_1_162' title='bbox 3195 854 3400 928; x_wconf 80' lang='grc' dir='ltr'><strong>ἀφέλῃς</strong></span> <span class='ocrx_word' id='word_1_163' title='bbox 3434 856 3489 909; x_wconf 82' lang='grc' dir='ltr'><strong>δὲ</strong></span> <span class='ocrx_word' id='word_1_164' title='bbox 3521 856 3609 909; x_wconf 76' lang='grc' dir='ltr'><strong>καὶ</strong></span> <span class='ocrx_word' id='word_1_165' title='bbox 3637 856 3688 909; x_wconf 80' lang='grc' dir='ltr'><strong>τὸ</strong></span> <span class='ocrx_word' id='word_1_166' title='bbox 3709 859 3798 926; x_wconf 71' lang='grc' dir='ltr'>περὶ</span> 
     </span>
    </p>
   </div>
   <div class='ocr_carea' id='block_1_24' title="bbox 2273 943 3798 1018">
    <p class='ocr_par' dir='ltr' id='par_1_24' title="bbox 2273 943 3798 1018">
     <span class='ocr_line' id='line_1_24' title="bbox 2273 943 3798 1018; baseline 0.004 -22"><span class='ocrx_word' id='word_1_167' title='bbox 2273 945 2372 1016; x_wconf 83' lang='grc' dir='ltr'>τῆς</span> <span class='ocrx_word' id='word_1_168' title='bbox 2413 943 2735 1018; x_wconf 85' lang='grc' dir='ltr'>βασιλίσσης</span> <span class='ocrx_word' id='word_1_169' title='bbox 2782 945 2876 999; x_wconf 85' lang='grc' dir='ltr'>τοῦ</span> <span class='ocrx_word' id='word_1_170' title='bbox 2927 946 3082 1000; x_wconf 81' lang='grc' dir='ltr'><strong>νότου</strong></span> <span class='ocrx_word' id='word_1_171' title='bbox 3122 948 3217 999; x_wconf 77' lang='grc' dir='ltr'>καὶ</span> <span class='ocrx_word' id='word_1_172' title='bbox 3261 946 3592 1017; x_wconf 88' lang='grc' dir='ltr'>Σαλομῶνος,</span> <span class='ocrx_word' id='word_1_173' title='bbox 3630 949 3798 1015; x_wconf 74' lang='grc' dir='ltr'>καὶτῆς</span> 
     </span>
    </p>
   </div>
   <div class='ocr_carea' id='block_1_25' title="bbox 2274 1035 3799 1109">
    <p class='ocr_par' dir='ltr' id='par_1_25' title="bbox 2274 1035 3799 1109">
     <span class='ocr_line' id='line_1_25' title="bbox 2274 1035 3799 1109; baseline 0.003 -22"><span class='ocrx_word' id='word_1_174' title='bbox 2274 1035 2465 1089; x_wconf 78' lang='grc' dir='ltr'>Νινευῒ</span> <span class='ocrx_word' id='word_1_175' title='bbox 2510 1035 2609 1108; x_wconf 80' lang='grc' dir='ltr'>τὴν</span> <span class='ocrx_word' id='word_1_176' title='bbox 2649 1036 2967 1109; x_wconf 79' lang='grc' dir='ltr'>σωτηριώδη</span> <span class='ocrx_word' id='word_1_177' title='bbox 3021 1037 3314 1102; x_wconf 82' lang='grc' dir='ltr'>ὑπόθεσιν,</span> <span class='ocrx_word' id='word_1_178' title='bbox 3360 1040 3454 1093; x_wconf 76' lang='grc' dir='ltr'>καὶ</span> <span class='ocrx_word' id='word_1_179' title='bbox 3492 1040 3580 1092; x_wconf 81' lang='grc' dir='ltr'><strong>τοῦ</strong></span> <span class='ocrx_word' id='word_1_180' title='bbox 3611 1041 3736 1092; x_wconf 85' lang='grc' dir='ltr'><strong>Ἰωνᾶ</strong></span> <span class='ocrx_word' id='word_1_181' title='bbox 3759 1040 3799 1092; x_wconf 65' lang='grc' dir='ltr'>τὲ</span> 
     </span>
    </p>
   </div>
   <div class='ocr_carea' id='block_1_26' title="bbox 2275 1128 3799 1201">
    <p class='ocr_par' dir='ltr' id='par_1_26' title="bbox 2275 1128 3799 1201">
     <span class='ocr_line' id='line_1_26' title="bbox 2275 1128 3799 1201; baseline 0.004 -21"><span class='ocrx_word' id='word_1_182' title='bbox 2275 1128 2564 1199; x_wconf 84' lang='grc' dir='ltr'>κήρυγμα,</span> <span class='ocrx_word' id='word_1_183' title='bbox 2598 1128 2763 1193; x_wconf 76' lang='grc' dir='ltr'>αὐτὸς</span> <span class='ocrx_word' id='word_1_184' title='bbox 2800 1132 2828 1182; x_wconf 87' lang='grc' dir='ltr'>ὁ</span> <span class='ocrx_word' id='word_1_185' title='bbox 2872 1130 3229 1201; x_wconf 81' lang='grc' dir='ltr'><strong>προκείμενος</strong></span> <span class='ocrx_word' id='word_1_186' title='bbox 3274 1130 3431 1199; x_wconf 80' lang='grc' dir='ltr'>λόγος</span> <span class='ocrx_word' id='word_1_187' title='bbox 3479 1130 3566 1184; x_wconf 81' lang='grc' dir='ltr'>τοῦ</span> <span class='ocrx_word' id='word_1_188' title='bbox 3609 1132 3799 1199; x_wconf 73' lang='grc' dir='ltr'>Σωτῆρος</span> 
     </span>
    </p>
   </div>
   <div class='ocr_carea' id='block_1_27' title="bbox 2275 1216 3797 1292">
    <p class='ocr_par' dir='ltr' id='par_1_27' title="bbox 2275 1216 3797 1292">
     <span class='ocr_line' id='line_1_27' title="bbox 2275 1216 3797 1292; baseline 0.001 -20"><span class='ocrx_word' id='word_1_189' title='bbox 2275 1218 2509 1291; x_wconf 69' lang='grc' dir='ltr'>ἐλέγχει.</span> <span class='ocrx_word' id='word_1_190' title='bbox 2544 1221 2708 1290; x_wconf 85' lang='grc' dir='ltr'><strong>Λέγει</strong></span> <span class='ocrx_word' id='word_1_191' title='bbox 2739 1216 2848 1292; x_wconf 78' lang='grc' dir='ltr'>γὰρ</span> <span class='ocrx_word' id='word_1_192' title='bbox 2868 1239 2882 1252; x_wconf 89' lang='grc'><strong>·</strong></span> <span class='ocrx_word' id='word_1_193' title='bbox 2933 1222 2996 1275; x_wconf 89' lang='grc' dir='ltr'><strong>Ἡ</strong></span> <span class='ocrx_word' id='word_1_194' title='bbox 3031 1236 3208 1292; x_wconf 82' lang='grc' dir='ltr'>γενεα</span> <span class='ocrx_word' id='word_1_195' title='bbox 3240 1223 3392 1291; x_wconf 79' lang='grc' dir='ltr'>αὕτη</span> <span class='ocrx_word' id='word_1_196' title='bbox 3421 1222 3658 1292; x_wconf 80' lang='grc' dir='ltr'>σημεῖον</span> <span class='ocrx_word' id='word_1_197' title='bbox 3681 1225 3797 1285; x_wconf 66' lang='lat' dir='ltr'><strong>uitri,</strong></span> 
     </span>
    </p>
   </div>
   <div class='ocr_carea' id='block_1_28' title="bbox 2276 1313 3801 1388">
    <p class='ocr_par' dir='ltr' id='par_1_28' title="bbox 2276 1313 3801 1388">
     <span class='ocr_line' id='line_1_28' title="bbox 2276 1313 3801 1388; baseline 0.003 -22"><span class='ocrx_word' id='word_1_198' title='bbox 2276 1313 2374 1366; x_wconf 77' lang='grc' dir='ltr'>καὶ</span> <span class='ocrx_word' id='word_1_199' title='bbox 2405 1313 2661 1383; x_wconf 81' lang='grc' dir='ltr'>σημεῖον</span> <span class='ocrx_word' id='word_1_200' title='bbox 2687 1316 2761 1369; x_wconf 84' lang='grc' dir='ltr'><strong>οὐ</strong></span> <span class='ocrx_word' id='word_1_201' title='bbox 2795 1314 3117 1382; x_wconf 80' lang='grc' dir='ltr'><strong>δοθήσεται</strong></span> <span class='ocrx_word' id='word_1_202' title='bbox 3147 1315 3324 1385; x_wconf 79' lang='grc' dir='ltr'>αὐτῇ.</span> <span class='ocrx_word' id='word_1_203' title='bbox 3369 1317 3457 1380; x_wconf 81' lang='grc' dir='ltr'>Ὠς</span> <span class='ocrx_word' id='word_1_204' title='bbox 3497 1317 3598 1369; x_wconf 78' lang='grc' dir='ltr'><strong>τῶν</strong></span> <span class='ocrx_word' id='word_1_205' title='bbox 3628 1318 3715 1388; x_wconf 75' lang='grc' dir='ltr'>πρὸ</span> <span class='ocrx_word' id='word_1_206' title='bbox 3738 1319 3801 1370; x_wconf 73' lang='grc' dir='ltr'><strong>αὺ-</strong></span> 
     </span>
    </p>
   </div>
   <div class='ocr_carea' id='block_1_29' title="bbox 2276 1401 3801 1479">
    <p class='ocr_par' dir='ltr' id='par_1_29' title="bbox 2276 1401 3801 1479">
     <span class='ocr_line' id='line_1_29' title="bbox 2276 1401 3801 1479; baseline 0.004 -25"><span class='ocrx_word' id='word_1_207' title='bbox 2276 1401 2376 1472; x_wconf 83' lang='grc' dir='ltr'>τῆς</span> <span class='ocrx_word' id='word_1_208' title='bbox 2408 1403 2510 1473; x_wconf 85' lang='grc' dir='ltr'>τῆς</span> <span class='ocrx_word' id='word_1_209' title='bbox 2542 1406 2737 1472; x_wconf 74' lang='grc' dir='ltr'>γενεᾶς</span> <span class='ocrx_word' id='word_1_210' title='bbox 2772 1404 3216 1471; x_wconf 78' lang='grc' dir='ltr'>καταξιωθεισῶν</span> <span class='ocrx_word' id='word_1_211' title='bbox 3264 1408 3506 1479; x_wconf 71' lang='grc' dir='ltr'>σημείων</span> <span class='ocrx_word' id='word_1_212' title='bbox 3540 1408 3676 1478; x_wconf 84' lang='grc' dir='ltr'>παρὰ</span> <span class='ocrx_word' id='word_1_213' title='bbox 3709 1408 3801 1460; x_wconf 68' lang='grc' dir='ltr'>θεοῦ</span> 
     </span>
    </p>
   </div>
   <div class='ocr_carea' id='block_1_30' title="bbox 2276 1495 3801 1573">
    <p class='ocr_par' dir='ltr' id='par_1_30' title="bbox 2276 1495 3801 1573">
     <span class='ocr_line' id='line_1_30' title="bbox 2276 1495 3801 1573; baseline 0.005 -25"><span class='ocrx_word' id='word_1_214' title='bbox 2276 1495 2372 1549; x_wconf 85' lang='grc' dir='ltr'><strong>ἀπ’</strong></span> <span class='ocrx_word' id='word_1_215' title='bbox 2404 1497 2658 1569; x_wconf 83' lang='grc' dir='ltr'>οὐρανοῦ.</span> <span class='ocrx_word' id='word_1_216' title='bbox 2704 1500 2860 1563; x_wconf 47' lang='grc' dir='ltr'><strong>Ὠςιὸ</strong></span> <span class='ocrx_word' id='word_1_217' title='bbox 2923 1501 3026 1571; x_wconf 82' lang='grc' dir='ltr'>μὲν</span> <span class='ocrx_word' id='word_1_218' title='bbox 3062 1501 3247 1566; x_wconf 83' lang='grc' dir='ltr'><strong>Ἠλίας</strong></span> <span class='ocrx_word' id='word_1_219' title='bbox 3295 1505 3521 1573; x_wconf 82' lang='grc' dir='ltr'>σημεῖον</span> <span class='ocrx_word' id='word_1_220' title='bbox 3567 1503 3716 1556; x_wconf 77' lang='grc' dir='ltr'>ἐποίει</span> <span class='ocrx_word' id='word_1_221' title='bbox 3746 1502 3801 1555; x_wconf 69' lang='grc' dir='ltr'>διὰ</span> 
     </span>
    </p>
   </div>
   <div class='ocr_carea' id='block_1_31' title="bbox 2274 1587 3803 1666">
    <p class='ocr_par' dir='ltr' id='par_1_31' title="bbox 2274 1587 3803 1666">
     <span class='ocr_line' id='line_1_31' title="bbox 2274 1587 3803 1666; baseline 0.005 -26"><span class='ocrx_word' id='word_1_222' title='bbox 2274 1587 2371 1641; x_wconf 81' lang='grc' dir='ltr'>τοῦ</span> <span class='ocrx_word' id='word_1_223' title='bbox 2401 1589 2497 1642; x_wconf 78' lang='grc' dir='ltr'><strong>ἀπ’</strong></span> <span class='ocrx_word' id='word_1_224' title='bbox 2527 1591 2758 1662; x_wconf 80' lang='grc' dir='ltr'>οὐρανοῦ</span> <span class='ocrx_word' id='word_1_225' title='bbox 2815 1593 2988 1666; x_wconf 77' lang='grc' dir='ltr'>πυρὸς</span> <span class='ocrx_word' id='word_1_226' title='bbox 3028 1594 3497 1665; x_wconf 77' lang='grc' dir='ltr'>καταϐεϐηκότος,</span> <span class='ocrx_word' id='word_1_227' title='bbox 3543 1596 3629 1650; x_wconf 77' lang='grc' dir='ltr'>καὶ</span> <span class='ocrx_word' id='word_1_228' title='bbox 3666 1596 3803 1649; x_wconf 68' lang='grc' dir='ltr'>λιθίν-</span> 
     </span>
    </p>
   </div>
   <div class='ocr_carea' id='block_1_32' title="bbox 2276 1679 3802 1760">
    <p class='ocr_par' dir='ltr' id='par_1_32' title="bbox 2276 1679 3802 1760">
     <span class='ocr_line' id='line_1_32' title="bbox 2276 1679 3802 1760; baseline 0.007 -28"><span class='ocrx_word' id='word_1_229' title='bbox 2276 1696 2368 1742; x_wconf 84' lang='grc' dir='ltr'><strong>τος</strong></span> <span class='ocrx_word' id='word_1_230' title='bbox 2397 1679 2493 1752; x_wconf 85' lang='grc' dir='ltr'>τὴν</span> <span class='ocrx_word' id='word_1_231' title='bbox 2523 1680 2716 1737; x_wconf 78' lang='grc' dir='ltr'>θυσίαν</span> <span class='ocrx_word' id='word_1_232' title='bbox 2737 1700 2749 1713; x_wconf 91' lang='grc'><strong>·</strong></span> <span class='ocrx_word' id='word_1_233' title='bbox 2792 1686 2887 1738; x_wconf 81' lang='grc' dir='ltr'>καὶ</span> <span class='ocrx_word' id='word_1_234' title='bbox 2923 1687 3168 1756; x_wconf 83' lang='grc' dir='ltr'>Μωῦσῆς</span> <span class='ocrx_word' id='word_1_235' title='bbox 3199 1688 3390 1757; x_wconf 81' lang='grc' dir='ltr'><strong>τέμνει</strong></span> <span class='ocrx_word' id='word_1_236' title='bbox 3430 1688 3527 1760; x_wconf 71' lang='grc' dir='ltr'>τὴν</span> <span class='ocrx_word' id='word_1_237' title='bbox 3571 1688 3802 1751; x_wconf 77' lang='grc' dir='ltr'>θάλασσαν,</span> 
     </span>
    </p>
   </div>
   <div class='ocr_carea' id='block_1_33' title="bbox 571 1772 2171 1853">
    <p class='ocr_par' dir='ltr' id='par_1_33' title="bbox 571 1778 2171 1850">
     <span class='ocr_line' id='line_1_33' title="bbox 571 1778 2171 1850; baseline -0.001 -18"><span class='ocrx_word' id='word_1_238' title='bbox 571 1780 783 1835; x_wconf 80' lang='lat' dir='ltr'><strong>criﬁcia</strong></span> <span class='ocrx_word' id='word_1_239' title='bbox 833 1780 1183 1849; x_wconf 86' lang='lat' dir='ltr'><strong>consumpsit</strong></span> <span class='ocrx_word' id='word_1_240' title='bbox 1208 1782 1248 1834; x_wconf 80' lang='lat'><strong>&#39;.</strong></span> <span class='ocrx_word' id='word_1_241' title='bbox 1287 1778 1504 1850; x_wconf 77' lang='lat' dir='ltr'><strong>Moyses</strong></span> <span class='ocrx_word' id='word_1_242' title='bbox 1538 1794 1669 1834; x_wconf 85' lang='lat' dir='ltr'><strong>vero</strong></span> <span class='ocrx_word' id='word_1_243' title='bbox 1712 1794 1866 1834; x_wconf 86' lang='lat' dir='ltr'><strong>mare</strong></span> <span class='ocrx_word' id='word_1_244' title='bbox 1895 1778 2171 1845; x_wconf 80' lang='lat' dir='ltr'><strong>dividit&#39;;</strong></span> 
     </span>
    </p>
   </div>
   <div class='ocr_carea' id='block_1_34' title="bbox 2279 1772 3806 1853">
    <p class='ocr_par' dir='ltr' id='par_1_34' title="bbox 2279 1772 3806 1853">
     <span class='ocr_line' id='line_1_34' title="bbox 2279 1772 3806 1853; baseline 0.008 -29"><span class='ocrx_word' id='word_1_245' title='bbox 2279 1772 2375 1825; x_wconf 74' lang='grc' dir='ltr'>καὶ</span> <span class='ocrx_word' id='word_1_246' title='bbox 2400 1773 2502 1844; x_wconf 79' lang='grc' dir='ltr'>τὴν</span> <span class='ocrx_word' id='word_1_247' title='bbox 2532 1773 2742 1847; x_wconf 79' lang='grc' dir='ltr'>πέτραν</span> <span class='ocrx_word' id='word_1_248' title='bbox 2766 1777 2976 1844; x_wconf 81' lang='grc' dir='ltr'>νύσσει,</span> <span class='ocrx_word' id='word_1_249' title='bbox 3001 1780 3095 1832; x_wconf 73' lang='grc' dir='ltr'><strong>καὶ</strong></span> <span class='ocrx_word' id='word_1_250' title='bbox 3124 1781 3346 1851; x_wconf 79' lang='grc' dir='ltr'><strong>προχέει</strong></span> <span class='ocrx_word' id='word_1_251' title='bbox 3385 1780 3545 1853; x_wconf 78' lang='grc' dir='ltr'>ὕδωρ.</span> <span class='ocrx_word' id='word_1_252' title='bbox 3576 1782 3661 1835; x_wconf 79' lang='grc' dir='ltr'>καὶ</span> <span class='ocrx_word' id='word_1_253' title='bbox 3682 1783 3806 1853; x_wconf 73' lang='grc' dir='ltr'>μάννα</span> 
     </span>
    </p>
   </div>
   <div class='ocr_carea' id='block_1_35' title="bbox 574 1872 2175 1945">
    <p class='ocr_par' dir='ltr' id='par_1_35' title="bbox 574 1872 2175 1945">
     <span class='ocr_line' id='line_1_35' title="bbox 574 1872 2175 1945; baseline 0.001 -20"><span class='ocrx_word' id='word_1_254' title='bbox 574 1888 841 1945; x_wconf 87' lang='lat' dir='ltr'><strong>percusso</strong></span> <span class='ocrx_word' id='word_1_255' title='bbox 879 1873 1043 1928; x_wconf 83' lang='lat' dir='ltr'><strong>silice</strong></span> <span class='ocrx_word' id='word_1_256' title='bbox 1061 1888 1234 1943; x_wconf 91' lang='lat' dir='ltr'><strong>aquas</strong></span> <span class='ocrx_word' id='word_1_257' title='bbox 1260 1873 1410 1926; x_wconf 87' lang='lat' dir='ltr'><strong>elicit</strong></span> <span class='ocrx_word' id='word_1_258' title='bbox 1432 1873 1488 1939; x_wconf 72' lang='grc'><strong>⁸;</strong></span> <span class='ocrx_word' id='word_1_259' title='bbox 1521 1882 1685 1944; x_wconf 89' lang='lat' dir='ltr'><strong>atque</strong></span> <span class='ocrx_word' id='word_1_260' title='bbox 1730 1889 1761 1928; x_wconf 91' lang='lat' dir='ltr'><strong>e</strong></span> <span class='ocrx_word' id='word_1_261' title='bbox 1794 1872 1938 1927; x_wconf 64' lang='lat' dir='ltr'><strong>caelo</strong></span> <span class='ocrx_word' id='word_1_262' title='bbox 1972 1887 2175 1927; x_wconf 87' lang='lat' dir='ltr'><strong>manna</strong></span> 
     </span>
    </p>
   </div>
   <div class='ocr_carea' id='block_1_36' title="bbox 573 1963 2173 2020">
    <p class='ocr_par' dir='ltr' id='par_1_36' title="bbox 573 1963 2173 2020">
     <span class='ocr_line' id='line_1_36' title="bbox 573 1963 2173 2020; baseline 0 -1"><span class='ocrx_word' id='word_1_263' title='bbox 573 1966 814 2019; x_wconf 82' lang='lat' dir='ltr'><strong>demittit</strong></span> <span class='ocrx_word' id='word_1_264' title='bbox 837 1965 878 2019; x_wconf 85' lang='lat'><strong>&#39;.</strong></span> <span class='ocrx_word' id='word_1_265' title='bbox 905 1963 1066 2020; x_wconf 83' lang='lat' dir='ltr'><strong>Jesus</strong></span> <span class='ocrx_word' id='word_1_266' title='bbox 1093 1963 1243 2019; x_wconf 83' lang='lat' dir='ltr'><strong>Nave</strong></span> <span class='ocrx_word' id='word_1_267' title='bbox 1275 1965 1419 2019; x_wconf 81' lang='lat' dir='ltr'><strong>ﬁlius</strong></span> <span class='ocrx_word' id='word_1_268' title='bbox 1450 1966 1619 2020; x_wconf 88' lang='lat' dir='ltr'><strong>solem</strong></span> <span class='ocrx_word' id='word_1_269' title='bbox 1652 1964 1801 2019; x_wconf 90' lang='lat' dir='ltr'><strong>sistit</strong></span> <span class='ocrx_word' id='word_1_270' title='bbox 1832 1978 1897 2018; x_wconf 92' lang='lat' dir='ltr'><strong>ac</strong></span> <span class='ocrx_word' id='word_1_271' title='bbox 1923 1965 2109 2019; x_wconf 89' lang='lat' dir='ltr'><strong>lunam</strong></span> <span class='ocrx_word' id='word_1_272' title='bbox 2131 1964 2173 2019; x_wconf 83' lang='grc'><strong>⁸.</strong></span> 
     </span>
    </p>
   </div>
   <div class='ocr_carea' id='block_1_37' title="bbox 575 2056 2177 2128">
    <p class='ocr_par' dir='ltr' id='par_1_37' title="bbox 575 2056 2177 2128">
     <span class='ocr_line' id='line_1_37' title="bbox 575 2056 2177 2128; baseline 0 -17"><span class='ocrx_word' id='word_1_273' title='bbox 575 2056 734 2112; x_wconf 88' lang='lat' dir='ltr'><strong>Uude</strong></span> <span class='ocrx_word' id='word_1_274' title='bbox 768 2059 1124 2127; x_wconf 85' lang='lat' dir='ltr'><strong>quantumvis</strong></span> <span class='ocrx_word' id='word_1_275' title='bbox 1158 2073 1280 2127; x_wconf 74' lang='lat' dir='ltr'><strong>qua:</strong></span> <span class='ocrx_word' id='word_1_276' title='bbox 1309 2059 1514 2128; x_wconf 84' lang='lat' dir='ltr'><strong>scripta</strong></span> <span class='ocrx_word' id='word_1_277' title='bbox 1546 2066 1676 2112; x_wconf 91' lang='lat' dir='ltr'><strong>sunt</strong></span> <span class='ocrx_word' id='word_1_278' title='bbox 1718 2057 1985 2127; x_wconf 87' lang='lat' dir='ltr'><strong>impostor</strong></span> <span class='ocrx_word' id='word_1_279' title='bbox 2010 2056 2177 2113; x_wconf 89' lang='lat' dir='ltr'><strong>dissi-</strong></span> 
     </span>
    </p>
   </div>
   <div class='ocr_carea' id='block_1_38' title="bbox 576 2150 2176 2222">
    <p class='ocr_par' dir='ltr' id='par_1_38' title="bbox 576 2150 2176 2222">
     <span class='ocr_line' id='line_1_38' title="bbox 576 2150 2176 2222; baseline 0.001 -18"><span class='ocrx_word' id='word_1_280' title='bbox 576 2153 770 2218; x_wconf 89' lang='lat' dir='ltr'><strong>mulet,</strong></span> <span class='ocrx_word' id='word_1_281' title='bbox 819 2151 955 2205; x_wconf 87' lang='lat' dir='ltr'><strong>nihil</strong></span> <span class='ocrx_word' id='word_1_282' title='bbox 988 2152 1207 2207; x_wconf 82' lang='lat' dir='ltr'><strong>veritati</strong></span> <span class='ocrx_word' id='word_1_283' title='bbox 1242 2166 1443 2207; x_wconf 78' lang='lat' dir='ltr'><strong>nocere</strong></span> <span class='ocrx_word' id='word_1_284' title='bbox 1490 2151 1730 2222; x_wconf 89' lang='lat' dir='ltr'><strong>poterit:</strong></span> <span class='ocrx_word' id='word_1_285' title='bbox 1764 2152 1861 2207; x_wconf 87' lang='lat' dir='ltr'><strong>sed</strong></span> <span class='ocrx_word' id='word_1_286' title='bbox 1907 2150 1979 2206; x_wconf 89' lang='lat' dir='ltr'><strong>ab</strong></span> <span class='ocrx_word' id='word_1_287' title='bbox 2014 2166 2079 2207; x_wconf 89' lang='lat' dir='ltr'><strong>ea</strong></span> <span class='ocrx_word' id='word_1_288' title='bbox 2115 2165 2176 2207; x_wconf 87' lang='lat' dir='ltr'><strong>se</strong></span> 
     </span>
    </p>
   </div>
   <div class='ocr_carea' id='block_1_39' title="bbox 574 2243 1059 2312">
    <p class='ocr_par' dir='ltr' id='par_1_39' title="bbox 574 2243 1059 2312">
     <span class='ocr_line' id='line_1_39' title="bbox 574 2243 1059 2312; baseline 0.004 -18"><span class='ocrx_word' id='word_1_289' title='bbox 574 2244 749 2312; x_wconf 71' lang='lat' dir='ltr'><strong>magis</strong></span> <span class='ocrx_word' id='word_1_290' title='bbox 781 2243 1059 2297; x_wconf 84' lang='lat' dir='ltr'><strong>alienabit.</strong></span> 
     </span>
    </p>
   </div>
   <div class='ocr_carea' id='block_1_40' title="bbox 647 2332 2178 2405">
    <p class='ocr_par' dir='ltr' id='par_1_40' title="bbox 647 2332 2178 2405">
     <span class='ocr_line' id='line_1_40' title="bbox 647 2332 2178 2405; baseline 0.001 -18"><span class='ocrx_word' id='word_1_291' title='bbox 647 2333 837 2389; x_wconf 58' lang='lat' dir='ltr'><strong>Schol.</strong></span> <span class='ocrx_word' id='word_1_292' title='bbox 870 2334 961 2387; x_wconf 75' lang='lat'><strong>26.</strong></span> <span class='ocrx_word' id='word_1_293' title='bbox 1006 2333 1114 2388; x_wconf 83' lang='lat' dir='ltr'><strong>Pro</strong></span> <span class='ocrx_word' id='word_1_294' title='bbox 1138 2350 1205 2389; x_wconf 92' lang='lat' dir='ltr'><strong>eo</strong></span> <span class='ocrx_word' id='word_1_295' title='bbox 1237 2333 1384 2404; x_wconf 88' lang='lat' dir='ltr'><strong>quod</strong></span> <span class='ocrx_word' id='word_1_296' title='bbox 1422 2342 1508 2389; x_wconf 83' lang='lat' dir='ltr'><strong>est</strong></span> <span class='ocrx_word' id='word_1_297' title='bbox 1529 2375 1544 2399; x_wconf 92' lang='lat'><strong>,</strong></span> <span class='ocrx_word' id='word_1_298' title='bbox 1580 2333 1879 2388; x_wconf 74' lang='lat' dir='ltr'><strong>Prwteritis</strong></span> <span class='ocrx_word' id='word_1_299' title='bbox 1912 2333 2007 2388; x_wconf 96' lang='lat' dir='ltr'><strong>Dei</strong></span> <span class='ocrx_word' id='word_1_300' title='bbox 2027 2332 2178 2405; x_wconf 85' lang='lat' dir='ltr'><strong>judi-</strong></span> 
     </span>
    </p>
   </div>
   <div class='ocr_carea' id='block_1_41' title="bbox 572 2422 2101 2493">
    <p class='ocr_par' dir='ltr' id='par_1_41' title="bbox 572 2422 2101 2493">
     <span class='ocr_line' id='line_1_41' title="bbox 572 2422 2101 2493; baseline 0.001 -15"><span class='ocrx_word' id='word_1_301' title='bbox 572 2426 735 2488; x_wconf 83' lang='lat' dir='ltr'><strong>cium,</strong></span> <span class='ocrx_word' id='word_1_302' title='bbox 796 2426 1185 2493; x_wconf 84' lang='lat' dir='ltr'><strong>rescripserat,</strong></span> <span class='ocrx_word' id='word_1_303' title='bbox 1243 2423 1540 2479; x_wconf 67' lang='lat' dir='ltr'><strong>Pra&#39;teritis</strong></span> <span class='ocrx_word' id='word_1_304' title='bbox 1586 2422 1682 2477; x_wconf 85' lang='lat' dir='ltr'><strong>Dei</strong></span> <span class='ocrx_word' id='word_1_305' title='bbox 1719 2425 2101 2479; x_wconf 75' lang='lat' dir='ltr'><strong>vocationem&#39;.</strong></span> 
     </span>
    </p>
   </div>
   <div class='ocr_carea' id='block_1_42' title="bbox 646 2516 2175 2587">
    <p class='ocr_par' dir='ltr' id='par_1_42' title="bbox 646 2516 2175 2587">
     <span class='ocr_line' id='line_1_42' title="bbox 646 2516 2175 2587; baseline 0 -15"><span class='ocrx_word' id='word_1_306' title='bbox 646 2517 831 2573; x_wconf 76' lang='lat' dir='ltr'><strong>Befut.</strong></span> <span class='ocrx_word' id='word_1_307' title='bbox 860 2518 952 2571; x_wconf 83' lang='lat'><strong>26.</strong></span> <span class='ocrx_word' id='word_1_308' title='bbox 994 2516 1135 2584; x_wconf 84' lang='lat' dir='ltr'><strong>Quid</strong></span> <span class='ocrx_word' id='word_1_309' title='bbox 1160 2525 1245 2572; x_wconf 86' lang='lat' dir='ltr'><strong>est</strong></span> <span class='ocrx_word' id='word_1_310' title='bbox 1278 2519 1424 2587; x_wconf 90' lang='lat' dir='ltr'><strong>quod</strong></span> <span class='ocrx_word' id='word_1_311' title='bbox 1460 2516 1527 2570; x_wconf 88' lang='lat' dir='ltr'><strong>ad</strong></span> <span class='ocrx_word' id='word_1_312' title='bbox 1567 2529 1621 2571; x_wconf 90' lang='lat' dir='ltr'><strong>te</strong></span> <span class='ocrx_word' id='word_1_313' title='bbox 1664 2517 2022 2571; x_wconf 79' lang='lat' dir='ltr'><strong>refellendum</strong></span> <span class='ocrx_word' id='word_1_314' title='bbox 2063 2532 2175 2573; x_wconf 94' lang='lat' dir='ltr'><strong>non</strong></span> 
     </span>
    </p>
   </div>
   <div class='ocr_carea' id='block_1_43' title="bbox 575 2606 2173 2663">
    <p class='ocr_par' dir='ltr' id='par_1_43' title="bbox 575 2606 2173 2663">
     <span class='ocr_line' id='line_1_43' title="bbox 575 2606 2173 2663; baseline 0.001 -2"><span class='ocrx_word' id='word_1_315' title='bbox 575 2606 795 2662; x_wconf 61' lang='lat' dir='ltr'><strong>valeat?</strong></span> <span class='ocrx_word' id='word_1_316' title='bbox 832 2615 929 2662; x_wconf 89' lang='lat' dir='ltr'><strong>aut</strong></span> <span class='ocrx_word' id='word_1_317' title='bbox 966 2606 1111 2662; x_wconf 87' lang='lat' dir='ltr'><strong>unde.</strong></span> <span class='ocrx_word' id='word_1_318' title='bbox 1166 2623 1277 2662; x_wconf 93' lang='lat' dir='ltr'><strong>non</strong></span> <span class='ocrx_word' id='word_1_319' title='bbox 1323 2608 1532 2663; x_wconf 85' lang='lat' dir='ltr'><strong>arcessi</strong></span> <span class='ocrx_word' id='word_1_320' title='bbox 1582 2613 1777 2660; x_wconf 88' lang='lat' dir='ltr'><strong>contra</strong></span> <span class='ocrx_word' id='word_1_321' title='bbox 1826 2618 1880 2663; x_wconf 88' lang='lat' dir='ltr'><strong>te</strong></span> <span class='ocrx_word' id='word_1_322' title='bbox 1923 2609 2173 2663; x_wconf 81' lang='lat' dir='ltr'><strong>testimo-</strong></span> 
     </span>
    </p>
   </div>
   <div class='ocr_carea' id='block_1_44' title="bbox 576 2695 2177 2767">
    <p class='ocr_par' dir='ltr' id='par_1_44' title="bbox 576 2695 2177 2767">
     <span class='ocr_line' id='line_1_44' title="bbox 576 2695 2177 2767; baseline 0.002 -17"><span class='ocrx_word' id='word_1_323' title='bbox 576 2698 730 2751; x_wconf 89' lang='lat' dir='ltr'><strong>nium</strong></span> <span class='ocrx_word' id='word_1_324' title='bbox 774 2699 980 2767; x_wconf 85' lang='lat' dir='ltr'><strong>queat?</strong></span> <span class='ocrx_word' id='word_1_325' title='bbox 1011 2695 1194 2752; x_wconf 87' lang='lat' dir='ltr'><strong>Prima</strong></span> <span class='ocrx_word' id='word_1_326' title='bbox 1245 2699 1392 2752; x_wconf 89' lang='lat' dir='ltr'><strong>enim</strong></span> <span class='ocrx_word' id='word_1_327' title='bbox 1433 2714 1557 2753; x_wconf 86' lang='lat' dir='ltr'><strong>cum</strong></span> <span class='ocrx_word' id='word_1_328' title='bbox 1605 2697 2004 2767; x_wconf 83' lang='lat' dir='ltr'><strong>posterioribus</strong></span> <span class='ocrx_word' id='word_1_329' title='bbox 2042 2713 2177 2754; x_wconf 83' lang='lat' dir='ltr'><strong>con-</strong></span> 
     </span>
    </p>
   </div>
   <div class='ocr_carea' id='block_1_45' title="bbox 577 2793 2173 2848">
    <p class='ocr_par' dir='ltr' id='par_1_45' title="bbox 577 2793 2173 2848">
     <span class='ocr_line' id='line_1_45' title="bbox 577 2793 2173 2848; baseline -0.001 -1"><span class='ocrx_word' id='word_1_330' title='bbox 577 2793 825 2847; x_wconf 86' lang='lat' dir='ltr'><strong>sentiunt</strong></span> <span class='ocrx_word' id='word_1_331' title='bbox 856 2811 869 2846; x_wconf 94' lang='lat'>:</span> <span class='ocrx_word' id='word_1_332' title='bbox 902 2800 961 2846; x_wconf 93' lang='lat' dir='ltr'><strong>ut</strong></span> <span class='ocrx_word' id='word_1_333' title='bbox 993 2793 1264 2847; x_wconf 85' lang='lat' dir='ltr'><strong>scelerata</strong></span> <span class='ocrx_word' id='word_1_334' title='bbox 1296 2793 1384 2847; x_wconf 90' lang='lat' dir='ltr'><strong>illa</strong></span> <span class='ocrx_word' id='word_1_335' title='bbox 1411 2803 1502 2848; x_wconf 91' lang='lat' dir='ltr'><strong>tua</strong></span> <span class='ocrx_word' id='word_1_336' title='bbox 1533 2794 1899 2848; x_wconf 80' lang='lat' dir='ltr'><strong>convincatur</strong></span> <span class='ocrx_word' id='word_1_337' title='bbox 1921 2794 2173 2848; x_wconf 79' lang='lat' dir='ltr'><strong>audacia.</strong></span> 
     </span>
    </p>
   </div>
   <div class='ocr_carea' id='block_1_46' title="bbox 578 2882 2173 2950">
    <p class='ocr_par' dir='ltr' id='par_1_46' title="bbox 578 2882 2173 2950">
     <span class='ocr_line' id='line_1_46' title="bbox 578 2882 2173 2950; baseline 0.003 -14"><span class='ocrx_word' id='word_1_338' title='bbox 578 2882 715 2936; x_wconf 87' lang='lat' dir='ltr'><strong>Cum</strong></span> <span class='ocrx_word' id='word_1_339' title='bbox 761 2885 906 2935; x_wconf 87' lang='lat' dir='ltr'><strong>enim</strong></span> <span class='ocrx_word' id='word_1_340' title='bbox 956 2882 1136 2938; x_wconf 83' lang='lat' dir='ltr'><strong>dicit:</strong></span> <span class='ocrx_word' id='word_1_341' title='bbox 1171 2883 1381 2938; x_wconf 80' lang='lat' dir='ltr'><strong>Tenetis</strong></span> <span class='ocrx_word' id='word_1_342' title='bbox 1424 2885 1745 2939; x_wconf 84' lang='lat' dir='ltr'><strong>traditiones</strong></span> <span class='ocrx_word' id='word_1_343' title='bbox 1791 2886 2081 2950; x_wconf 82' lang='lat' dir='ltr'><strong>seniorum,</strong></span> <span class='ocrx_word' id='word_1_344' title='bbox 2123 2894 2173 2940; x_wconf 82' lang='lat' dir='ltr'><strong>et</strong></span> 
     </span>
    </p>
   </div>
   <div class='ocr_carea' id='block_1_47' title="bbox 576 2976 2176 3044">
    <p class='ocr_par' dir='ltr' id='par_1_47' title="bbox 576 2976 2176 3044">
     <span class='ocr_line' id='line_1_47' title="bbox 576 2976 2176 3044; baseline 0.003 -17"><span class='ocrx_word' id='word_1_345' title='bbox 576 2976 862 3044; x_wconf 78' lang='lat' dir='ltr'><strong>prwteritis</strong></span> <span class='ocrx_word' id='word_1_346' title='bbox 891 2976 1312 3030; x_wconf 84' lang='lat' dir='ltr'><strong>misericordiam</strong></span> <span class='ocrx_word' id='word_1_347' title='bbox 1335 2986 1385 3031; x_wconf 88' lang='lat' dir='ltr'><strong>ct</strong></span> <span class='ocrx_word' id='word_1_348' title='bbox 1404 2977 1674 3044; x_wconf 81' lang='lat' dir='ltr'><strong>judicium</strong></span> <span class='ocrx_word' id='word_1_349' title='bbox 1718 2978 1849 3041; x_wconf 86' lang='lat' dir='ltr'><strong>Dei;</strong></span> <span class='ocrx_word' id='word_1_350' title='bbox 1872 2976 2047 3041; x_wconf 85' lang='lat' dir='ltr'><strong>disce,</strong></span> <span class='ocrx_word' id='word_1_351' title='bbox 2084 2991 2176 3031; x_wconf 88' lang='lat' dir='ltr'><strong>so-</strong></span> 
     </span>
    </p>
   </div>
   <div class='ocr_carea' id='block_1_48' title="bbox 576 3063 2173 3138">
    <p class='ocr_par' dir='ltr' id='par_1_48' title="bbox 576 3063 2173 3138">
     <span class='ocr_line' id='line_1_48' title="bbox 576 3063 2173 3138; baseline 0.003 -22"><span class='ocrx_word' id='word_1_352' title='bbox 576 3063 701 3121; x_wconf 86' lang='lat' dir='ltr'><strong>des.</strong></span> <span class='ocrx_word' id='word_1_353' title='bbox 745 3080 809 3119; x_wconf 82' lang='lat' dir='ltr'><strong>ex</strong></span> <span class='ocrx_word' id='word_1_354' title='bbox 832 3074 1205 3136; x_wconf 90' lang='lat' dir='ltr'><strong>quotempore</strong></span> <span class='ocrx_word' id='word_1_355' title='bbox 1232 3069 1350 3122; x_wconf 71' lang='lat' dir='ltr'><strong>tunc</strong></span> <span class='ocrx_word' id='word_1_356' title='bbox 1392 3070 1514 3123; x_wconf 91' lang='lat' dir='ltr'><strong>illos</strong></span> <span class='ocrx_word' id='word_1_357' title='bbox 1545 3069 1909 3124; x_wconf 88' lang='lat' dir='ltr'><strong>observantes</strong></span> <span class='ocrx_word' id='word_1_358' title='bbox 1938 3075 2173 3138; x_wconf 88' lang='lat' dir='ltr'><strong>arguat;</strong></span> 
     </span>
    </p>
   </div>
   <div class='ocr_carea' id='block_1_49' title="bbox 2276 1863 3805 1946">
    <p class='ocr_par' dir='ltr' id='par_1_49' title="bbox 2276 1863 3805 1946">
     <span class='ocr_line' id='line_1_49' title="bbox 2276 1863 3805 1946; baseline 0.007 -30"><span class='ocrx_word' id='word_1_359' title='bbox 2276 1863 2372 1916; x_wconf 81' lang='grc' dir='ltr'><strong>ἀπ’</strong></span> <span class='ocrx_word' id='word_1_360' title='bbox 2401 1864 2635 1937; x_wconf 77' lang='grc' dir='ltr'>οὐρανοῦ</span> <span class='ocrx_word' id='word_1_361' title='bbox 2678 1866 2869 1939; x_wconf 78' lang='grc' dir='ltr'>φέρει·</span> <span class='ocrx_word' id='word_1_362' title='bbox 2916 1870 3013 1923; x_wconf 80' lang='grc' dir='ltr'>καὶ</span> <span class='ocrx_word' id='word_1_363' title='bbox 3049 1870 3257 1942; x_wconf 81' lang='grc' dir='ltr'>Ἰησοῦς</span> <span class='ocrx_word' id='word_1_364' title='bbox 3292 1873 3322 1924; x_wconf 83' lang='grc' dir='ltr'>ὁ</span> <span class='ocrx_word' id='word_1_365' title='bbox 3375 1873 3467 1925; x_wconf 74' lang='grc' dir='ltr'><strong>τοῦ</strong></span> <span class='ocrx_word' id='word_1_366' title='bbox 3508 1874 3651 1944; x_wconf 86' lang='grc' dir='ltr'>Ναυῆ</span> <span class='ocrx_word' id='word_1_367' title='bbox 3679 1873 3805 1946; x_wconf 68' lang='grc' dir='ltr'>ἵστησι</span> 
     </span>
    </p>
   </div>
   <div class='ocr_carea' id='block_1_50' title="bbox 2275 1954 3805 2039">
    <p class='ocr_par' dir='ltr' id='par_1_50' title="bbox 2275 1954 3805 2039">
     <span class='ocr_line' id='line_1_50' title="bbox 2275 1954 3805 2039; baseline 0.008 -32"><span class='ocrx_word' id='word_1_368' title='bbox 2275 1954 2369 2008; x_wconf 84' lang='grc' dir='ltr'><strong>τὸν</strong></span> <span class='ocrx_word' id='word_1_369' title='bbox 2402 1955 2576 2026; x_wconf 67' lang='grc' dir='ltr'>ἥλιον,</span> <span class='ocrx_word' id='word_1_370' title='bbox 2605 1958 2700 2011; x_wconf 78' lang='grc' dir='ltr'>καὶ</span> <span class='ocrx_word' id='word_1_371' title='bbox 2728 1958 2828 2031; x_wconf 80' lang='grc' dir='ltr'>τὴν</span> <span class='ocrx_word' id='word_1_372' title='bbox 2857 1962 3107 2033; x_wconf 81' lang='grc' dir='ltr'><strong>σελήνην.</strong></span> <span class='ocrx_word' id='word_1_373' title='bbox 3140 1964 3252 2016; x_wconf 80' lang='grc' dir='ltr'><strong>Καὶ</strong></span> <span class='ocrx_word' id='word_1_374' title='bbox 3288 1965 3435 2019; x_wconf 80' lang='grc' dir='ltr'>κατὰ</span> <span class='ocrx_word' id='word_1_375' title='bbox 3472 1968 3640 2020; x_wconf 85' lang='grc' dir='ltr'>πάντα</span> <span class='ocrx_word' id='word_1_376' title='bbox 3663 1970 3805 2039; x_wconf 73' lang='lat' dir='ltr'><strong>1:pr</strong></span> 
     </span>
    </p>
   </div>
   <div class='ocr_carea' id='block_1_51' title="bbox 2278 2046 3807 2131">
    <p class='ocr_par' dir='ltr' id='par_1_51' title="bbox 2278 2046 3807 2131">
     <span class='ocr_line' id='line_1_51' title="bbox 2278 2046 3807 2131; baseline 0.01 -33"><span class='ocrx_word' id='word_1_377' title='bbox 2278 2046 2383 2099; x_wconf 75' lang='grc' dir='ltr'><strong>κᾶν</strong></span> <span class='ocrx_word' id='word_1_378' title='bbox 2407 2047 2590 2122; x_wconf 72' lang='grc' dir='ltr'>κρύψῃ</span> <span class='ocrx_word' id='word_1_379' title='bbox 2610 2049 2679 2102; x_wconf 85' lang='grc' dir='ltr'>τὰ</span> <span class='ocrx_word' id='word_1_380' title='bbox 2698 2053 3063 2124; x_wconf 82' lang='grc' dir='ltr'>γεγραμμένα</span> <span class='ocrx_word' id='word_1_381' title='bbox 3091 2054 3370 2120; x_wconf 85' lang='grc' dir='ltr'>ἀπατεὼν,</span> <span class='ocrx_word' id='word_1_382' title='bbox 3394 2058 3544 2111; x_wconf 77' lang='grc' dir='ltr'>οὐδὲν</span> <span class='ocrx_word' id='word_1_383' title='bbox 3567 2057 3728 2128; x_wconf 67' lang='grc' dir='ltr'>βλάψει</span> <span class='ocrx_word' id='word_1_384' title='bbox 3744 2060 3807 2131; x_wconf 73' lang='grc' dir='ltr'><strong>τὴν</strong></span> 
     </span>
    </p>
   </div>
   <div class='ocr_carea' id='block_1_52' title="bbox 2278 2138 3702 2221">
    <p class='ocr_par' dir='ltr' id='par_1_52' title="bbox 2278 2138 3702 2221">
     <span class='ocr_line' id='line_1_52' title="bbox 2278 2138 3702 2221; baseline 0.008 -28"><span class='ocrx_word' id='word_1_385' title='bbox 2278 2138 2558 2210; x_wconf 83' lang='grc' dir='ltr'>ἀλήθειαν,</span> <span class='ocrx_word' id='word_1_386' title='bbox 2583 2141 2699 2195; x_wconf 76' lang='grc' dir='ltr'>ἀλλ’</span> <span class='ocrx_word' id='word_1_387' title='bbox 2722 2144 2915 2198; x_wconf 74' lang='grc' dir='ltr'>ἑαυτὸν</span> <span class='ocrx_word' id='word_1_388' title='bbox 2941 2145 3294 2221; x_wconf 83' lang='grc' dir='ltr'>ἀπαλλοτριοῖ</span> <span class='ocrx_word' id='word_1_389' title='bbox 3314 2148 3418 2219; x_wconf 81' lang='grc' dir='ltr'>τῆς</span> <span class='ocrx_word' id='word_1_390' title='bbox 3449 2149 3702 2221; x_wconf 72' lang='grc' dir='ltr'>ἀληθείας.</span> 
     </span>
    </p>
   </div>
   <div class='ocr_carea' id='block_1_53' title="bbox 2348 2319 3807 2401">
    <p class='ocr_par' dir='ltr' id='par_1_53' title="bbox 2348 2319 3807 2401">
     <span class='ocr_line' id='line_1_53' title="bbox 2348 2319 3807 2401; baseline 0.008 -28"><span class='ocrx_word' id='word_1_391' title='bbox 2348 2319 2507 2392; x_wconf 85' lang='grc' dir='ltr'>Σχόλ.</span> <span class='ocrx_word' id='word_1_392' title='bbox 2539 2328 2652 2388; x_wconf 86' lang='grc' dir='ltr'>κς·’.</span> <span class='ocrx_word' id='word_1_393' title='bbox 2688 2323 2832 2378; x_wconf 75' lang='grc' dir='ltr'>’Λντὶ</span> <span class='ocrx_word' id='word_1_394' title='bbox 2862 2326 2979 2389; x_wconf 82' lang='grc' dir='ltr'>τοῦ,</span> <span class='ocrx_word' id='word_1_395' title='bbox 3006 2329 3387 2399; x_wconf 82' lang='grc' dir='ltr'>Παρέρχεσθε</span> <span class='ocrx_word' id='word_1_396' title='bbox 3411 2330 3527 2399; x_wconf 80' lang='grc' dir='ltr'>τὴν</span> <span class='ocrx_word' id='word_1_397' title='bbox 3547 2327 3807 2401; x_wconf 77' lang='grc' dir='ltr'>κρίσιντοῦ</span> 
     </span>
    </p>
   </div>
   <div class='ocr_carea' id='block_1_54' title="bbox 2278 2412 3682 2487">
    <p class='ocr_par' dir='ltr' id='par_1_54' title="bbox 2278 2412 3682 2487">
     <span class='ocr_line' id='line_1_54' title="bbox 2278 2412 3682 2487; baseline 0.009 -22"><span class='ocrx_word' id='word_1_398' title='bbox 2278 2412 2451 2475; x_wconf 78' lang='grc' dir='ltr'>Θεοῦ,</span> <span class='ocrx_word' id='word_1_399' title='bbox 2480 2442 2553 2452; x_wconf 88' lang='grc'><strong>-</strong></span> <span class='ocrx_word' id='word_1_400' title='bbox 2580 2414 2959 2483; x_wconf 80' lang='grc' dir='ltr'>Παρέρχεσθε</span> <span class='ocrx_word' id='word_1_401' title='bbox 2990 2418 3107 2487; x_wconf 83' lang='grc' dir='ltr'><strong>τὴν</strong></span> <span class='ocrx_word' id='word_1_402' title='bbox 3138 2421 3369 2485; x_wconf 73' lang='grc' dir='ltr'>κλῆσιν</span> <span class='ocrx_word' id='word_1_403' title='bbox 3397 2423 3505 2478; x_wconf 86' lang='grc' dir='ltr'>τοῦ</span> <span class='ocrx_word' id='word_1_404' title='bbox 3528 2423 3682 2478; x_wconf 80' lang='grc' dir='ltr'>Θεοῦ.</span> 
     </span>
    </p>
   </div>
   <div class='ocr_carea' id='block_1_55' title="bbox 2357 2504 3810 2585">
    <p class='ocr_par' dir='ltr' id='par_1_55' title="bbox 2357 2504 3810 2585">
     <span class='ocr_line' id='line_1_55' title="bbox 2357 2504 3810 2585; baseline 0.006 -28"><span class='ocrx_word' id='word_1_405' title='bbox 2357 2504 2579 2577; x_wconf 83' lang='grc' dir='ltr'>Ἐλεγχ.</span> <span class='ocrx_word' id='word_1_406' title='bbox 2620 2513 2732 2572; x_wconf 82' lang='grc' dir='ltr'>κς’.</span> <span class='ocrx_word' id='word_1_407' title='bbox 2768 2509 2941 2563; x_wconf 83' lang='grc' dir='ltr'>Πόθεν</span> <span class='ocrx_word' id='word_1_408' title='bbox 2971 2512 3071 2565; x_wconf 84' lang='grc' dir='ltr'>οὐκ</span> <span class='ocrx_word' id='word_1_409' title='bbox 3106 2513 3338 2585; x_wconf 77' lang='grc' dir='ltr'>ἐλέγχῃς</span> <span class='ocrx_word' id='word_1_410' title='bbox 3385 2515 3620 2569; x_wconf 80' lang='grc' dir='ltr'>πόθενᾶ</span> <span class='ocrx_word' id='word_1_411' title='bbox 3655 2517 3690 2548; x_wconf 79' lang='grc'><strong>⁸⁸</strong></span> <span class='ocrx_word' id='word_1_412' title='bbox 3713 2514 3810 2570; x_wconf 79' lang='grc' dir='ltr'>κατὰ</span> 
     </span>
    </p>
   </div>
   <div class='ocr_carea' id='block_1_56' title="bbox 2279 2595 3810 2681">
    <p class='ocr_par' dir='ltr' id='par_1_56' title="bbox 2279 2595 3810 2681">
     <span class='ocr_line' id='line_1_56' title="bbox 2279 2595 3810 2681; baseline 0.01 -32"><span class='ocrx_word' id='word_1_413' title='bbox 2279 2595 2373 2651; x_wconf 84' lang='grc' dir='ltr'><strong>σοῦ</strong></span> <span class='ocrx_word' id='word_1_414' title='bbox 2393 2597 2632 2670; x_wconf 81' lang='grc' dir='ltr'>συναχθῇ</span> <span class='ocrx_word' id='word_1_415' title='bbox 2658 2601 2690 2671; x_wconf 79' lang='grc' dir='ltr'>ἡ</span> <span class='ocrx_word' id='word_1_416' title='bbox 2719 2603 3029 2673; x_wconf 82' lang='grc' dir='ltr'>μαρτυρία;</span> <span class='ocrx_word' id='word_1_417' title='bbox 3052 2604 3134 2658; x_wconf 83' lang='grc' dir='ltr'><strong>Τὰ</strong></span> <span class='ocrx_word' id='word_1_418' title='bbox 3165 2606 3362 2677; x_wconf 84' lang='grc' dir='ltr'>πρῶτα</span> <span class='ocrx_word' id='word_1_419' title='bbox 3393 2608 3503 2680; x_wconf 82' lang='grc' dir='ltr'>γὰρ</span> <span class='ocrx_word' id='word_1_420' title='bbox 3529 2608 3715 2681; x_wconf 79' lang='grc' dir='ltr'>συνᾴδει</span> <span class='ocrx_word' id='word_1_421' title='bbox 3735 2610 3810 2670; x_wconf 76' lang='grc' dir='ltr'><strong>τοῖς</strong></span> 
     </span>
    </p>
   </div>
   <div class='ocr_carea' id='block_1_57' title="bbox 2280 2690 3807 2773">
    <p class='ocr_par' dir='ltr' id='par_1_57' title="bbox 2280 2690 3807 2773">
     <span class='ocr_line' id='line_1_57' title="bbox 2280 2690 3807 2773; baseline 0.007 -32"><span class='ocrx_word' id='word_1_422' title='bbox 2280 2690 2598 2759; x_wconf 80' lang='grc' dir='ltr'>μετέπειτα,</span> <span class='ocrx_word' id='word_1_423' title='bbox 2645 2691 3014 2765; x_wconf 80' lang='grc' dir='ltr'>ὲλεγχομένης</span> <span class='ocrx_word' id='word_1_424' title='bbox 3057 2696 3158 2767; x_wconf 81' lang='grc' dir='ltr'><strong>τῆς</strong></span> <span class='ocrx_word' id='word_1_425' title='bbox 3187 2701 3341 2771; x_wconf 76' lang='grc' dir='ltr'>παρὰ</span> <span class='ocrx_word' id='word_1_426' title='bbox 3378 2701 3474 2756; x_wconf 80' lang='grc' dir='ltr'><strong>σοῦ</strong></span> <span class='ocrx_word' id='word_1_427' title='bbox 3512 2701 3807 2773; x_wconf 55' lang='grc' dir='ltr'>ῥᾳδιουργίας.</span> 
     </span>
    </p>
   </div>
   <div class='ocr_carea' id='block_1_58' title="bbox 2291 2784 3809 2863">
    <p class='ocr_par' dir='ltr' id='par_1_58' title="bbox 2291 2784 3809 2863">
     <span class='ocr_line' id='line_1_58' title="bbox 2291 2784 3809 2863; baseline 0.007 -28"><span class='ocrx_word' id='word_1_428' title='bbox 2291 2784 2415 2837; x_wconf 78' lang='grc' dir='ltr'><strong>Ἐὰν</strong></span> <span class='ocrx_word' id='word_1_429' title='bbox 2467 2785 2575 2855; x_wconf 75' lang='grc' dir='ltr'><strong>γὰρ</strong></span> <span class='ocrx_word' id='word_1_430' title='bbox 2620 2785 2771 2858; x_wconf 78' lang='grc' dir='ltr'>εἴπῃ,</span> <span class='ocrx_word' id='word_1_431' title='bbox 2831 2788 3123 2858; x_wconf 81' lang='grc' dir='ltr'>Κατέχετε</span> <span class='ocrx_word' id='word_1_432' title='bbox 3177 2797 3287 2858; x_wconf 81' lang='grc' dir='ltr'>τὰς</span> <span class='ocrx_word' id='word_1_433' title='bbox 3340 2795 3690 2863; x_wconf 75' lang='grc' dir='ltr'>παραδόσεις</span> <span class='ocrx_word' id='word_1_434' title='bbox 3730 2792 3809 2845; x_wconf 67' lang='grc' dir='ltr'>τῶν</span> 
     </span>
    </p>
   </div>
   <div class='ocr_carea' id='block_1_59' title="bbox 2277 2877 3808 2953">
    <p class='ocr_par' dir='ltr' id='par_1_59' title="bbox 2277 2877 3808 2953">
     <span class='ocr_line' id='line_1_59' title="bbox 2277 2877 3808 2953; baseline 0.01 -26"><span class='ocrx_word' id='word_1_435' title='bbox 2277 2877 2697 2947; x_wconf 74' lang='grc' dir='ltr'>πρεσϐυτέρων</span> <span class='ocrx_word' id='word_1_436' title='bbox 2748 2879 2935 2949; x_wconf 83' lang='grc' dir='ltr'>ὑμῶν,</span> <span class='ocrx_word' id='word_1_437' title='bbox 2985 2883 3084 2938; x_wconf 83' lang='grc' dir='ltr'><strong>καί</strong></span> <span class='ocrx_word' id='word_1_438' title='bbox 3125 2884 3506 2953; x_wconf 80' lang='grc' dir='ltr'>παρέρχεσθε</span> <span class='ocrx_word' id='word_1_439' title='bbox 3556 2887 3615 2941; x_wconf 84' lang='grc' dir='ltr'><strong>τὸ</strong></span> <span class='ocrx_word' id='word_1_440' title='bbox 3671 2888 3808 2949; x_wconf 51' lang='lat' dir='ltr'><strong>idem.</strong></span> 
     </span>
    </p>
   </div>
   <div class='ocr_carea' id='block_1_60' title="bbox 2276 2966 3811 3048">
    <p class='ocr_par' dir='ltr' id='par_1_60' title="bbox 2276 2966 3811 3048">
     <span class='ocr_line' id='line_1_60' title="bbox 2276 2966 3811 3048; baseline 0.008 -29"><span class='ocrx_word' id='word_1_441' title='bbox 2276 2966 2377 3020; x_wconf 81' lang='grc' dir='ltr'>καὶ</span> <span class='ocrx_word' id='word_1_442' title='bbox 2415 2967 2531 3034; x_wconf 76' lang='grc' dir='ltr'>τὴν</span> <span class='ocrx_word' id='word_1_443' title='bbox 2575 2970 2784 3037; x_wconf 79' lang='grc' dir='ltr'>κρίσιν</span> <span class='ocrx_word' id='word_1_444' title='bbox 2828 2972 2934 3025; x_wconf 83' lang='grc' dir='ltr'><strong>τοῦ</strong></span> <span class='ocrx_word' id='word_1_445' title='bbox 2983 2974 3167 3028; x_wconf 85' lang='grc' dir='ltr'>Θεοῦ·</span> <span class='ocrx_word' id='word_1_446' title='bbox 3212 2976 3355 3046; x_wconf 80' lang='grc' dir='ltr'>μάθε</span> <span class='ocrx_word' id='word_1_447' title='bbox 3402 2978 3513 3031; x_wconf 79' lang='grc' dir='ltr'><strong>ἀπὸ</strong></span> <span class='ocrx_word' id='word_1_448' title='bbox 3558 2979 3691 3033; x_wconf 80' lang='grc' dir='ltr'>ποίου</span> <span class='ocrx_word' id='word_1_449' title='bbox 3725 2978 3811 3048; x_wconf 71' lang='grc' dir='ltr'>χρό-</span> 
     </span>
    </p>
   </div>
   <div class='ocr_carea' id='block_1_61' title="bbox 2277 3062 3810 3137">
    <p class='ocr_par' dir='ltr' id='par_1_61' title="bbox 2277 3062 3810 3137">
     <span class='ocr_line' id='line_1_61' title="bbox 2277 3062 3810 3137; baseline 0.008 -26"><span class='ocrx_word' id='word_1_450' title='bbox 2277 3076 2370 3111; x_wconf 90' lang='grc' dir='ltr'><strong>νου</strong></span> <span class='ocrx_word' id='word_1_451' title='bbox 2410 3062 2653 3116; x_wconf 80' lang='grc' dir='ltr'>αἰτιᾶται</span> <span class='ocrx_word' id='word_1_452' title='bbox 2710 3063 2908 3127; x_wconf 74' lang='grc' dir='ltr'>αὐτοὺς</span> <span class='ocrx_word' id='word_1_453' title='bbox 2959 3065 3120 3120; x_wconf 78' lang='grc' dir='ltr'>τοῦτο</span> <span class='ocrx_word' id='word_1_454' title='bbox 3151 3067 3555 3134; x_wconf 76' lang='grc' dir='ltr'>ἐπιτελοῦντας.</span> <span class='ocrx_word' id='word_1_455' title='bbox 3598 3069 3810 3137; x_wconf 61' lang='lat' dir='ltr'><strong>umet;</strong></span> 
     </span>
    </p>
   </div>
   <div class='ocr_carea' id='block_1_62' title="bbox 578 3128 2171 3235">
    <p class='ocr_par' dir='ltr' id='par_1_62' title="bbox 578 3156 2171 3229">
     <span class='ocr_line' id='line_1_62' title="bbox 578 3156 2171 3229; baseline 0.003 -20"><span class='ocrx_word' id='word_1_456' title='bbox 578 3170 644 3210; x_wconf 90' lang='lat' dir='ltr'><strong>ac</strong></span> <span class='ocrx_word' id='word_1_457' title='bbox 671 3156 1023 3226; x_wconf 87' lang='lat' dir='ltr'><strong>quandonam</strong></span> <span class='ocrx_word' id='word_1_458' title='bbox 1070 3161 1352 3214; x_wconf 88' lang='lat' dir='ltr'><strong>seniorum</strong></span> <span class='ocrx_word' id='word_1_459' title='bbox 1388 3160 1491 3214; x_wconf 88' lang='lat' dir='ltr'><strong>ista</strong></span> <span class='ocrx_word' id='word_1_460' title='bbox 1523 3159 1751 3216; x_wconf 84' lang='lat' dir='ltr'><strong>traditio</strong></span> <span class='ocrx_word' id='word_1_461' title='bbox 1801 3160 2054 3229; x_wconf 65' lang='lat' dir='ltr'><strong>coeperit.</strong></span> <span class='ocrx_word' id='word_1_462' title='bbox 2093 3158 2171 3213; x_wconf 94' lang='lat' dir='ltr'><strong>ln-</strong></span> 
     </span>
    </p>
   </div>
   <div class='ocr_carea' id='block_1_63' title="bbox 2279 3128 3811 3235">
    <p class='ocr_par' dir='ltr' id='par_1_63' title="bbox 2282 3128 3811 3235">
     <span class='ocr_line' id='line_1_63' title="bbox 2282 3128 3811 3235; baseline 0.006 -31"><span class='ocrx_word' id='word_1_463' title='bbox 2282 3152 2583 3223; x_wconf 83' lang='grc' dir='ltr'>παρὰδοσις</span> <span class='ocrx_word' id='word_1_464' title='bbox 2604 3155 2790 3220; x_wconf 75' lang='grc' dir='ltr'>αὐτοῖς</span> <span class='ocrx_word' id='word_1_465' title='bbox 2815 3156 3007 3225; x_wconf 82' lang='grc' dir='ltr'>γέγονε</span> <span class='ocrx_word' id='word_1_466' title='bbox 3038 3158 3145 3212; x_wconf 84' lang='grc' dir='ltr'><strong>τῶν</strong></span> <span class='ocrx_word' id='word_1_467' title='bbox 3172 3128 3563 3235; x_wconf 66' lang='grc' dir='ltr'>πρεσϐυτέριον</span> <span class='ocrx_word' id='word_1_468' title='bbox 3580 3181 3593 3227; x_wconf 87' lang='lat'><strong>;</strong></span> <span class='ocrx_word' id='word_1_469' title='bbox 3611 3164 3693 3217; x_wconf 75' lang='grc' dir='ltr'><strong>καὶ</strong></span> <span class='ocrx_word' id='word_1_470' title='bbox 3711 3128 3811 3213; x_wconf 55' lang='grc' dir='ltr'><strong>ἰεῦἐ</strong></span> 
     </span>
    </p>
   </div>
   <div class='ocr_carea' id='block_1_64' title="bbox 579 3247 2178 3320">
    <p class='ocr_par' dir='ltr' id='par_1_64' title="bbox 579 3247 2178 3320">
     <span class='ocr_line' id='line_1_64' title="bbox 579 3247 2178 3320; baseline 0.001 -21"><span class='ocrx_word' id='word_1_471' title='bbox 579 3247 769 3302; x_wconf 84' lang='lat' dir='ltr'><strong>venies</strong></span> <span class='ocrx_word' id='word_1_472' title='bbox 801 3248 1051 3317; x_wconf 79' lang='lat' dir='ltr'><strong>profecto</strong></span> <span class='ocrx_word' id='word_1_473' title='bbox 1102 3263 1222 3304; x_wconf 81' lang='lat' dir='ltr'><strong>eam</strong></span> <span class='ocrx_word' id='word_1_474' title='bbox 1257 3265 1380 3320; x_wconf 66' lang='lat' dir='ltr'><strong>quie</strong></span> <span class='ocrx_word' id='word_1_475' title='bbox 1432 3248 1654 3304; x_wconf 84' lang='lat' dir='ltr'><strong>Davidis</strong></span> <span class='ocrx_word' id='word_1_476' title='bbox 1687 3248 2011 3303; x_wconf 74' lang='lat' dir='ltr'><strong>illSCl&#39;iblllll&#39;</strong></span> <span class='ocrx_word' id='word_1_477' title='bbox 2055 3255 2178 3316; x_wconf 90' lang='lat' dir='ltr'><strong>post</strong></span> 
     </span>
    </p>
   </div>
   <div class='ocr_carea' id='block_1_65' title="bbox 578 3338 2180 3413">
    <p class='ocr_par' dir='ltr' id='par_1_65' title="bbox 578 3338 2180 3413">
     <span class='ocr_line' id='line_1_65' title="bbox 578 3338 2180 3413; baseline -0.001 -20"><span class='ocrx_word' id='word_1_478' title='bbox 578 3341 813 3394; x_wconf 84' lang='lat' dir='ltr'><strong>reditum</strong></span> <span class='ocrx_word' id='word_1_479' title='bbox 847 3356 878 3396; x_wconf 92' lang='lat' dir='ltr'><strong>e</strong></span> <span class='ocrx_word' id='word_1_480' title='bbox 910 3339 1209 3413; x_wconf 80' lang='lat' dir='ltr'><strong>Babylonia</strong></span> <span class='ocrx_word' id='word_1_481' title='bbox 1240 3362 1253 3397; x_wconf 90' lang='lat'><strong>:</strong></span> <span class='ocrx_word' id='word_1_482' title='bbox 1285 3342 1475 3396; x_wconf 61' lang='lat' dir='ltr'><strong>Alsium</strong></span> <span class='ocrx_word' id='word_1_483' title='bbox 1498 3356 1627 3397; x_wconf 87' lang='lat' dir='ltr'><strong>vero</strong></span> <span class='ocrx_word' id='word_1_484' title='bbox 1655 3340 1818 3410; x_wconf 89' lang='lat' dir='ltr'><strong>paulo</strong></span> <span class='ocrx_word' id='word_1_485' title='bbox 1849 3347 1977 3394; x_wconf 89' lang='lat' dir='ltr'><strong>ante</strong></span> <span class='ocrx_word' id='word_1_486' title='bbox 2004 3338 2180 3411; x_wconf 84' lang='lat' dir='ltr'><strong>Baby-</strong></span> 
     </span>
    </p>
   </div>
   <div class='ocr_carea' id='block_1_66' title="bbox 579 3434 2181 3505">
    <p class='ocr_par' dir='ltr' id='par_1_66' title="bbox 579 3434 2181 3505">
     <span class='ocr_line' id='line_1_66' title="bbox 579 3434 2181 3505; baseline 0 -18"><span class='ocrx_word' id='word_1_487' title='bbox 579 3434 815 3489; x_wconf 91' lang='lat' dir='ltr'><strong>lonicam</strong></span> <span class='ocrx_word' id='word_1_488' title='bbox 863 3436 1238 3505; x_wconf 83' lang='lat' dir='ltr'><strong>captivitatem</strong></span> <span class='ocrx_word' id='word_1_489' title='bbox 1300 3436 1517 3489; x_wconf 89' lang='lat' dir='ltr'><strong>initium</strong></span> <span class='ocrx_word' id='word_1_490' title='bbox 1573 3436 1858 3490; x_wconf 89' lang='lat' dir='ltr'><strong>habuisse.</strong></span> <span class='ocrx_word' id='word_1_491' title='bbox 1916 3434 2181 3489; x_wconf 79' lang='lat' dir='ltr'><strong>Assamo-</strong></span> 
     </span>
    </p>
   </div>
   <div class='ocr_carea' id='block_1_67' title="bbox 578 3527 2178 3595">
    <p class='ocr_par' dir='ltr' id='par_1_67' title="bbox 578 3527 2178 3595">
     <span class='ocr_line' id='line_1_67' title="bbox 578 3527 2178 3595; baseline 0.002 -17"><span class='ocrx_word' id='word_1_492' title='bbox 578 3540 826 3578; x_wconf 62' lang='lat' dir='ltr'><strong>uasorum</strong></span> <span class='ocrx_word' id='word_1_493' title='bbox 873 3541 1037 3595; x_wconf 86' lang='lat' dir='ltr'><strong>porro</strong></span> <span class='ocrx_word' id='word_1_494' title='bbox 1089 3527 1444 3581; x_wconf 87' lang='lat' dir='ltr'><strong>traditionem</strong></span> <span class='ocrx_word' id='word_1_495' title='bbox 1487 3527 1786 3582; x_wconf 77' lang='lat' dir='ltr'><strong>Alexandri</strong></span> <span class='ocrx_word' id='word_1_496' title='bbox 1825 3536 1881 3581; x_wconf 89' lang='lat' dir='ltr'><strong>et</strong></span> <span class='ocrx_word' id='word_1_497' title='bbox 1920 3527 2178 3582; x_wconf 79' lang='lat' dir='ltr'><strong>Antiochi</strong></span> 
     </span>
    </p>
   </div>
   <div class='ocr_carea' id='block_1_68' title="bbox 578 3616 2180 3687">
    <p class='ocr_par' dir='ltr' id='par_1_68' title="bbox 578 3616 2180 3687">
     <span class='ocr_line' id='line_1_68' title="bbox 578 3616 2180 3687; baseline 0.001 -18"><span class='ocrx_word' id='word_1_498' title='bbox 578 3617 818 3685; x_wconf 65' lang='lat' dir='ltr'><strong>ca&#39;pisse</strong></span> <span class='ocrx_word' id='word_1_499' title='bbox 849 3617 1214 3687; x_wconf 84' lang='lat' dir='ltr'><strong>temporibus,</strong></span> <span class='ocrx_word' id='word_1_500' title='bbox 1249 3618 1411 3672; x_wconf 90' lang='lat' dir='ltr'><strong>annis</strong></span> <span class='ocrx_word' id='word_1_501' title='bbox 1440 3628 1568 3671; x_wconf 88' lang='lat' dir='ltr'><strong>ante</strong></span> <span class='ocrx_word' id='word_1_502' title='bbox 1597 3617 1878 3672; x_wconf 83' lang='lat' dir='ltr'><strong>ChnStum</strong></span> <span class='ocrx_word' id='word_1_503' title='bbox 1918 3617 2037 3670; x_wconf 85' lang='lat' dir='ltr'><strong>l90.</strong></span> <span class='ocrx_word' id='word_1_504' title='bbox 2071 3616 2180 3671; x_wconf 76' lang='lat' dir='ltr'><strong>Ita-</strong></span> 
     </span>
    </p>
   </div>
   <div class='ocr_carea' id='block_1_69' title="bbox 578 3709 2181 3779">
    <p class='ocr_par' dir='ltr' id='par_1_69' title="bbox 578 3709 2181 3779">
     <span class='ocr_line' id='line_1_69' title="bbox 578 3709 2181 3779; baseline 0.002 -17"><span class='ocrx_word' id='word_1_505' title='bbox 578 3724 688 3778; x_wconf 85' lang='lat' dir='ltr'><strong>que</strong></span> <span class='ocrx_word' id='word_1_506' title='bbox 717 3710 828 3778; x_wconf 87' lang='lat' dir='ltr'><strong>jam</strong></span> <span class='ocrx_word' id='word_1_507' title='bbox 860 3715 976 3762; x_wconf 89' lang='lat' dir='ltr'><strong>tum</strong></span> <span class='ocrx_word' id='word_1_508' title='bbox 1022 3725 1119 3779; x_wconf 88' lang='lat' dir='ltr'><strong>per</strong></span> <span class='ocrx_word' id='word_1_509' title='bbox 1150 3710 1322 3778; x_wconf 78' lang='lat' dir='ltr'><strong>legent</strong></span> <span class='ocrx_word' id='word_1_510' title='bbox 1365 3709 1603 3773; x_wconf 89' lang='lat' dir='ltr'><strong>vocatio,</strong></span> <span class='ocrx_word' id='word_1_511' title='bbox 1654 3725 1718 3763; x_wconf 90' lang='lat' dir='ltr'><strong>ac</strong></span> <span class='ocrx_word' id='word_1_512' title='bbox 1753 3725 1851 3779; x_wconf 89' lang='lat' dir='ltr'><strong>per</strong></span> <span class='ocrx_word' id='word_1_513' title='bbox 1883 3710 2181 3779; x_wconf 88' lang='lat' dir='ltr'><strong>prophetas</strong></span> 
     </span>
    </p>
   </div>
   <div class='ocr_carea' id='block_1_70' title="bbox 582 3799 2181 3864">
    <p class='ocr_par' dir='ltr' id='par_1_70' title="bbox 582 3799 2181 3864">
     <span class='ocr_line' id='line_1_70' title="bbox 582 3799 2181 3864; baseline 0.001 -10"><span class='ocrx_word' id='word_1_514' title='bbox 582 3810 698 3854; x_wconf 88' lang='lat' dir='ltr'><strong>erat</strong></span> <span class='ocrx_word' id='word_1_515' title='bbox 720 3800 905 3854; x_wconf 83' lang='lat' dir='ltr'><strong>oblata</strong></span> <span class='ocrx_word' id='word_1_516' title='bbox 939 3799 1345 3864; x_wconf 88' lang='lat' dir='ltr'><strong>misericordia,</strong></span> <span class='ocrx_word' id='word_1_517' title='bbox 1380 3808 1441 3855; x_wconf 92' lang='lat' dir='ltr'><strong>ut</strong></span> <span class='ocrx_word' id='word_1_518' title='bbox 1465 3801 1817 3856; x_wconf 86' lang='lat' dir='ltr'><strong>circulatoris</strong></span> <span class='ocrx_word' id='word_1_519' title='bbox 1848 3802 2009 3857; x_wconf 89' lang='lat' dir='ltr'><strong>istius</strong></span> <span class='ocrx_word' id='word_1_520' title='bbox 2038 3803 2181 3856; x_wconf 88' lang='lat' dir='ltr'><strong>ratio</strong></span> 
     </span>
    </p>
   </div>
   <div class='ocr_carea' id='block_1_71' title="bbox 581 3894 1157 3948">
    <p class='ocr_par' dir='ltr' id='par_1_71' title="bbox 581 3894 1157 3948">
     <span class='ocr_line' id='line_1_71' title="bbox 581 3894 1157 3948; baseline -0.005 0"><span class='ocrx_word' id='word_1_521' title='bbox 581 3894 832 3948; x_wconf 78' lang='lat' dir='ltr'><strong>funditus</strong></span> <span class='ocrx_word' id='word_1_522' title='bbox 856 3899 1157 3948; x_wconf 82' lang='lat' dir='ltr'><strong>evertalur.</strong></span> 
     </span>
    </p>
   </div>
   <div class='ocr_carea' id='block_1_72' title="bbox 655 3978 2180 4051">
    <p class='ocr_par' dir='ltr' id='par_1_72' title="bbox 655 3978 2180 4051">
     <span class='ocr_line' id='line_1_72' title="bbox 655 3978 2180 4051; baseline 0.002 -18"><span class='ocrx_word' id='word_1_523' title='bbox 655 3979 841 4035; x_wconf 82' lang='lat' dir='ltr'><strong>Schol.</strong></span> <span class='ocrx_word' id='word_1_524' title='bbox 878 3979 970 4034; x_wconf 81' lang='lat'><strong>27.</strong></span> <span class='ocrx_word' id='word_1_525' title='bbox 1025 3978 1114 4034; x_wconf 76' lang='lat' dir='ltr'><strong>Va:</strong></span> <span class='ocrx_word' id='word_1_526' title='bbox 1141 3979 1309 4043; x_wconf 80' lang='lat' dir='ltr'><strong>vobis,</strong></span> <span class='ocrx_word' id='word_1_527' title='bbox 1337 3981 1591 4051; x_wconf 85' lang='lat' dir='ltr'><strong>quoniam</strong></span> <span class='ocrx_word' id='word_1_528' title='bbox 1624 3980 1906 4051; x_wconf 72' lang='lat' dir='ltr'><strong>a&#39;di/icatis</strong></span> <span class='ocrx_word' id='word_1_529' title='bbox 1937 3985 2180 4051; x_wconf 80' lang='lat' dir='ltr'><strong>sepulcra</strong></span> 
     </span>
    </p>
   </div>
   <div class='ocr_carea' id='block_1_73' title="bbox 578 4069 2013 4139">
    <p class='ocr_par' dir='ltr' id='par_1_73' title="bbox 578 4069 2013 4139">
     <span class='ocr_line' id='line_1_73' title="bbox 578 4069 2013 4139; baseline 0.004 -16"><span class='ocrx_word' id='word_1_530' title='bbox 578 4069 978 4139; x_wconf 80' lang='lat' dir='ltr'><strong>prophetarum,</strong></span> <span class='ocrx_word' id='word_1_531' title='bbox 1017 4079 1067 4124; x_wconf 85' lang='lat' dir='ltr'><strong>et</strong></span> <span class='ocrx_word' id='word_1_532' title='bbox 1089 4079 1270 4139; x_wconf 81' lang='lat' dir='ltr'><strong>patres</strong></span> <span class='ocrx_word' id='word_1_533' title='bbox 1302 4072 1461 4126; x_wconf 86' lang='lat' dir='ltr'><strong>vestri</strong></span> <span class='ocrx_word' id='word_1_534' title='bbox 1488 4072 1792 4127; x_wconf 82' lang='lat' dir='ltr'><strong>occiderunt</strong></span> <span class='ocrx_word' id='word_1_535' title='bbox 1824 4074 1948 4128; x_wconf 80' lang='lat' dir='ltr'><strong>illos</strong></span> <span class='ocrx_word' id='word_1_536' title='bbox 1971 4076 2013 4130; x_wconf 79' lang='grc'><strong>⁸.</strong></span> 
     </span>
    </p>
   </div>
   <div class='ocr_carea' id='block_1_74' title="bbox 532 4241 2182 4317">
    <p class='ocr_par' dir='ltr' id='par_1_74' title="bbox 532 4241 2182 4317">
     <span class='ocr_line' id='line_1_74' title="bbox 532 4241 2182 4317; baseline 0.007 -22"><span class='ocrx_word' id='word_1_537' title='bbox 532 4312 535 4317; x_wconf 18' lang='grc' dir='ltr'><em>Α</em></span> <span class='ocrx_word' id='word_1_538' title='bbox 657 4243 839 4299; x_wconf 75' lang='lat' dir='ltr'><strong>Refut.</strong></span> <span class='ocrx_word' id='word_1_539' title='bbox 882 4242 976 4297; x_wconf 88' lang='lat'><strong>27.</strong></span> <span class='ocrx_word' id='word_1_540' title='bbox 1020 4241 1481 4314; x_wconf 81' lang='lat' dir='ltr'><strong>Quandoquidem</strong></span> <span class='ocrx_word' id='word_1_541' title='bbox 1527 4247 1827 4317; x_wconf 83' lang='lat' dir='ltr'><strong>prophetas</strong></span> <span class='ocrx_word' id='word_1_542' title='bbox 1881 4265 2030 4305; x_wconf 68' lang='lat' dir='ltr'><strong>curae</strong></span> <span class='ocrx_word' id='word_1_543' title='bbox 2076 4252 2182 4307; x_wconf 88' lang='lat' dir='ltr'><strong>sibi</strong></span> 
     </span>
    </p>
   </div>
   <div class='ocr_carea' id='block_1_75' title="bbox 580 4337 2184 4409">
    <p class='ocr_par' dir='ltr' id='par_1_75' title="bbox 580 4337 2184 4409">
     <span class='ocr_line' id='line_1_75' title="bbox 580 4337 2184 4409; baseline 0.001 -13"><span class='ocrx_word' id='word_1_544' title='bbox 580 4355 707 4396; x_wconf 88' lang='lat' dir='ltr'><strong>esse</strong></span> <span class='ocrx_word' id='word_1_545' title='bbox 761 4337 1073 4409; x_wconf 80' lang='lat' dir='ltr'><strong>signiﬁcat,</strong></span> <span class='ocrx_word' id='word_1_546' title='bbox 1122 4348 1184 4393; x_wconf 91' lang='lat' dir='ltr'><strong>ut</strong></span> <span class='ocrx_word' id='word_1_547' title='bbox 1242 4351 1434 4391; x_wconf 90' lang='lat' dir='ltr'><strong>eorum</strong></span> <span class='ocrx_word' id='word_1_548' title='bbox 1484 4353 1676 4394; x_wconf 90' lang='lat' dir='ltr'><strong>necem</strong></span> <span class='ocrx_word' id='word_1_549' title='bbox 1734 4339 2184 4397; x_wconf 77' lang='lat' dir='ltr'><strong>interfectoribus</strong></span> 
     </span>
    </p>
   </div>
   <div class='ocr_carea' id='block_1_76' title="bbox 2285 3245 3811 3325">
    <p class='ocr_par' dir='ltr' id='par_1_76' title="bbox 2285 3245 3811 3325">
     <span class='ocr_line' id='line_1_76' title="bbox 2285 3245 3811 3325; baseline 0.011 -29"><span class='ocrx_word' id='word_1_550' title='bbox 2285 3260 2455 3315; x_wconf 74' lang='grc' dir='ltr'>ρεσις,</span> <span class='ocrx_word' id='word_1_551' title='bbox 2502 3245 2584 3306; x_wconf 77' lang='grc' dir='ltr'><strong>ὅτι</strong></span> <span class='ocrx_word' id='word_1_552' title='bbox 2621 3247 2716 3300; x_wconf 74' lang='grc' dir='ltr'><strong>τοῦ</strong></span> <span class='ocrx_word' id='word_1_553' title='bbox 2763 3248 2862 3317; x_wconf 84' lang='grc' dir='ltr'>μὲν</span> <span class='ocrx_word' id='word_1_554' title='bbox 2901 3249 3068 3304; x_wconf 72' lang='grc' dir='ltr'><strong>Δαϐὶδ</strong></span> <span class='ocrx_word' id='word_1_555' title='bbox 3118 3252 3258 3322; x_wconf 82' lang='grc' dir='ltr'>μετὰ</span> <span class='ocrx_word' id='word_1_556' title='bbox 3308 3254 3412 3325; x_wconf 77' lang='grc' dir='ltr'>τὴν</span> <span class='ocrx_word' id='word_1_557' title='bbox 3460 3258 3523 3310; x_wconf 71' lang='grc' dir='ltr'>ὲικ</span> <span class='ocrx_word' id='word_1_558' title='bbox 3565 3254 3811 3313; x_wconf 75' lang='grc' dir='ltr'>Βαϐυλῶνος</span> 
     </span>
    </p>
   </div>
   <div class='ocr_carea' id='block_1_77' title="bbox 2282 3336 3810 3414">
    <p class='ocr_par' dir='ltr' id='par_1_77' title="bbox 2282 3336 3810 3414">
     <span class='ocr_line' id='line_1_77' title="bbox 2282 3336 3810 3414; baseline 0.005 -26"><span class='ocrx_word' id='word_1_559' title='bbox 2282 3336 2564 3400; x_wconf 80' lang='grc' dir='ltr'>ἐπάνοδον,</span> <span class='ocrx_word' id='word_1_560' title='bbox 2590 3337 2685 3391; x_wconf 76' lang='grc' dir='ltr'><strong>τοῦ</strong></span> <span class='ocrx_word' id='word_1_561' title='bbox 2718 3338 2776 3392; x_wconf 84' lang='grc' dir='ltr'><strong>δὲ</strong></span> <span class='ocrx_word' id='word_1_562' title='bbox 2819 3340 3013 3394; x_wconf 78' lang='grc' dir='ltr'><strong>’Λκιὸᾶ</strong></span> <span class='ocrx_word' id='word_1_563' title='bbox 3047 3343 3143 3396; x_wconf 77' lang='grc' dir='ltr'><strong>καὶ</strong></span> <span class='ocrx_word' id='word_1_564' title='bbox 3189 3344 3296 3414; x_wconf 76' lang='grc' dir='ltr'><strong>πρὸ</strong></span> <span class='ocrx_word' id='word_1_565' title='bbox 3337 3346 3447 3399; x_wconf 84' lang='grc' dir='ltr'><strong>τῶν</strong></span> <span class='ocrx_word' id='word_1_566' title='bbox 3490 3342 3810 3399; x_wconf 77' lang='grc' dir='ltr'>Βαδυλωνικὼν</span> 
     </span>
    </p>
   </div>
   <div class='ocr_carea' id='block_1_78' title="bbox 2282 3427 3809 3509">
    <p class='ocr_par' dir='ltr' id='par_1_78' title="bbox 2282 3427 3809 3509">
     <span class='ocr_line' id='line_1_78' title="bbox 2282 3427 3809 3509; baseline 0.004 -29"><span class='ocrx_word' id='word_1_567' title='bbox 2282 3427 2668 3497; x_wconf 84' lang='grc' dir='ltr'>αἰχμαλωσιῶν</span> <span class='ocrx_word' id='word_1_568' title='bbox 2696 3430 3012 3501; x_wconf 83' lang='grc' dir='ltr'>γεγένηται.</span> <span class='ocrx_word' id='word_1_569' title='bbox 3045 3434 3166 3488; x_wconf 89' lang='grc' dir='ltr'>Τῶν</span> <span class='ocrx_word' id='word_1_570' title='bbox 3194 3435 3253 3488; x_wconf 86' lang='grc' dir='ltr'><strong>δὲ</strong></span> <span class='ocrx_word' id='word_1_571' title='bbox 3291 3438 3429 3490; x_wconf 84' lang='grc' dir='ltr'>υἱῶν</span> <span class='ocrx_word' id='word_1_572' title='bbox 3472 3436 3809 3509; x_wconf 75' lang='grc' dir='ltr'>Ἀσσαμωναίου</span> 
     </span>
    </p>
   </div>
   <div class='ocr_carea' id='block_1_79' title="bbox 2282 3519 3811 3603">
    <p class='ocr_par' dir='ltr' id='par_1_79' title="bbox 2282 3519 3811 3603">
     <span class='ocr_line' id='line_1_79' title="bbox 2282 3519 3811 3603; baseline 0.007 -33"><span class='ocrx_word' id='word_1_573' title='bbox 2282 3519 2340 3570; x_wconf 82' lang='grc' dir='ltr'>ὲν</span> <span class='ocrx_word' id='word_1_574' title='bbox 2373 3519 2585 3589; x_wconf 76' lang='grc' dir='ltr'>χρόνοις</span> <span class='ocrx_word' id='word_1_575' title='bbox 2633 3521 2984 3588; x_wconf 78' lang='grc' dir='ltr'>Ἀλεξάνδρου</span> <span class='ocrx_word' id='word_1_576' title='bbox 3030 3527 3126 3579; x_wconf 80' lang='grc' dir='ltr'>καὶ</span> <span class='ocrx_word' id='word_1_577' title='bbox 3160 3527 3461 3600; x_wconf 80' lang='grc' dir='ltr'>’Δντιόχου,</span> <span class='ocrx_word' id='word_1_578' title='bbox 3507 3530 3609 3603; x_wconf 81' lang='grc' dir='ltr'><strong>πρὸ</strong></span> <span class='ocrx_word' id='word_1_579' title='bbox 3644 3529 3726 3600; x_wconf 74' lang='grc' dir='ltr'>τῆς</span> <span class='ocrx_word' id='word_1_580' title='bbox 3749 3526 3811 3580; x_wconf 71' lang='grc' dir='ltr'><strong>τοῦ</strong></span> 
     </span>
    </p>
   </div>
   <div class='ocr_carea' id='block_1_80' title="bbox 2282 3611 3807 3695">
    <p class='ocr_par' dir='ltr' id='par_1_80' title="bbox 2282 3611 3807 3695">
     <span class='ocr_line' id='line_1_80' title="bbox 2282 3611 3807 3695; baseline 0.005 -32"><span class='ocrx_word' id='word_1_581' title='bbox 2282 3611 2520 3681; x_wconf 81' lang='grc' dir='ltr'>Χριστοῦ</span> <span class='ocrx_word' id='word_1_582' title='bbox 2572 3613 2834 3684; x_wconf 85' lang='grc' dir='ltr'>ὲνδημίας</span> <span class='ocrx_word' id='word_1_583' title='bbox 2884 3616 2997 3686; x_wconf 86' lang='lat'><strong>(72)</strong></span> <span class='ocrx_word' id='word_1_584' title='bbox 3059 3619 3255 3672; x_wconf 81' lang='grc' dir='ltr'>ἑκατὸν</span> <span class='ocrx_word' id='word_1_585' title='bbox 3312 3622 3633 3695; x_wconf 73' lang='grc' dir='ltr'>ἐνενήκοντα</span> <span class='ocrx_word' id='word_1_586' title='bbox 3670 3621 3807 3674; x_wconf 66' lang='grc' dir='ltr'>ἔτεσιν.</span> 
     </span>
    </p>
   </div>
   <div class='ocr_carea' id='block_1_81' title="bbox 2287 3704 3810 3785">
    <p class='ocr_par' dir='ltr' id='par_1_81' title="bbox 2287 3704 3810 3785">
     <span class='ocr_line' id='line_1_81' title="bbox 2287 3704 3810 3785; baseline 0.01 -29"><span class='ocrx_word' id='word_1_587' title='bbox 2287 3704 2431 3775; x_wconf 81' lang='grc' dir='ltr'>Ἀρα</span> <span class='ocrx_word' id='word_1_588' title='bbox 2465 3704 2597 3773; x_wconf 83' lang='grc' dir='ltr'>γοῦν</span> <span class='ocrx_word' id='word_1_589' title='bbox 2641 3708 2735 3760; x_wconf 76' lang='grc' dir='ltr'>καὶ</span> <span class='ocrx_word' id='word_1_590' title='bbox 2772 3707 2958 3761; x_wconf 78' lang='grc' dir='ltr'><strong>ἔκτοτε</strong></span> <span class='ocrx_word' id='word_1_591' title='bbox 2994 3709 3083 3764; x_wconf 83' lang='grc' dir='ltr'><strong>διὰ</strong></span> <span class='ocrx_word' id='word_1_592' title='bbox 3123 3713 3290 3783; x_wconf 81' lang='grc' dir='ltr'>νόμου</span> <span class='ocrx_word' id='word_1_593' title='bbox 3333 3708 3405 3785; x_wconf 83' lang='grc' dir='ltr'>ἦν</span> <span class='ocrx_word' id='word_1_594' title='bbox 3452 3717 3486 3783; x_wconf 75' lang='grc' dir='ltr'><strong>ἡ</strong></span> <span class='ocrx_word' id='word_1_595' title='bbox 3532 3714 3713 3785; x_wconf 80' lang='grc' dir='ltr'>κλῆσις.</span> <span class='ocrx_word' id='word_1_596' title='bbox 3749 3709 3810 3763; x_wconf 71' lang='grc' dir='ltr'><strong>καὶ</strong></span> 
     </span>
    </p>
   </div>
   <div class='ocr_carea' id='block_1_82' title="bbox 2282 3793 3806 3877">
    <p class='ocr_par' dir='ltr' id='par_1_82' title="bbox 2282 3793 3806 3877">
     <span class='ocr_line' id='line_1_82' title="bbox 2282 3793 3806 3877; baseline 0.005 -30"><span class='ocrx_word' id='word_1_597' title='bbox 2282 3793 2370 3848; x_wconf 74' lang='grc' dir='ltr'><strong>διὰ</strong></span> <span class='ocrx_word' id='word_1_598' title='bbox 2399 3796 2695 3867; x_wconf 73' lang='grc' dir='ltr'>προφητῶν</span> <span class='ocrx_word' id='word_1_599' title='bbox 2737 3798 2800 3851; x_wconf 81' lang='grc' dir='ltr'>τὸ</span> <span class='ocrx_word' id='word_1_600' title='bbox 2833 3799 3001 3865; x_wconf 85' lang='grc' dir='ltr'>ἔλεος,</span> <span class='ocrx_word' id='word_1_601' title='bbox 3053 3804 3147 3855; x_wconf 74' lang='grc' dir='ltr'>καὶ</span> <span class='ocrx_word' id='word_1_602' title='bbox 3195 3805 3534 3877; x_wconf 82' lang='grc' dir='ltr'>πανταχόθεν</span> <span class='ocrx_word' id='word_1_603' title='bbox 3560 3801 3806 3860; x_wconf 78' lang='grc' dir='ltr'>ἐκπίπτειό</span> 
     </span>
    </p>
   </div>
   <div class='ocr_carea' id='block_1_83' title="bbox 2283 3888 2928 3961">
    <p class='ocr_par' dir='ltr' id='par_1_83' title="bbox 2283 3888 2928 3961">
     <span class='ocr_line' id='line_1_83' title="bbox 2283 3888 2928 3961; baseline 0.008 -20"><span class='ocrx_word' id='word_1_604' title='bbox 2283 3888 2389 3956; x_wconf 80' lang='grc' dir='ltr'>ἀγυ</span> <span class='ocrx_word' id='word_1_605' title='bbox 2397 3888 2603 3960; x_wconf 81' lang='grc' dir='ltr'>ρτώδης</span> <span class='ocrx_word' id='word_1_606' title='bbox 2633 3908 2724 3944; x_wconf 91' lang='grc' dir='ltr'><strong>σου</strong></span> <span class='ocrx_word' id='word_1_607' title='bbox 2752 3892 2928 3961; x_wconf 86' lang='grc' dir='ltr'>λόγος.</span> 
     </span>
    </p>
   </div>
   <div class='ocr_carea' id='block_1_84' title="bbox 2354 3981 3807 4061">
    <p class='ocr_par' dir='ltr' id='par_1_84' title="bbox 2354 3981 3807 4061">
     <span class='ocr_line' id='line_1_84' title="bbox 2354 3981 3807 4061; baseline 0.009 -28"><span class='ocrx_word' id='word_1_608' title='bbox 2354 3981 2512 4051; x_wconf 88' lang='grc' dir='ltr'>Σχόλ.</span> <span class='ocrx_word' id='word_1_609' title='bbox 2559 3982 2663 4049; x_wconf 77' lang='grc' dir='ltr'><strong>κζ’.</strong></span> <span class='ocrx_word' id='word_1_610' title='bbox 2712 3984 2857 4038; x_wconf 76' lang='grc' dir='ltr'><strong>Οὐαὶ</strong></span> <span class='ocrx_word' id='word_1_611' title='bbox 2910 3985 3073 4055; x_wconf 80' lang='grc' dir='ltr'>ὑμῖν,</span> <span class='ocrx_word' id='word_1_612' title='bbox 3119 3987 3209 4042; x_wconf 88' lang='grc' dir='ltr'><strong>ὅτι</strong></span> <span class='ocrx_word' id='word_1_613' title='bbox 3236 3991 3601 4061; x_wconf 72' lang='grc' dir='ltr'><strong>οἰκοδομεῖτε</strong></span> <span class='ocrx_word' id='word_1_614' title='bbox 3624 3991 3686 4045; x_wconf 78' lang='grc' dir='ltr'>τὰ</span> <span class='ocrx_word' id='word_1_615' title='bbox 3704 4002 3807 4057; x_wconf 71' lang='grc' dir='ltr'>μνι-</span> 
     </span>
    </p>
   </div>
   <div class='ocr_carea' id='block_1_85' title="bbox 2278 4072 3807 4153">
    <p class='ocr_par' dir='ltr' id='par_1_85' title="bbox 2278 4072 3807 4153">
     <span class='ocr_line' id='line_1_85' title="bbox 2278 4072 3807 4153; baseline 0.006 -29"><span class='ocrx_word' id='word_1_616' title='bbox 2278 4072 2416 4140; x_wconf 80' lang='grc' dir='ltr'>μεῖα</span> <span class='ocrx_word' id='word_1_617' title='bbox 2460 4072 2578 4127; x_wconf 82' lang='grc' dir='ltr'><strong>τῶν</strong></span> <span class='ocrx_word' id='word_1_618' title='bbox 2619 4073 2962 4145; x_wconf 66' lang='grc' dir='ltr'>προφητῶν,</span> <span class='ocrx_word' id='word_1_619' title='bbox 3017 4079 3117 4133; x_wconf 74' lang='grc' dir='ltr'>καὶ</span> <span class='ocrx_word' id='word_1_620' title='bbox 3152 4084 3206 4134; x_wconf 83' lang='grc' dir='ltr'><strong>οι</strong></span> <span class='ocrx_word' id='word_1_621' title='bbox 3247 4083 3495 4152; x_wconf 76' lang='grc' dir='ltr'>πατέρες</span> <span class='ocrx_word' id='word_1_622' title='bbox 3563 4081 3706 4153; x_wconf 75' lang='grc' dir='ltr'>ὑμῶν</span> <span class='ocrx_word' id='word_1_623' title='bbox 3738 4077 3807 4133; x_wconf 67' lang='grc' dir='ltr'><strong>ἀρτ-</strong></span> 
     </span>
    </p>
   </div>
   <div class='ocr_carea' id='block_1_86' title="bbox 2284 4160 2825 4234">
    <p class='ocr_par' dir='ltr' id='par_1_86' title="bbox 2284 4160 2825 4234">
     <span class='ocr_line' id='line_1_86' title="bbox 2284 4160 2825 4234; baseline 0.013 -19"><span class='ocrx_word' id='word_1_624' title='bbox 2284 4160 2559 4218; x_wconf 78' lang='grc' dir='ltr'>έκτειναν</span> <span class='ocrx_word' id='word_1_625' title='bbox 2585 4168 2825 4234; x_wconf 81' lang='grc' dir='ltr'>αὐτούς.</span> 
     </span>
    </p>
   </div>
   <div class='ocr_carea' id='block_1_87' title="bbox 2361 4257 3805 4337">
    <p class='ocr_par' dir='ltr' id='par_1_87' title="bbox 2361 4257 3805 4337">
     <span class='ocr_line' id='line_1_87' title="bbox 2361 4257 3805 4337; baseline 0.011 -28"><span class='ocrx_word' id='word_1_626' title='bbox 2361 4257 2580 4329; x_wconf 85' lang='grc' dir='ltr'>Ἔλεγχ.</span> <span class='ocrx_word' id='word_1_627' title='bbox 2614 4259 2714 4324; x_wconf 73' lang='grc' dir='ltr'><strong>κζ’.</strong></span> <span class='ocrx_word' id='word_1_628' title='bbox 2742 4263 2805 4315; x_wconf 81' lang='grc' dir='ltr'><strong>Εἰ</strong></span> <span class='ocrx_word' id='word_1_629' title='bbox 2832 4263 2943 4317; x_wconf 89' lang='grc' dir='ltr'><strong>τῶν</strong></span> <span class='ocrx_word' id='word_1_630' title='bbox 2985 4265 3283 4337; x_wconf 82' lang='grc' dir='ltr'>προφητῶν</span> <span class='ocrx_word' id='word_1_631' title='bbox 3327 4269 3562 4321; x_wconf 83' lang='grc' dir='ltr'>ποιεῖται</span> <span class='ocrx_word' id='word_1_632' title='bbox 3590 4267 3677 4336; x_wconf 69' lang='grc' dir='ltr'>τὴν</span> <span class='ocrx_word' id='word_1_633' title='bbox 3698 4277 3805 4334; x_wconf 77' lang='grc' dir='ltr'>φρον-</span> 
     </span>
    </p>
   </div>
   <div class='ocr_carea' id='block_1_88' title="bbox 2285 4345 3806 4421">
    <p class='ocr_par' dir='ltr' id='par_1_88' title="bbox 2285 4345 3806 4421">
     <span class='ocr_line' id='line_1_88' title="bbox 2285 4345 3806 4421; baseline 0.01 -24"><span class='ocrx_word' id='word_1_634' title='bbox 2285 4345 2426 4406; x_wconf 83' lang='grc' dir='ltr'>τίδα,</span> <span class='ocrx_word' id='word_1_635' title='bbox 2452 4349 2578 4412; x_wconf 75' lang='grc' dir='ltr'>τοὺς</span> <span class='ocrx_word' id='word_1_636' title='bbox 2619 4351 3049 4419; x_wconf 83' lang='grc' dir='ltr'>ἀποκτείναντας</span> <span class='ocrx_word' id='word_1_637' title='bbox 3103 4356 3418 4420; x_wconf 78' lang='grc' dir='ltr'>ὀνειδίζων.</span> <span class='ocrx_word' id='word_1_638' title='bbox 3467 4358 3564 4411; x_wconf 86' lang='grc' dir='ltr'>οὐκ</span> <span class='ocrx_word' id='word_1_639' title='bbox 3606 4353 3806 4421; x_wconf 69' lang='grc' dir='ltr'><strong>ἀλλότρια</strong></span> 
     </span>
    </p>
   </div>
   <div class='ocr_carea' id='block_1_89' title="bbox 582 4429 2171 4535">
    <p class='ocr_par' dir='ltr' id='par_1_89' title="bbox 582 4429 2171 4500">
     <span class='ocr_line' id='line_1_89' title="bbox 582 4429 2171 4500; baseline 0.003 -14"><span class='ocrx_word' id='word_1_640' title='bbox 582 4430 900 4500; x_wconf 74' lang='lat' dir='ltr'><strong>exprobret,</strong></span> <span class='ocrx_word' id='word_1_641' title='bbox 932 4436 1163 4499; x_wconf 87' lang='lat' dir='ltr'><strong>apparet</strong></span> <span class='ocrx_word' id='word_1_642' title='bbox 1192 4429 1419 4483; x_wconf 89' lang='lat' dir='ltr'><strong>minime</strong></span> <span class='ocrx_word' id='word_1_643' title='bbox 1441 4429 1513 4484; x_wconf 90' lang='lat' dir='ltr'><strong>ab</strong></span> <span class='ocrx_word' id='word_1_644' title='bbox 1540 4444 1609 4485; x_wconf 88' lang='lat' dir='ltr'><strong>eo</strong></span> <span class='ocrx_word' id='word_1_645' title='bbox 1632 4431 1842 4487; x_wconf 87' lang='lat' dir='ltr'><strong>alienos</strong></span> <span class='ocrx_word' id='word_1_646' title='bbox 1874 4436 2171 4499; x_wconf 77' lang='lat' dir='ltr'><strong>exstitisse,</strong></span> 
     </span>
    </p>
   </div>
   <div class='ocr_carea' id='block_1_90' title="bbox 2279 4429 3805 4535">
    <p class='ocr_par' dir='ltr' id='par_1_90' title="bbox 2286 4434 3805 4518">
     <span class='ocr_line' id='line_1_90' title="bbox 2286 4434 3805 4518; baseline 0.008 -28"><span class='ocrx_word' id='word_1_647' title='bbox 2286 4437 2453 4491; x_wconf 79' lang='grc' dir='ltr'>αὐτοῦ</span> <span class='ocrx_word' id='word_1_648' title='bbox 2482 4434 2622 4511; x_wconf 79' lang='grc' dir='ltr'>ἦσαν</span> <span class='ocrx_word' id='word_1_649' title='bbox 2648 4444 2697 4496; x_wconf 84' lang='lat' dir='ltr'><strong>oi</strong></span> <span class='ocrx_word' id='word_1_650' title='bbox 2740 4445 3016 4515; x_wconf 75' lang='grc' dir='ltr'>προφῆται</span> <span class='ocrx_word' id='word_1_651' title='bbox 3044 4490 3059 4513; x_wconf 87' lang='grc'><strong>,</strong></span> <span class='ocrx_word' id='word_1_652' title='bbox 3088 4447 3225 4501; x_wconf 78' lang='grc' dir='ltr'>ἀλλὰ</span> <span class='ocrx_word' id='word_1_653' title='bbox 3265 4449 3465 4514; x_wconf 74' lang='grc' dir='ltr'>δοῦλοι,</span> <span class='ocrx_word' id='word_1_654' title='bbox 3510 4451 3600 4503; x_wconf 80' lang='grc' dir='ltr'>καὶ</span> <span class='ocrx_word' id='word_1_655' title='bbox 3625 4459 3805 4518; x_wconf 72' lang='grc' dir='ltr'>προετοι-</span> 
     </span>
    </p>
   </div>
   <div class='ocr_carea' id='block_1_91' title="bbox 584 4521 2171 4609">
    <p class='ocr_par' dir='ltr' id='par_1_91' title="bbox 584 4521 2171 4594">
     <span class='ocr_line' id='line_1_91' title="bbox 584 4521 2171 4594; baseline 0.002 -14"><span class='ocrx_word' id='word_1_656' title='bbox 584 4524 680 4580; x_wconf 88' lang='lat' dir='ltr'><strong>sed</strong></span> <span class='ocrx_word' id='word_1_657' title='bbox 712 4538 923 4586; x_wconf 90' lang='lat' dir='ltr'><strong>servos,</strong></span> <span class='ocrx_word' id='word_1_658' title='bbox 960 4523 1054 4591; x_wconf 88' lang='lat' dir='ltr'><strong>qui</strong></span> <span class='ocrx_word' id='word_1_659' title='bbox 1078 4528 1133 4576; x_wconf 90' lang='lat' dir='ltr'><strong>et</strong></span> <span class='ocrx_word' id='word_1_660' title='bbox 1158 4521 1471 4577; x_wconf 87' lang='lat' dir='ltr'><strong>advenienti</strong></span> <span class='ocrx_word' id='word_1_661' title='bbox 1502 4521 1581 4576; x_wconf 90' lang='lat' dir='ltr'><strong>illi</strong></span> <span class='ocrx_word' id='word_1_662' title='bbox 1605 4523 1745 4577; x_wconf 88' lang='lat' dir='ltr'><strong>viam</strong></span> <span class='ocrx_word' id='word_1_663' title='bbox 1771 4525 2171 4594; x_wconf 85' lang='lat' dir='ltr'><strong>quodammodo</strong></span> 
     </span>
    </p>
   </div>
   <div class='ocr_carea' id='block_1_92' title="bbox 2279 4521 3805 4609">
    <p class='ocr_par' dir='ltr' id='par_1_92' title="bbox 2290 4530 3805 4609">
     <span class='ocr_line' id='line_1_92' title="bbox 2290 4530 3805 4609; baseline 0.008 -29"><span class='ocrx_word' id='word_1_664' title='bbox 2290 4530 2493 4598; x_wconf 80' lang='grc' dir='ltr'>μασταὶ</span> <span class='ocrx_word' id='word_1_665' title='bbox 2514 4532 2611 4601; x_wconf 79' lang='grc' dir='ltr'>τῆς</span> <span class='ocrx_word' id='word_1_666' title='bbox 2641 4533 2908 4606; x_wconf 82' lang='grc' dir='ltr'>ὲνσάρκου</span> <span class='ocrx_word' id='word_1_667' title='bbox 2938 4536 3103 4589; x_wconf 80' lang='grc' dir='ltr'>αὑτοῦ</span> <span class='ocrx_word' id='word_1_668' title='bbox 3129 4539 3453 4609; x_wconf 83' lang='grc' dir='ltr'>παρουσίας,</span> <span class='ocrx_word' id='word_1_669' title='bbox 3481 4542 3528 4592; x_wconf 87' lang='grc' dir='ltr'><strong>οἱ</strong></span> <span class='ocrx_word' id='word_1_670' title='bbox 3556 4538 3640 4592; x_wconf 76' lang='grc' dir='ltr'><strong>καὶ</strong></span> <span class='ocrx_word' id='word_1_671' title='bbox 3659 4550 3805 4607; x_wconf 57' lang='lat' dir='ltr'><strong>papr-</strong></span> 
     </span>
    </p>
   </div>
   <div class='ocr_carea' id='block_1_93' title="bbox 587 4610 2178 4678">
    <p class='ocr_par' dir='ltr' id='par_1_93' title="bbox 587 4610 2178 4678">
     <span class='ocr_line' id='line_1_93' title="bbox 587 4610 2178 4678; baseline 0.004 -11"><span class='ocrx_word' id='word_1_672' title='bbox 587 4614 914 4678; x_wconf 86' lang='lat' dir='ltr'><strong>munierint,</strong></span> <span class='ocrx_word' id='word_1_673' title='bbox 940 4620 995 4667; x_wconf 88' lang='lat' dir='ltr'><strong>et</strong></span> <span class='ocrx_word' id='word_1_674' title='bbox 1018 4610 1171 4668; x_wconf 79' lang='lat' dir='ltr'><strong>Novo</strong></span> <span class='ocrx_word' id='word_1_675' title='bbox 1201 4612 1558 4669; x_wconf 78' lang='lat' dir='ltr'><strong>Testamento</strong></span> <span class='ocrx_word' id='word_1_676' title='bbox 1591 4617 1907 4672; x_wconf 87' lang='lat' dir='ltr'><strong>testimonio</strong></span> <span class='ocrx_word' id='word_1_677' title='bbox 1933 4635 2037 4674; x_wconf 91' lang='lat' dir='ltr'><strong>suo</strong></span> <span class='ocrx_word' id='word_1_678' title='bbox 2064 4621 2178 4675; x_wconf 79' lang='lat' dir='ltr'><strong>suf-</strong></span> 
     </span>
    </p>
   </div>
   <div class='ocr_carea' id='block_1_94' title="bbox 589 4707 2181 4782">
    <p class='ocr_par' dir='ltr' id='par_1_94' title="bbox 589 4707 2181 4782">
     <span class='ocr_line' id='line_1_94' title="bbox 589 4707 2181 4782; baseline 0.006 -23"><span class='ocrx_word' id='word_1_679' title='bbox 589 4707 784 4777; x_wconf 79' lang='lat' dir='ltr'><strong>fragati</strong></span> <span class='ocrx_word' id='word_1_680' title='bbox 834 4707 1059 4762; x_wconf 83' lang='lat' dir='ltr'><strong>fuerint.</strong></span> <span class='ocrx_word' id='word_1_681' title='bbox 1090 4707 1248 4773; x_wconf 86' lang='lat' dir='ltr'><strong>Quod</strong></span> <span class='ocrx_word' id='word_1_682' title='bbox 1292 4707 1507 4777; x_wconf 82' lang='lat' dir='ltr'><strong>Moyses</strong></span> <span class='ocrx_word' id='word_1_683' title='bbox 1548 4709 1637 4763; x_wconf 89' lang='lat' dir='ltr'><strong>bis</strong></span> <span class='ocrx_word' id='word_1_684' title='bbox 1680 4711 1952 4782; x_wconf 66' lang='lat' dir='ltr'><strong>praecipue</strong></span> <span class='ocrx_word' id='word_1_685' title='bbox 1996 4714 2181 4769; x_wconf 85' lang='lat' dir='ltr'><strong>verbis</strong></span> 
     </span>
    </p>
   </div>
   <div class='ocr_carea' id='block_1_95' title="bbox 587 4799 2177 4869">
    <p class='ocr_par' dir='ltr' id='par_1_95' title="bbox 587 4799 2177 4869">
     <span class='ocr_line' id='line_1_95' title="bbox 587 4799 2177 4869; baseline 0.005 -18"><span class='ocrx_word' id='word_1_686' title='bbox 587 4800 882 4869; x_wconf 68' lang='lat' dir='ltr'><strong>prmstitit:</strong></span> <span class='ocrx_word' id='word_1_687' title='bbox 918 4799 1239 4869; x_wconf 71' lang='lat' dir='ltr'><strong>Prop/letam</strong></span> <span class='ocrx_word' id='word_1_688' title='bbox 1270 4804 1415 4856; x_wconf 79' lang='lat' dir='ltr'><strong>vobis</strong></span> <span class='ocrx_word' id='word_1_689' title='bbox 1437 4802 1718 4857; x_wconf 83' lang='lat' dir='ltr'><strong>suscitabit</strong></span> <span class='ocrx_word' id='word_1_690' title='bbox 1748 4804 2003 4858; x_wconf 84' lang='lat' dir='ltr'><strong>Dominus</strong></span> <span class='ocrx_word' id='word_1_691' title='bbox 2036 4806 2177 4859; x_wconf 76' lang='lat' dir='ltr'><strong>Deus</strong></span> 
     </span>
    </p>
   </div>
   <div class='ocr_carea' id='block_1_96' title="bbox 584 4886 2176 4966">
    <p class='ocr_par' dir='ltr' id='par_1_96' title="bbox 584 4886 2176 4966">
     <span class='ocr_line' id='line_1_96' title="bbox 584 4886 2176 4966; baseline 0.004 -24"><span class='ocrx_word' id='word_1_692' title='bbox 584 4904 612 4942; x_wconf 78' lang='grc' dir='ltr'><strong>ε</strong></span> <span class='ocrx_word' id='word_1_693' title='bbox 639 4886 900 4958; x_wconf 75' lang='lat' dir='ltr'><strong>fratribus</strong></span> <span class='ocrx_word' id='word_1_694' title='bbox 934 4891 1121 4945; x_wconf 80' lang='lat' dir='ltr'><strong>vestris</strong></span> <span class='ocrx_word' id='word_1_695' title='bbox 1162 4891 1298 4945; x_wconf 87' lang='lat' dir='ltr'><strong>sicut</strong></span> <span class='ocrx_word' id='word_1_696' title='bbox 1338 4909 1419 4946; x_wconf 87' lang='lat' dir='ltr'><strong>me</strong></span> <span class='ocrx_word' id='word_1_697' title='bbox 1454 4896 1493 4946; x_wconf 78' lang='lat'><strong>’.</strong></span> <span class='ocrx_word' id='word_1_698' title='bbox 1532 4892 1637 4948; x_wconf 88' lang='lat' dir='ltr'><strong>Sed</strong></span> <span class='ocrx_word' id='word_1_699' title='bbox 1692 4901 1746 4948; x_wconf 84' lang='lat' dir='ltr'><strong>et</strong></span> <span class='ocrx_word' id='word_1_700' title='bbox 1791 4903 1918 4949; x_wconf 87' lang='lat' dir='ltr'><strong>ante</strong></span> <span class='ocrx_word' id='word_1_701' title='bbox 1955 4894 2176 4966; x_wconf 82' lang='lat' dir='ltr'><strong>Moysen</strong></span> 
     </span>
    </p>
   </div>
   <div class='ocr_carea' id='block_1_97' title="bbox 582 4979 2177 5057">
    <p class='ocr_par' dir='ltr' id='par_1_97' title="bbox 582 4979 2177 5057">
     <span class='ocr_line' id='line_1_97' title="bbox 582 4979 2177 5057; baseline 0.006 -22"><span class='ocrx_word' id='word_1_702' title='bbox 582 4979 775 5046; x_wconf 80' lang='lat' dir='ltr'><strong>Jacob,</strong></span> <span class='ocrx_word' id='word_1_703' title='bbox 804 4982 933 5036; x_wconf 89' lang='lat' dir='ltr'><strong>dum</strong></span> <span class='ocrx_word' id='word_1_704' title='bbox 986 4984 1060 5037; x_wconf 89' lang='lat' dir='ltr'><strong>ita</strong></span> <span class='ocrx_word' id='word_1_705' title='bbox 1091 4984 1331 5055; x_wconf 81' lang='lat' dir='ltr'><strong>loquitur</strong></span> <span class='ocrx_word' id='word_1_706' title='bbox 1357 5005 1370 5041; x_wconf 88' lang='lat'><strong>:</strong></span> <span class='ocrx_word' id='word_1_707' title='bbox 1400 4984 1444 5040; x_wconf 85' lang='lat' dir='ltr'><em>E</em></span> <span class='ocrx_word' id='word_1_708' title='bbox 1486 4987 1739 5057; x_wconf 78' lang='lat' dir='ltr'><strong>germine,</strong></span> <span class='ocrx_word' id='word_1_709' title='bbox 1776 4989 1858 5057; x_wconf 76' lang='lat' dir='ltr'><strong>ﬁli</strong></span> <span class='ocrx_word' id='word_1_710' title='bbox 1907 4990 1979 5041; x_wconf 88' lang='lat' dir='ltr'><strong>mi</strong></span> <span class='ocrx_word' id='word_1_711' title='bbox 2004 4987 2177 5056; x_wconf 71' lang='lat' dir='ltr'><strong>Iuda,</strong></span> 
     </span>
    </p>
   </div>
   <div class='ocr_carea' id='block_1_98' title="bbox 2290 4624 3802 4705">
    <p class='ocr_par' dir='ltr' id='par_1_98' title="bbox 2290 4624 3802 4705">
     <span class='ocr_line' id='line_1_98' title="bbox 2290 4624 3802 4705; baseline 0.002 -31"><span class='ocrx_word' id='word_1_712' title='bbox 2290 4624 2557 4692; x_wconf 73' lang='grc' dir='ltr'>ρὴσαντες</span> <span class='ocrx_word' id='word_1_713' title='bbox 2601 4627 2667 4697; x_wconf 80' lang='grc' dir='ltr'>τῇ</span> <span class='ocrx_word' id='word_1_714' title='bbox 2706 4627 2881 4699; x_wconf 84' lang='grc' dir='ltr'>Καινῇ</span> <span class='ocrx_word' id='word_1_715' title='bbox 2929 4630 3199 4705; x_wconf 78' lang='grc' dir='ltr'>Διαθήκῃ·</span> <span class='ocrx_word' id='word_1_716' title='bbox 3246 4633 3492 4702; x_wconf 79' lang='grc' dir='ltr'>Μωῦσῆς</span> <span class='ocrx_word' id='word_1_717' title='bbox 3530 4633 3621 4702; x_wconf 81' lang='grc' dir='ltr'>μὲν</span> <span class='ocrx_word' id='word_1_718' title='bbox 3654 4628 3802 4694; x_wconf 75' lang='grc' dir='ltr'>λέγων·</span> 
     </span>
    </p>
   </div>
   <div class='ocr_carea' id='block_1_99' title="bbox 2278 4713 3807 4791">
    <p class='ocr_par' dir='ltr' id='par_1_99' title="bbox 2278 4713 3807 4791">
     <span class='ocr_line' id='line_1_99' title="bbox 2278 4713 3807 4791; baseline 0.007 -25"><span class='ocrx_word' id='word_1_719' title='bbox 2278 4713 2604 4784; x_wconf 64' lang='grc' dir='ltr'>Προφήτην</span> <span class='ocrx_word' id='word_1_720' title='bbox 2624 4716 2765 4786; x_wconf 80' lang='grc' dir='ltr'><strong>ὑμῖν</strong></span> <span class='ocrx_word' id='word_1_721' title='bbox 2800 4720 3136 4786; x_wconf 67' lang='grc' dir='ltr'>ἀναστήσει</span> <span class='ocrx_word' id='word_1_722' title='bbox 3177 4726 3394 4791; x_wconf 77' lang='grc' dir='ltr'>Κύριος</span> <span class='ocrx_word' id='word_1_723' title='bbox 3420 4729 3453 4779; x_wconf 87' lang='grc' dir='ltr'><em>ό</em></span> <span class='ocrx_word' id='word_1_724' title='bbox 3480 4726 3619 4790; x_wconf 80' lang='grc' dir='ltr'>Θεὸς</span> <span class='ocrx_word' id='word_1_725' title='bbox 3648 4722 3705 4775; x_wconf 80' lang='grc' dir='ltr'>ἐκ</span> <span class='ocrx_word' id='word_1_726' title='bbox 3725 4713 3807 4771; x_wconf 73' lang='grc' dir='ltr'><strong>τῶν</strong></span> 
     </span>
    </p>
   </div>
   <div class='ocr_carea' id='block_1_100' title="bbox 2278 4800 3804 4885">
    <p class='ocr_par' dir='ltr' id='par_1_100' title="bbox 2278 4800 3804 4885">
     <span class='ocr_line' id='line_1_100' title="bbox 2278 4800 3804 4885; baseline -0.002 -27"><span class='ocrx_word' id='word_1_727' title='bbox 2278 4805 2562 4875; x_wconf 61' lang='grc' dir='ltr'>ἀδελφῶν</span> <span class='ocrx_word' id='word_1_728' title='bbox 2614 4807 2805 4877; x_wconf 81' lang='grc' dir='ltr'>ὑμῶν,</span> <span class='ocrx_word' id='word_1_729' title='bbox 2848 4810 2930 4876; x_wconf 84' lang='grc' dir='ltr'>ὡς</span> <span class='ocrx_word' id='word_1_730' title='bbox 2972 4811 3095 4881; x_wconf 81' lang='grc' dir='ltr'><strong>ἐμέ.</strong></span> <span class='ocrx_word' id='word_1_731' title='bbox 3138 4814 3249 4866; x_wconf 82' lang='grc' dir='ltr'><strong>Καὶ</strong></span> <span class='ocrx_word' id='word_1_732' title='bbox 3312 4815 3417 4885; x_wconf 80' lang='grc' dir='ltr'>πρὸ</span> <span class='ocrx_word' id='word_1_733' title='bbox 3466 4812 3623 4867; x_wconf 84' lang='grc' dir='ltr'>αὑτοῦ</span> <span class='ocrx_word' id='word_1_734' title='bbox 3666 4800 3804 4861; x_wconf 69' lang='grc' dir='ltr'>Ἰακὼϐ</span> 
     </span>
    </p>
   </div>
   <div class='ocr_carea' id='block_1_101' title="bbox 2278 4897 3802 4975">
    <p class='ocr_par' dir='ltr' id='par_1_101' title="bbox 2278 4897 3802 4975">
     <span class='ocr_line' id='line_1_101' title="bbox 2278 4897 3802 4975; baseline -0.012 -7"><span class='ocrx_word' id='word_1_735' title='bbox 2278 4898 2488 4967; x_wconf 78' lang='grc' dir='ltr'>λέγων·</span> <span class='ocrx_word' id='word_1_736' title='bbox 2527 4900 2623 4954; x_wconf 74' lang='grc' dir='ltr'><strong>Ἐκ</strong></span> <span class='ocrx_word' id='word_1_737' title='bbox 2674 4902 2993 4969; x_wconf 76' lang='grc' dir='ltr'>βλαστοῦ,</span> <span class='ocrx_word' id='word_1_738' title='bbox 3057 4905 3145 4959; x_wconf 79' lang='grc' dir='ltr'><strong><em>υἰέ</em></strong></span> <span class='ocrx_word' id='word_1_739' title='bbox 3192 4924 3314 4975; x_wconf 80' lang='grc' dir='ltr'>μου</span> <span class='ocrx_word' id='word_1_740' title='bbox 3356 4906 3571 4968; x_wconf 78' lang='grc' dir='ltr'>Ἰούδα,</span> <span class='ocrx_word' id='word_1_741' title='bbox 3624 4897 3802 4961; x_wconf 64' lang='grc' dir='ltr'><strong>ἀνέῦης.</strong></span> 
     </span>
    </p>
   </div>
   <div class='ocr_carea' id='block_1_102' title="bbox 2277 4984 3804 5067">
    <p class='ocr_par' dir='ltr' id='par_1_102' title="bbox 2277 4984 3804 5067">
     <span class='ocr_line' id='line_1_102' title="bbox 2277 4984 3804 5067; baseline -0.002 -19"><span class='ocrx_word' id='word_1_742' title='bbox 2277 4992 2607 5048; x_wconf 70' lang='grc' dir='ltr'>ἀναπεσὼν</span> <span class='ocrx_word' id='word_1_743' title='bbox 2663 4994 3010 5065; x_wconf 79' lang='grc' dir='ltr'>ἐκοιμήθης.</span> <span class='ocrx_word' id='word_1_744' title='bbox 3056 4999 3179 5051; x_wconf 83' lang='grc' dir='ltr'><strong>Οὐκ</strong></span> <span class='ocrx_word' id='word_1_745' title='bbox 3233 4999 3499 5067; x_wconf 65' lang='grc' dir='ltr'>ἐκλείψει</span> <span class='ocrx_word' id='word_1_746' title='bbox 3553 4996 3725 5064; x_wconf 77' lang='grc' dir='ltr'>ἅρχων</span> <span class='ocrx_word' id='word_1_747' title='bbox 3759 4984 3804 5045; x_wconf 79' lang='grc' dir='ltr'><strong>ἐξ</strong></span> 
     </span>
    </p>
   </div>
   <div class='ocr_carea' id='block_1_103' title="bbox 655 5205 2171 5332">
    <p class='ocr_par' dir='ltr' id='par_1_103' title="bbox 655 5205 2171 5332">
     <span class='ocr_line' id='line_1_103' title="bbox 655 5205 2171 5330; baseline 0.004 -70"><span class='ocrx_word' id='word_1_748' title='bbox 655 5210 671 5242; x_wconf 76' lang='grc' dir='ltr'>ί</span> <span class='ocrx_word' id='word_1_749' title='bbox 705 5206 837 5262; x_wconf 87' lang='lat' dir='ltr'><strong>Luc.</strong></span> <span class='ocrx_word' id='word_1_750' title='bbox 863 5224 943 5272; x_wconf 65' lang='grc' dir='ltr'>χι,</span> <span class='ocrx_word' id='word_1_751' title='bbox 972 5206 1061 5261; x_wconf 81' lang='grc'><strong>15.</strong></span> <span class='ocrx_word' id='word_1_752' title='bbox 1163 5208 1184 5239; x_wconf 77' lang='grc'>⁸</span> <span class='ocrx_word' id='word_1_753' title='bbox 1215 5205 1280 5261; x_wconf 87' lang='grc'><strong>111</strong></span> <span class='ocrx_word' id='word_1_754' title='bbox 1311 5205 1442 5330; x_wconf 59' lang='grc' dir='ltr'><strong>Βεῇ</strong></span> <span class='ocrx_word' id='word_1_755' title='bbox 1475 5223 1633 5269; x_wconf 75' lang='lat' dir='ltr'><strong>xvm.</strong></span> <span class='ocrx_word' id='word_1_756' title='bbox 1669 5208 1761 5264; x_wconf 83' lang='lat'><strong>58.</strong></span> <span class='ocrx_word' id='word_1_757' title='bbox 1839 5209 1860 5240; x_wconf 87' lang='grc'>³</span> <span class='ocrx_word' id='word_1_758' title='bbox 1893 5208 2060 5263; x_wconf 73' lang='lat' dir='ltr'><strong>Exod.</strong></span> <span class='ocrx_word' id='word_1_759' title='bbox 2088 5227 2171 5266; x_wconf 73' lang='lat' dir='ltr'><strong>1m</strong></span> 
     </span>
     <span class='ocr_line' id='line_1_104' title="bbox 655 5276 2171 5332; baseline 0 0"><span class='ocrx_word' id='word_1_760' title='bbox 655 5282 765 5332; x_wconf 69' lang='lat' dir='ltr'><strong>hid‘.</strong></span> <span class='ocrx_word' id='word_1_761' title='bbox 799 5278 890 5332; x_wconf 65' lang='lat'><strong>42.</strong></span> <span class='ocrx_word' id='word_1_762' title='bbox 965 5280 987 5311; x_wconf 85' lang='grc'><strong><em>⁸</em></strong></span> <span class='ocrx_word' id='word_1_763' title='bbox 1019 5276 1152 5332; x_wconf 88' lang='lat' dir='ltr'><strong>ibid.</strong></span> <span class='ocrx_word' id='word_1_764' title='bbox 1179 5278 1271 5332; x_wconf 71' lang='grc' dir='ltr'><strong>Π.</strong></span> <span class='ocrx_word' id='word_1_765' title='bbox 1347 5277 1368 5308; x_wconf 83' lang='grc'><strong><em>⁹</em></strong></span> <span class='ocrx_word' id='word_1_766' title='bbox 1443 5287 1554 5332; x_wconf 84' lang='lat' dir='ltr'><strong>eui.</strong></span> <span class='ocrx_word' id='word_1_767' title='bbox 1588 5296 1740 5332; x_wconf 77' lang='lat' dir='ltr'><strong>xvttt.</strong></span> <span class='ocrx_word' id='word_1_768' title='bbox 1779 5280 1868 5332; x_wconf 76' lang='grc'><strong>15.</strong></span> <span class='ocrx_word' id='word_1_769' title='bbox 1945 5282 1987 5312; x_wconf 84' lang='grc'><strong>¹⁰</strong></span> <span class='ocrx_word' id='word_1_770' title='bbox 2017 5280 2171 5332; x_wconf 87' lang='lat' dir='ltr'><strong>Deest</strong></span> 
     </span>
    </p>
   </div>
   <div class='ocr_carea' id='block_1_104' title="bbox 2279 5205 3799 5332">
    <p class='ocr_par' dir='ltr' id='par_1_104' title="bbox 2279 5209 3799 5332">
     <span class='ocr_line' id='line_1_105' title="bbox 2279 5209 3799 5283; baseline 0.004 -17"><span class='ocrx_word' id='word_1_771' title='bbox 2279 5213 2322 5267; x_wconf 93' lang='lat' dir='ltr'><strong>I.</strong></span> <span class='ocrx_word' id='word_1_772' title='bbox 2400 5213 2422 5243; x_wconf 71' lang='grc'>⁸</span> <span class='ocrx_word' id='word_1_773' title='bbox 2445 5212 2605 5269; x_wconf 80' lang='lat' dir='ltr'><strong>Num.</strong></span> <span class='ocrx_word' id='word_1_774' title='bbox 2639 5231 2733 5277; x_wconf 73' lang='lat' dir='ltr'><strong>xx,</strong></span> <span class='ocrx_word' id='word_1_775' title='bbox 2770 5217 2854 5271; x_wconf 91' lang='lat'><strong>1|.</strong></span> <span class='ocrx_word' id='word_1_776' title='bbox 2932 5217 2954 5247; x_wconf 86' lang='lat'><strong>&#39;</strong></span> <span class='ocrx_word' id='word_1_777' title='bbox 2985 5216 3158 5272; x_wconf 74' lang='lat' dir='ltr'><strong>Exod.</strong></span> <span class='ocrx_word' id='word_1_778' title='bbox 3187 5233 3301 5283; x_wconf 80' lang='lat' dir='ltr'><strong>xvi,</strong></span> <span class='ocrx_word' id='word_1_779' title='bbox 3334 5219 3418 5274; x_wconf 68' lang='lat'><strong>11.</strong></span> <span class='ocrx_word' id='word_1_780' title='bbox 3493 5217 3643 5272; x_wconf 82' lang='lat' dir='ltr'><strong>‘Jos.</strong></span> <span class='ocrx_word' id='word_1_781' title='bbox 3674 5209 3799 5275; x_wconf 57' lang='lat'><strong>3,19-</strong></span> 
     </span>
     <span class='ocr_line' id='line_1_106' title="bbox 2279 5284 2883 5332; baseline 0 0"><span class='ocrx_word' id='word_1_782' title='bbox 2279 5327 2285 5332; x_wconf 94' lang='lat'><strong>.</strong></span> <span class='ocrx_word' id='word_1_783' title='bbox 2367 5285 2406 5315; x_wconf 78' lang='grc'>¹¹</span> <span class='ocrx_word' id='word_1_784' title='bbox 2443 5284 2567 5332; x_wconf 76' lang='lat' dir='ltr'><strong>Fur-</strong></span> <span class='ocrx_word' id='word_1_785' title='bbox 2609 5286 2883 5332; x_wconf 59' lang='lat' dir='ltr'><strong>Et&#39;)0+6£tt-</strong></span> 
     </span>
    </p>
   </div>
   <div class='ocr_carea' id='block_1_105' title="bbox 631 5276 1368 5337">
    <p class='ocr_par' dir='ltr' id='par_1_105' title="bbox 631 5276 1368 5337">
     <span class='ocr_line' id='line_1_107' title="bbox 631 5276 1368 5337; baseline -0.007 -2"><span class='ocrx_word' id='word_1_786' title='bbox 631 5282 765 5337; x_wconf 57' lang='lat' dir='ltr'><strong>ibid‘.</strong></span> <span class='ocrx_word' id='word_1_787' title='bbox 799 5278 890 5334; x_wconf 65' lang='lat'><strong>42.</strong></span> <span class='ocrx_word' id='word_1_788' title='bbox 965 5280 987 5311; x_wconf 85' lang='grc'><strong><em>⁸</em></strong></span> <span class='ocrx_word' id='word_1_789' title='bbox 1019 5276 1152 5333; x_wconf 87' lang='lat' dir='ltr'><strong>ibid.</strong></span> <span class='ocrx_word' id='word_1_790' title='bbox 1179 5278 1271 5332; x_wconf 71' lang='grc' dir='ltr'><strong>Π.</strong></span> <span class='ocrx_word' id='word_1_791' title='bbox 1347 5277 1368 5308; x_wconf 77' lang='grc'>⁸</span> 
     </span>
    </p>
   </div>
   <div class='ocr_carea' id='block_1_106' title="bbox 659 5477 2175 5553">
    <p class='ocr_par' dir='ltr' id='par_1_106' title="bbox 659 5477 2175 5553">
     <span class='ocr_line' id='line_1_108' title="bbox 659 5477 2175 5553; baseline 0.006 -25"><span class='ocrx_word' id='word_1_792' title='bbox 659 5477 915 5553; x_wconf 63' lang='lat' dir='ltr'><strong>(72)]Ipb</strong></span> <span class='ocrx_word' id='word_1_793' title='bbox 948 5479 1060 5546; x_wconf 82' lang='grc' dir='ltr'><strong>τῆς</strong></span> <span class='ocrx_word' id='word_1_794' title='bbox 1091 5480 1197 5533; x_wconf 85' lang='grc' dir='ltr'>τοῦ</span> <span class='ocrx_word' id='word_1_795' title='bbox 1228 5480 1489 5548; x_wconf 86' lang='grc' dir='ltr'>Χριστοῦ</span> <span class='ocrx_word' id='word_1_796' title='bbox 1522 5480 1833 5550; x_wconf 79' lang='grc' dir='ltr'>ἐνδημίας.</span> <span class='ocrx_word' id='word_1_797' title='bbox 1862 5481 1980 5536; x_wconf 80' lang='lat' dir='ltr'><strong>Non</strong></span> <span class='ocrx_word' id='word_1_798' title='bbox 2007 5497 2175 5553; x_wconf 89' lang='lat' dir='ltr'><strong>parva</strong></span> 
     </span>
    </p>
   </div>
   <div class='ocr_carea' id='block_1_107' title="bbox 591 5546 2176 5617">
    <p class='ocr_par' dir='ltr' id='par_1_107' title="bbox 591 5546 2176 5617">
     <span class='ocr_line' id='line_1_109' title="bbox 591 5546 2176 5617; baseline 0.004 -16"><span class='ocrx_word' id='word_1_799' title='bbox 591 5546 680 5601; x_wconf 77' lang='lat' dir='ltr'><strong>hic</strong></span> <span class='ocrx_word' id='word_1_800' title='bbox 710 5549 1064 5601; x_wconf 82' lang='lat' dir='ltr'><strong>hallucinatio</strong></span> <span class='ocrx_word' id='word_1_801' title='bbox 1096 5560 1178 5604; x_wconf 88' lang='lat' dir='ltr'><strong>est</strong></span> <span class='ocrx_word' id='word_1_802' title='bbox 1213 5570 1225 5604; x_wconf 89' lang='lat'><strong>:</strong></span> <span class='ocrx_word' id='word_1_803' title='bbox 1268 5546 1606 5606; x_wconf 72' lang='lat' dir='ltr'><strong>Assamouzei</strong></span> <span class='ocrx_word' id='word_1_804' title='bbox 1645 5546 1759 5617; x_wconf 80' lang='lat' dir='ltr'><strong>lilii,</strong></span> <span class='ocrx_word' id='word_1_805' title='bbox 1789 5546 1898 5606; x_wconf 84' lang='lat' dir='ltr'><strong>hoc</strong></span> <span class='ocrx_word' id='word_1_806' title='bbox 1943 5546 2030 5608; x_wconf 67' lang='lat' dir='ltr'><strong>esi</strong></span> <span class='ocrx_word' id='word_1_807' title='bbox 2058 5553 2176 5607; x_wconf 82' lang='lat' dir='ltr'><strong>Ma-</strong></span> 
     </span>
    </p>
   </div>
   <div class='ocr_carea' id='block_1_108' title="bbox 588 5618 2173 5691">
    <p class='ocr_par' dir='ltr' id='par_1_108' title="bbox 588 5618 2173 5691">
     <span class='ocr_line' id='line_1_110' title="bbox 588 5618 2173 5691; baseline 0.006 -22"><span class='ocrx_word' id='word_1_808' title='bbox 588 5618 815 5691; x_wconf 65' lang='lat' dir='ltr'><strong>chabzei,</strong></span> <span class='ocrx_word' id='word_1_809' title='bbox 844 5625 966 5686; x_wconf 89' lang='lat' dir='ltr'><strong>post</strong></span> <span class='ocrx_word' id='word_1_810' title='bbox 986 5619 1315 5691; x_wconf 71' lang='lat' dir='ltr'><strong>t_\ntiochum</strong></span> <span class='ocrx_word' id='word_1_811' title='bbox 1344 5622 1677 5691; x_wconf 71' lang='lat' dir='ltr'><strong>Epipbauem</strong></span> <span class='ocrx_word' id='word_1_812' title='bbox 1698 5623 2037 5691; x_wconf 86' lang='lat' dir='ltr'><strong>prodierunt.</strong></span> <span class='ocrx_word' id='word_1_813' title='bbox 2067 5624 2173 5691; x_wconf 89' lang='lat' dir='ltr'><strong>Qui</strong></span> 
     </span>
    </p>
   </div>
   <div class='ocr_carea' id='block_1_109' title="bbox 589 5686 2175 5757">
    <p class='ocr_par' dir='ltr' id='par_1_109' title="bbox 589 5686 2175 5757">
     <span class='ocr_line' id='line_1_111' title="bbox 589 5686 2175 5757; baseline 0.006 -20"><span class='ocrx_word' id='word_1_814' title='bbox 589 5688 762 5757; x_wconf 64' lang='lat' dir='ltr'><strong>ccepi!1</strong></span> <span class='ocrx_word' id='word_1_815' title='bbox 795 5686 1292 5757; x_wconf 47' lang='lat' dir='ltr'><strong>annojinccoruni</strong></span> <span class='ocrx_word' id='word_1_816' title='bbox 1341 5686 1462 5755; x_wconf 77' lang='lat'><strong>157,</strong></span> <span class='ocrx_word' id='word_1_817' title='bbox 1504 5692 1520 5744; x_wconf 95' lang='lat' dir='ltr'><strong>l</strong></span> <span class='ocrx_word' id='word_1_818' title='bbox 1555 5686 1805 5747; x_wconf 80' lang='lat' dir='ltr'><strong>Machab.</strong></span> <span class='ocrx_word' id='word_1_819' title='bbox 1845 5709 1886 5757; x_wconf 87' lang='grc' dir='ltr'><strong>ι,</strong></span> <span class='ocrx_word' id='word_1_820' title='bbox 1934 5694 2038 5747; x_wconf 88' lang='lat' dir='ltr'><strong>hoc</strong></span> <span class='ocrx_word' id='word_1_821' title='bbox 2088 5686 2175 5749; x_wconf 65' lang='lat' dir='ltr'><strong>cst</strong></span> 
     </span>
    </p>
   </div>
   <div class='ocr_carea' id='block_1_110' title="bbox 589 5753 2170 5835">
    <p class='ocr_par' dir='ltr' id='par_1_110' title="bbox 589 5753 2170 5835">
     <span class='ocr_line' id='line_1_112' title="bbox 589 5753 2170 5835; baseline 0.009 -31"><span class='ocrx_word' id='word_1_822' title='bbox 589 5767 705 5819; x_wconf 83' lang='lat' dir='ltr'><strong>per.</strong></span> <span class='ocrx_word' id='word_1_823' title='bbox 733 5754 843 5810; x_wconf 79' lang='lat' dir='ltr'><strong>Jul.</strong></span> <span class='ocrx_word' id='word_1_824' title='bbox 884 5753 1051 5821; x_wconf 63' lang='lat'><strong>45358,</strong></span> <span class='ocrx_word' id='word_1_825' title='bbox 1078 5762 1235 5815; x_wconf 89' lang='lat' dir='ltr'><strong>annis</strong></span> <span class='ocrx_word' id='word_1_826' title='bbox 1279 5770 1406 5815; x_wconf 83' lang='lat' dir='ltr'><strong>ante</strong></span> <span class='ocrx_word' id='word_1_827' title='bbox 1444 5753 1721 5835; x_wconf 81' lang='lat' dir='ltr'><strong>vulgarem</strong></span> <span class='ocrx_word' id='word_1_828' title='bbox 1763 5753 1970 5819; x_wconf 82' lang='lat' dir='ltr'><strong>Christi</strong></span> <span class='ocrx_word' id='word_1_829' title='bbox 2000 5762 2170 5821; x_wconf 87' lang='lat' dir='ltr'><strong>Nata-</strong></span> 
     </span>
    </p>
   </div>
   <div class='ocr_carea' id='block_1_111' title="bbox 1478 5280 2885 5358">
    <p class='ocr_par' dir='ltr' id='par_1_111' title="bbox 1478 5280 2885 5358">
     <span class='ocr_line' id='line_1_113' title="bbox 1478 5280 2885 5358; baseline 0.006 -25"><span class='ocrx_word' id='word_1_830' title='bbox 1478 5287 1554 5333; x_wconf 92' lang='lat' dir='ltr'><strong>ut.</strong></span> <span class='ocrx_word' id='word_1_831' title='bbox 1588 5296 1740 5345; x_wconf 75' lang='lat' dir='ltr'><strong>xvm,</strong></span> <span class='ocrx_word' id='word_1_832' title='bbox 1779 5280 1868 5335; x_wconf 76' lang='grc'><strong>15.</strong></span> <span class='ocrx_word' id='word_1_833' title='bbox 1945 5282 1987 5312; x_wconf 84' lang='grc'><strong>¹⁰</strong></span> <span class='ocrx_word' id='word_1_834' title='bbox 2017 5280 2180 5337; x_wconf 89' lang='lat' dir='ltr'><strong>Deest</strong></span> <span class='ocrx_word' id='word_1_835' title='bbox 2202 5284 2286 5339; x_wconf 77' lang='grc' dir='ltr'><strong>οὐ.</strong></span> <span class='ocrx_word' id='word_1_836' title='bbox 2367 5285 2406 5315; x_wconf 80' lang='grc'>¹¹</span> <span class='ocrx_word' id='word_1_837' title='bbox 2443 5284 2567 5339; x_wconf 86' lang='lat' dir='ltr'><strong>For.</strong></span> <span class='ocrx_word' id='word_1_838' title='bbox 2609 5286 2885 5358; x_wconf 76' lang='grc' dir='ltr'>εὑρήσεις.</span> 
     </span>
    </p>
   </div>
   <div class='ocr_carea' id='block_1_112' title="bbox 2286 5486 3797 5566">
    <p class='ocr_par' dir='ltr' id='par_1_112' title="bbox 2286 5486 3797 5566">
     <span class='ocr_line' id='line_1_114' title="bbox 2286 5486 3797 5566; baseline 0.01 -26"><span class='ocrx_word' id='word_1_839' title='bbox 2286 5486 2390 5566; x_wconf 82' lang='lat' dir='ltr'><strong>lem</strong></span> <span class='ocrx_word' id='word_1_840' title='bbox 2428 5489 2549 5566; x_wconf 68' lang='lat'><strong>173.</strong></span> <span class='ocrx_word' id='word_1_841' title='bbox 2579 5487 2693 5544; x_wconf 88' lang='lat' dir='ltr'><strong>Nisi</strong></span> <span class='ocrx_word' id='word_1_842' title='bbox 2733 5490 2872 5566; x_wconf 69' lang='lat' dir='ltr'><strong>forte</strong></span> <span class='ocrx_word' id='word_1_843' title='bbox 2888 5492 3217 5566; x_wconf 81' lang='lat' dir='ltr'><strong>Antiochum</strong></span> <span class='ocrx_word' id='word_1_844' title='bbox 3244 5494 3337 5549; x_wconf 80' lang='grc' dir='ltr'><strong>τὸν</strong></span> <span class='ocrx_word' id='word_1_845' title='bbox 3361 5495 3530 5566; x_wconf 80' lang='grc' dir='ltr'>μέγαν</span> <span class='ocrx_word' id='word_1_846' title='bbox 3553 5486 3797 5566; x_wconf 31' lang='lat' dir='ltr'><strong>intellig?“</strong></span> 
     </span>
    </p>
   </div>
   <div class='ocr_carea' id='block_1_113' title="bbox 2284 5559 3797 5635">
    <p class='ocr_par' dir='ltr' id='par_1_113' title="bbox 2284 5559 3797 5635">
     <span class='ocr_line' id='line_1_115' title="bbox 2284 5559 3797 5635; baseline 0.008 -26"><span class='ocrx_word' id='word_1_847' title='bbox 2284 5559 2381 5635; x_wconf 82' lang='lat' dir='ltr'><strong>qui</strong></span> <span class='ocrx_word' id='word_1_848' title='bbox 2411 5563 2578 5635; x_wconf 63' lang='lat' dir='ltr'><strong>etrapit</strong></span> <span class='ocrx_word' id='word_1_849' title='bbox 2616 5577 2731 5635; x_wconf 71' lang='lat' dir='ltr'><strong>per.</strong></span> <span class='ocrx_word' id='word_1_850' title='bbox 2767 5562 2877 5616; x_wconf 80' lang='lat' dir='ltr'><strong>Jul.</strong></span> <span class='ocrx_word' id='word_1_851' title='bbox 2916 5565 3080 5618; x_wconf 67' lang='grc'><strong>4490.</strong></span> <span class='ocrx_word' id='word_1_852' title='bbox 3114 5564 3220 5619; x_wconf 88' lang='lat' dir='ltr'><strong>Sed</strong></span> <span class='ocrx_word' id='word_1_853' title='bbox 3251 5559 3797 5635; x_wconf 47' lang='lat' dir='ltr'><strong>Assani&#39;ona&#39;orymjrf&quot;</strong></span> 
     </span>
    </p>
   </div>
   <div class='ocr_carea' id='block_1_114' title="bbox 2283 5622 3797 5702">
    <p class='ocr_par' dir='ltr' id='par_1_114' title="bbox 2283 5622 3797 5702">
     <span class='ocr_line' id='line_1_116' title="bbox 2283 5622 3797 5702; baseline 0.006 -19"><span class='ocrx_word' id='word_1_854' title='bbox 2283 5622 2423 5702; x_wconf 81' lang='lat' dir='ltr'><strong>ditio</strong></span> <span class='ocrx_word' id='word_1_855' title='bbox 2453 5648 2481 5683; x_wconf 86' lang='lat' dir='ltr'><strong>a</strong></span> <span class='ocrx_word' id='word_1_856' title='bbox 2503 5622 2843 5688; x_wconf 54' lang='lat' dir='ltr'><strong>&#39;Machabaeis</strong></span> <span class='ocrx_word' id='word_1_857' title='bbox 2870 5636 3086 5688; x_wconf 89' lang='lat' dir='ltr'><strong>initium</strong></span> <span class='ocrx_word' id='word_1_858' title='bbox 3110 5622 3324 5691; x_wconf 87' lang='lat' dir='ltr'><strong>habuit.</strong></span> <span class='ocrx_word' id='word_1_859' title='bbox 3356 5636 3531 5702; x_wconf 84' lang='lat' dir='ltr'><strong>Quare</strong></span> <span class='ocrx_word' id='word_1_860' title='bbox 3557 5630 3680 5687; x_wconf 73' lang='lat' dir='ltr'><strong>intra</strong></span> <span class='ocrx_word' id='word_1_861' title='bbox 3703 5622 3797 5692; x_wconf 62' lang='lat' dir='ltr'><strong>BP&quot;</strong></span> 
     </span>
    </p>
   </div>
   <div class='ocr_carea' id='block_1_115' title="bbox 2283 5700 3432 5773">
    <p class='ocr_par' dir='ltr' id='par_1_115' title="bbox 2283 5700 3432 5773">
     <span class='ocr_line' id='line_1_117' title="bbox 2283 5700 3432 5773; baseline 0.009 -20"><span class='ocrx_word' id='word_1_862' title='bbox 2283 5700 2516 5771; x_wconf 88' lang='lat' dir='ltr'><strong>phauius</strong></span> <span class='ocrx_word' id='word_1_863' title='bbox 2554 5702 2771 5759; x_wconf 83' lang='lat' dir='ltr'><strong>initium</strong></span> <span class='ocrx_word' id='word_1_864' title='bbox 2807 5709 3037 5773; x_wconf 70' lang='lat' dir='ltr'><strong>etiqicrit</strong></span> <span class='ocrx_word' id='word_1_865' title='bbox 3077 5722 3300 5763; x_wconf 82' lang='lat' dir='ltr'><strong>necesse</strong></span> <span class='ocrx_word' id='word_1_866' title='bbox 3333 5700 3432 5763; x_wconf 78' lang='lat' dir='ltr'><strong>est.</strong></span> 
     </span>
    </p>
   </div>
  </div>
