3934 6452
151 504 256 563 ’145

792 498 1161 558 ADVERSUS
1201 495 1538 554 11.4SllESES
1572 496 1696 550 LIB.
1733 494 1775 551 l.

1886 488 1977 543 ιιι.
2018 483 2195 540 m._
2224 481 2498 565 uenas.
2540 480 2699 537 XLII.

3306 476 3409 534 746

167 624 384 681 Ἰούδα·
428 624 524 677 καὶ
558 624 674 693 μετ’
708 622 892 691 ὀλίγα·
932 621 1082 685 Ἕως
1123 620 1270 688 ἔλθῃ
1310 611 1358 684 ᾧ
1399 618 1472 671 τὰ
1505 614 1740 670 ἁποκεί-
1772 640 1783 672 Α

1886 602 2161 661 scendisti.~
2183 601 2523 673 Ile-quiescens
2546 598 2862 654 accubuisti.
2892 595 3011 653 Non
3035 597 3238 667 deﬁciet
3261 599 3413 667 prin-

145 732 334 787 μενα·
385 715 483 767 καὶ
528 712 711 777 αὐτὸς
740 712 1072 781 προσδοκία
1107 709 1315 764 ἐθνῶν.
1357 708 1462 761 Καὶ
1511 705 1601 758 ἐπ’
1632 707 1736 756 αὺ-

151 806 265 860 τὸν
291 805 433 872 ἔθνη
480 802 817 858 ἐλπιοῦσιν.
862 802 1087 864 Ἡσαΐας
1131 801 1216 854 δέ·
1258 798 1402 853 Ἰδοὺ
1443 799 1480 864 ἡ
1521 794 1735 864 παρθέι

155 914 266 962 νος
302 897 370 950 ἐν
405 891 617 964 γαστρὶ
640 892 808 957 ἐξα.
853 891 1121 963 Ἱερεμίας
1158 890 1244 943 δέ·
1281 889 1390 942 Καὶ
1431 885 1739 954 ἅνθρωπός

156 990 309 1054 ἐστι,
341 988 439 1041 καὶ
475 987 569 1050 τίς
598 985 886 1055 γνώσεται
910 985 1097 1037 αὐτόν
1121 999 1140 1045 ;
1172 981 1408 1051 Μιχαίας
1434 995 1447 1007 ·
1483 977 1590 1032 Καὶ
1635 975 1737 1039 σὺ,

160 1077 461 1148 Βηθλεέμ·
498 1077 594 1131 καὶ
639 1074 758 1147 μεθ’
791 1075 973 1147 ἕτερα·
1012 1076 1112 1127 Ἐκ
1151 1072 1267 1126 σοῦ
1297 1088 1397 1140 μοι
1427 1068 1740 1133 ἐξελεύσε-

158 1187 258 1224 ται
288 1170 636 1239 ἡγούμενος,
668 1167 763 1220 καὶ
794 1165 863 1219 τὰ
890 1166 1036 1236 ἑξῆς.
1077 1165 1133 1217 '0
1166 1164 1221 1217 δι
1256 1160 1542 1230 Μαλαχίας
1565 1176 1577 1188 ·
1622 1157 1743 1220 Ἐξ-

162 1264 383 1331 αίφνης
419 1263 506 1326 είς
551 1259 658 1313 τὸν
700 1259 849 1312 ναὸν
888 1257 1020 1325 ἣξει
1054 1257 1303 1323 Κύριοζτ·
1364 1255 1391 1306 6
1434 1252 1490 1305 δὲ
1541 1248 1738 1302 Δαϐίδ·

165 1349 404 1406 Elaea-6
435 1349 651 1417 Κύριος
688 1346 768 1412 τῷ
804 1346 992 1414 Κιφίῳ
1028 1361 1169 1413 μου,
1205 1341 1299 1396 καὶ
1341 1340 1409 1393 τὰ
1454 1338 1599 1409 ἑξῆς.
1636 1338 1745 1388 Καὶ

164 1443 338 1498 πολλὰ
365 1441 479 1495 ἔστι
507 1440 707 1509 λέγειν,
735 1440 830 1492 καὶ
853 1437 1016 1491 αὐτοῦ
1054 1436 1300 1504 λέγοντος
1337 1432 1429 1486 τοῦ
1455 1431 1706 1501 Σωτῆρος
1728 1469 1741 1483 .

160 1537 230 1590 Et
267 1533 492 1601 Μωῦσῇ
536 1532 901 1594 ἐπιστεύετε,
951 1528 1293 1582 ἐπιστεύετε
1330 1524 1406 1579 ἂν
1450 1523 1549 1578 καὶ
1593 1523 1745 1593 ἐμοί.

179 1624 443 1691 Ἐκεῖνος
474 1623 583 1693 γὰρ
616 1622 745 1690 περὶ
787 1619 933 1690 ἐμοῦ
970 1619 1213 1690 ἔγραψε.

245 1883 401 1955 Σχόλ.
430 1881 537 1954 κη’.
570 1884 684 1939 Οὐκ
707 1878 839 1955 εἶχε·
868 1882 971 1936 Διὰ
985 1881 1161 1936 τοῦτο
1184 1872 1352 1935 εἶπεν
1375 1880 1413 1948 ὴ
1438 1876 1748 1955 cogitaret”;

1839 714 1955 767 ceps
2000 711 2064 751 ea:
2092 693 2240 747 Juda
2273 695 2289 726 ί
2322 701 2462 747 :etc.
2497 691 2574 745 Ac
2624 690 2787 759 paulo
2829 696 2950 759 post
2983 709 2994 742 :
3024 687 3200 743 Donec
3239 689 3414 745 veniat

1838 787 1923 839 cui
1952 785 2179 853 reposita
2202 790 2370 844 .sunt;
2407 792 2455 834 et
2480 781 2588 846 ipse
2628 779 2949 846 exspectatio
2978 779 3213 849 gentium
3238 792 3258 831 :
3280 791 3331 833 et
3362 781 3418 835 in

1839 877 2011 943 ipsum
2050 882 2224 944 gentes
2269 870 2551 940 sperabunt
2571 872 2632 923 ι’.
2666 867 2826 938 333
2852 868 3019 923 Isaias
3055 882 3224 924 vero:
3261 866 3417 931 Ecce,

1841 965 2039 1035 inquit,
2092 964 2234 1032 virgo
2271 959 2588 1029 concipiet’;
2623 956 2885 1015 Jerentias
2937 960 3063 1014 item
3109 977 3123 1013 :
3161 957 3226 1013 Et
3267 958 3420 1014 homo

1841 1067 1939 1119 est,
1983 1065 2032 1109 et
2067 1055 2183 1125 quis
2221 1061 2493 1123 cognoscet
2522 1048 2723 1104 illum?
2753 1049 3005 1104 Michaeas
3038 1067 3052 1104 :
3083 1048 3153 1103 Et
3181 1057 3236 1103 tu
3264 1049 3423 1104 Betlt-

1844 1147 2029 1209 lehem,
2084 1153 2219 1208 etc.;
2263 1151 2316 1198 et
2350 1142 2514 1213 paulo
2562 1149 2686 1213 post
2716 1158 2729 1194 :
2765 1138 2848 1193 Ea:
2873 1148 2920 1193 te
2950 1140 3078 1193 mihi
3126 1140 3424 1210 egredietur

1842 1236 1954 1290 dux
1973 1236 2013 1300 ³,
2048 1244 2155 1290 etc.
2184 1233 2253 1286 At
2284 1230 2580 1286 Malachias
2611 1249 2623 1286 :
2658 1228 2852 1286 Statim
2890 1230 2941 1283 in
2980 1229 3229 1300 templum
3256 1231 3423 1285 veniet

1848 1327 2105 1382 Dominus
2126 1326 2169 1378 ⁸.
2218 1324 2352 1378 Nam
2400 1324 2547 1394 quod
2596 1322 2662 1377 ad
2709 1322 2968 1377 [Invident
3024 1332 3258 1393 spectat,
3311 1324 3427 1377 haec

1844 1419 1993 1474 illius
2066 1427 2153 1472 est
2222 1415 2501 1486 praedictio
2570 1435 2584 1469 :
2635 1413 2787 1467 Dixit
2874 1412 3137 1467 Dominus
3203 1413 3430 1468 Domino

1846 1527 1959 1566 meo
1979 1510 2023 1576 ⁵,
2074 1516 2180 1565 etc.
2218 1507 2450 1563 Possum
2489 1514 2542 1562 et
2588 1506 2877 1562 innumera
2926 1508 3035 1561 alia
3080 1521 3428 1577 percensere,

1846 1620 1971 1660 cum
2004 1600 2306 1674 praesertim
2337 1615 2366 1653 a
2396 1600 2626 1654 Domino
2653 1598 2725 1655 sit
2753 1600 2959 1653 dictum
2991 1617 3004 1652 :
3039 1596 3099 1653 Si
3121 1596 3298 1668 Moysi
3322 1616 3436 1653 cre-

1847 1695 2063 1759 deretis,
2096 1693 2373 1747 crederetis
2409 1691 2639 1760 forsitan
2670 1701 2719 1745 et
2754 1691 2902 1745 mihi.
2941 1689 3017 1744 De
3057 1706 3137 1744 me
3174 1691 3314 1745 enim
3348 1692 3437 1746 ille

1850 1787 2063 1854 scripsit
2088 1785 2129 1839 ⁸.

1923 1876 2108 1932 Schol.
2165 1876 2255 1930 28.
2322 1874 2563 1932 Deerat:
2597 1874 2882 1944 Propterea
2924 1885 2977 1931 et
3030 1876 3297 1946 sap.'entin
3344 1874 3470 1945 Dei.

168 1952 348 2032 Θεοῧ·
389 1952 879 2041 Ἀποστέλλωείς
900 1974 1123 2040 αὐτοὺς
1143 1971 1475 2042 προφήτας·
1500 1971 1595 2024 καὶ
1626 1952 1753 2042 ἄτερὶ

1886 1966 2030 2021 Tixit:
2062 1965 2274 2021 Mittam
2325 1967 2395 2020 ad
2436 1966 2557 2021 illos
2597 1968 2952 2036 prophetas';
2978 1975 3030 2023 et
3057 1967 3125 2022 de
3177 1968 3443 2038 sanguine

173 2069 408 2139 αἵματος
435 2069 703 2139 Ζαχαρίου
729 2069 821 2122 καὶ
849 2067 1014 2120 Ἅϐελ
1036 2067 1131 2121 καὶ
1153 2065 1260 2119 τῶν
1288 2063 1582 2139 προφητῶν
1602 2104 1615 2128 ,
1672 2064 1753 2116 ὅτι

166 2160 637 2229 ἐκζητηθήσεται
673 2158 791 2213 ἀπὸ
820 2157 930 2228 τῆς
957 2156 1167 2228 γενεᾶς
1197 2158 1438 2242 ταύτης.

253 2253 475 2321 Ἐλεγχ.
503 2258 609 2322 κη’.
640 2252 750 2304 Καὶ
789 2252 846 2304 ὲν
888 2250 1062 2321 τούτῳ
1108 2266 1188 2302 σοι
1225 2240 1673 2318 πολλὴήαίσχύνη,
1714 2240 1760 2299 ὦ

178 2342 470 2413 Μαρκίων,
502 2340 598 2409 τοῦ
629 2341 977 2413 χαρακτῆρος
1003 2341 1099 2411 τῆς
1134 2340 1393 2410 ἀληθείας
1428 2338 1760 2408 σωζομένου,

181 2435 279 2488 καὶ
302 2435 400 2505 τῆς
428 2430 782 2505 παρεκτομῆς
814 2432 923 2486 τῶν
960 2431 1289 2503 κλεμμάτων
1318 2447 1409 2483 σου
1437 2430 1764 2500 εὑρισκομέ-

184 2542 307 2596 νης,
324 2523 537 2578 ἀπὸτοῦ
560 2524 896 2596 ἀντιγράφου
913 2523 1005 2576 τοῦ
1030 2523 1170 2577 κατὰ
1195 2523 1406 2576 Λουκᾶν
1430 2521 1764 2590 Εὐαγγελίου

183 2616 297 2670 τῶν
321 2615 500 2683 τρπων
521 2614 947 2686 εὑρισκομένων,
980 2614 1075 2669 καὶ
1102 2613 1212 2668 τῶν
1238 2612 1388 2684 παρὰ
1415 2613 1508 2665 σοῦ
1539 2613 1770 2683 ἀφαιρε-

186 2705 397 2759 θέντων
423 2704 614 2774 ὲλεγχο
620 2704 817 2774 μένων.

265 2795 421 2866 Σχόλ.
465 2794 568 2849 κθ¹.
611 2793 775 2864 Λέγω
814 2792 884 2847 δὲ
926 2793 1050 2859 τοῖς
1070 2794 1271 2863 φίλοις
1283 2809 1424 2863 μου·
1466 2792 1562 2861 Μὴ
1589 2793 1773 2861 φοϐη-

190 2889 342 2957 θῆτε
364 2887 480 2941 ἀπὸ
505 2887 625 2940 τῶν
651 2886 1129 2942 ἀποκτεινόντων
1154 2884 1220 2938 τό
1251 2884 1440 2954 σῶμα·
1468 2884 1777 2954 φοϐήθητε

192 2980 269 3035 δὲ
301 2979 409 3034 τὸν
439 2979 590 3048 μετὰ
614 2978 689 3032 ’τὸ
717 2979 1062 3032 ἀποκτεῖναι
1097 2977 1318 3048 ἔχοντα
1346 2976 1460 3045 τὴν
1487 2976 1780 3041 ἐξουσίαν

194 3069 419 3138 βαλεῖν
472 3073 558 3136 είς
606 3071 876 3141 γέενναν.
931 3070 1044 3124 Οὐκ
1095 3069 1209 3140 εἶχε
1269 3067 1346 3122 δέ·
1401 3069 1546 3136 Οὐχὶ
1604 3067 1782 3122 πέντε

200 3161 493 3229 στρουθία
530 3160 841 3227 ἀσσαρίων
874 3160 981 3213 δύο
1015 3159 1315 3225 πωλεῖται,
1360 3159 1456 3212 καὶ
1495 3157 1565 3212 ἓν
1583 3157 1653 3222 ἐξ
1679 3160 1785 3211 αὐ-

204 3251 328 3306 τῶν
348 3242 458 3305 οὐκ
490 3252 661 3305 ἐστιν
680 3250 1163 3322 ἐπιλελησμένον
1187 3250 1443 3304 ἐνώπιον
1468 3251 1574 3305 τοῦ
1605 3249 1784 3311 Θεοῦξ

293 3361 505 3435 Ἑλεγχ.
542 3363 645 3419 κθ’.
679 3364 772 3428 Τὸ,
802 3363 964 3430 Αέγω
990 3363 1103 3434 ἐγὼ
1134 3364 1259 3431 τοῖς
1290 3363 1491 3433 φίλοις
1523 3379 1664 3434 μου·
1694 3362 1788 3430 Μὴ
1817 3322 1861 3380 c

210 3454 515 3524 φοϐηθῆτε
546 3454 666 3508 ἀπὸ
706 3453 823 3507 τῶν
854 3455 1333 3509 ἀποκτεινόντων
1362 3454 1429 3508 τὸ
1461 3454 1652 3525 σῶμα·
1684 3471 1761 3522 ρο
1780 3482 1791 3493 -

214 3547 435 3614 ϐήθητε
461 3545 530 3599 δὲ
556 3546 666 3599 τὸν
697 3545 917 3614 ἔχοντα
943 3545 1235 3609 ἐξουσίαν
1258 3546 1348 3610 τὸ,
1373 3545 1523 3616 μετὰ
1554 3546 1619 3600 τὸ
1646 3548 1795 3600 ἀπο-

216 3638 447 3694 κτεῖναι
476 3640 543 3693 τὸ
569 3636 761 3707 σῶμα,
784 3637 898 3705 τὴν
926 3637 1372 3707 ψυχὴνβαλεῗν
1403 3642 1492 3705 είς
1522 3639 1794 3707 γέενναν,

214 3729 519 3799 ἀναγκάζει
565 3746 655 3794 σε,
693 3722 740 3783 ὦ
784 3729 1068 3800 Μαρκίων,
1104 3729 1199 3783 καὶ
1232 3728 1300 3782 τὰ
1330 3729 1459 3799 ἑξῆς
1488 3729 1586 3800 τῆς
1620 3744 1798 3798 παρα-

215 3823 386 3893 ϐολῆς
410 3821 760 3894 ὁμολογῆσαι.
795 3822 958 3875 Ἀνευ
978 3820 1086 3892 γὰρ
1106 3821 1199 3876 τοῦ
1229 3806 1363 3874 Θεοῦ
1388 3819 1538 3874 οὐδὲν
1565 3820 1797 3887 γίνεται,

216 3914 332 3968 κᾶν
372 3912 581 3982 ὲπάρῃς
625 3911 687 3964 τὸ
730 3910 859 3981 περὶ
904 3909 1011 3965 τῶν
1057 3910 1375 3981 στρουθίων.
1440 3909 1801 3979 Ἀπολόγησαι

216 4000 320 4060 οὖν
357 4007 484 4077 περὶ
521 4003 631 4059 τῶν
659 4007 717 4058 ἐν
749 4004 843 4074 τῷ.
869 4003 1016 4075 ρητῷ
1049 4002 1517 4073 καταλειφθέντων
1551 4003 1658 4057 ὑπὸ
1682 4004 1798 4069 σοῦ,

216 4091 267 4152 ὧ
305 4097 590 4168 Μαρκίων.
628 4097 738 4151 Καὶ
763 4096 1057 4167 ἀπόκριναι
1086 4096 1299 4168 ἡμῖντί
1328 4095 1511 4168 διανοῇ
1544 4098 1674 4168 περὶ
1704 4094 1800 4149 τοῦ

216 4189 475 4258 ἐξουσίαν
511 4189 745 4259 ἔχοντος.
775 4189 839 4241 El
863 4188 971 4259 γὰρ
1010 4188 1175 4258 φαίης
1208 4189 1369 4242 αὐτὸν
1403 4185 1540 4242 εἶναι
1568 4189 1659 4241 τὸν
1686 4190 1801 4243 Πα-

216 4281 364 4352 τέρα
387 4279 481 4333 τοῦ
510 4280 768 4350 Χριστοῦ,
792 4279 883 4333 τὸν
916 4282 1010 4334 καὶ
1047 4280 1198 4352 παρὰ
1237 4282 1319 4335 σοὶ
1345 4281 1547 4349 ἀγαθὸν
1574 4281 1801 4352 λεγόμε-

216 4389 317 4428 νον
338 4371 487 4439 Θεὸν,
511 4372 557 4423 εί
580 4372 673 4423 καὶ
693 4372 877 4434 κακῶς
898 4372 1146 4442 διαιρεῖς,
1172 4374 1339 4442 ὅμως,
1367 4372 1553 4442 ἐπειδὴ
1572 4372 1683 4442 ἔχει
1704 4373 1803 4442 τὴν

219 4463 494 4529 ἐξουσίαν,
529 4463 766 4527 δέδωκας
808 4464 970 4518 αὑτὸν
1014 4466 1206 4536 κριτὴν
1249 4466 1399 4531 ὄντα,
1451 4467 1543 4521 καὶ
1588 4466 1804 4536 ἑκάστῳ

217 4555 461 4624 νέμοντα
488 4554 549 4607 τὸ
581 4557 702 4608 κατ’
735 4552 912 4619 ἀξίαν.
951 4556 1014 4607 Εἰ
1055 4556 1111 4608 δὲ
1139 4556 1199 4608 οὐ
1244 4555 1400 4610 τοῦτο
1438 4557 1637 4624 λέγεις,
1670 4556 1804 4610 ἀλλὰ

1864 2059 2160 2122 Zachariae,
2203 2065 2257 2113 et
2310 2058 2463 2121 Abel,
2505 2067 2559 2113 et
2610 2059 3036 2129 prophetarum,
3070 2059 3330 2130 quoniam
3368 2074 3445 2112 re-

1862 2153 2097 2224 quiretur
2127 2168 2158 2204 a
2178 2151 2511 2221 generatione
2538 2149 2635 2203 hac
2664 2150 2706 2203 ⁸.

1931 2236 2113 2297 Βυίυι.
2147 2241 2237 2297 28.
2273 2241 2564 2296 Enimvero
2605 2256 2876 2297 summam
2935 2241 3025 2295 hic
3058 2241 3180 2306 tibi,
3214 2240 3443 2306 Marcio,

1862 2337 2020 2392 locus
2070 2333 2427 2406 ignominiam
2464 2333 2654 2398 inurit,
2693 2348 2818 2388 cum
2857 2333 3107 2389 veritatis
3138 2333 3319 2387 adhuc
3354 2334 3442 2387 in-

1865 2437 2016 2499 tegra
2053 2426 2229 2480 forma
2250 2425 2443 2481 relicta
2468 2426 2560 2491 sit,
2586 2439 2649 2479 ac
2680 2424 2867 2479 furtim
2893 2440 2923 2479 a
2956 2433 3009 2481 te
3035 2426 3250 2481 sublata
3281 2429 3448 2480 muti-

1868 2521 2088 2589 lataque
2111 2520 2230 2573 loca
2266 2516 2427 2574 facile
2475 2517 2856 2587 reperiantur;
2904 2533 2967 2572 ac
2996 2533 3116 2588 qum
3150 2518 3369 2582 desunt,
3395 2518 3451 2573 in

1870 2611 2152 2681 Evangelii
2178 2610 2480 2664 secundum
2525 2608 2728 2675 Lucam
2764 2609 3172 2680 exemplaribus
3202 2610 3454 2680 legantur

1873 2702 2147 2764 omnibus,
2180 2710 2240 2756 ut
2272 2716 2394 2772 qua:
2428 2702 2527 2756 abs
2566 2709 2618 2756 te
2649 2708 2775 2757 sunt
2800 2702 3099 2757 interversa
3129 2701 3451 2771 prodantur.

1951 2794 2136 2848 Schol.
2167 2792 2257 2849 29.
2288 2792 2417 2847 Dico
2444 2803 2619 2846 autem
2645 2792 2831 2846 amicis
2857 2792 2984 2846 meis
3013 2808 3032 2846 :
3064 2791 3245 2847 Nolite
3276 2794 3457 2848 timere

1878 2902 1964 2940 eos
2002 2884 2094 2954 qui
2116 2884 2359 2938 occidunt
2393 2901 2582 2953 corpus
2611 2898 2629 2936 :
2667 2885 2839 2936 timete
2870 2899 2988 2937 vero
3026 2900 3166 2949 eum,
3197 2886 3288 2955 qui
3315 2894 3461 2954 post-

1880 2992 2038 3047 quam
2063 2975 2313 3030 occiderit
2357 2973 2509 3028 habet
2560 2983 2866 3042 potestatem
2901 2973 3149 3027 mittendi
3182 2976 3236 3027 in
3274 2975 3460 3045 gehen-

1884 3084 2008 3122 nam
2038 3068 2082 3121 ³.
2120 3065 2228 3120 Nec
2270 3065 2505 3120 habebat
2531 3065 2661 3119 illud
2699 3083 2712 3118 :
2748 3062 2938 3119 Nonne
2970 3067 3196 3135 quinque
3223 3081 3460 3133 passeres

1887 3169 2102 3215 veneunt
2125 3158 2411 3227 dupondio,
2435 3167 2483 3211 et
2504 3173 2638 3211 unus
2671 3172 2736 3210 ea:
2762 3158 2870 3212 illis
2896 3175 2999 3213 non
3028 3167 3104 3212 est
3129 3159 3183 3211 in
3207 3156 3463 3215 oblivione

1889 3268 2069 3305 coram
2108 3244 2212 3305 Deo
2249 3250 2289 3280 ¹⁰
2306 3250 2335 3303 .?

1965 3364 2147 3420 llefut.
2175 3363 2262 3418 29.
2302 3361 2425 3417 llzec
2448 3362 2563 3434 ipsa
2594 3363 2756 3417 verba
2783 3381 2796 3418 :
2825 3361 2955 3417 Dico
2979 3379 3070 3434 ego
3087 3363 3275 3417 amicis
3310 3363 3468 3418 meis:

1896 3457 2076 3512 Nolite
2133 3458 2316 3510 timere
2360 3472 2446 3509 eos
2479 3456 2568 3524 qui
2601 3455 2845 3509 occidunt
2889 3470 3078 3524 corpus
3100 3470 3119 3508 :
3155 3454 3329 3508 timete
3352 3470 3472 3509 vero

1894 3568 2009 3606 eum
2044 3552 2134 3620 qui
2163 3560 2437 3619 postquam
2459 3549 2705 3604 occiderit
2732 3564 2940 3618 corpus,
2982 3550 3134 3606 habet
3164 3561 3474 3620 potestatem
3582 3600 3587 3605 .

1896 3642 2133 3697 mittendi
2167 3643 2400 3697 animam
2432 3641 2486 3695 in
2521 3632 2841 3711 gehennam,
2875 3642 3148 3712 parabolae
3183 3643 3348 3697 etiam
3392 3658 3477 3697 re-

1898 3733 2043 3802 liqua
2087 3731 2243 3785 fateri
2275 3741 2329 3784 te
2367 3743 2588 3802 cogunt.
2627 3731 2861 3797 Etenim,
2900 3732 3020 3787 sine
3048 3730 3139 3786 Dei
3178 3739 3315 3786 nutu
3341 3732 3476 3786 nihil

1898 3824 2124 3880 omnino
2152 3824 2380 3894 geritur,
2428 3824 2678 3894 quamvis
2708 3824 2853 3894 quod
2892 3824 2958 3879 de
2988 3823 3304 3893 passeribus
3343 3825 3479 3880 scri-

1900 3924 2049 3986 ptum
2082 3926 2165 3971 est
2191 3914 2428 3970 auferas.
2467 3915 2631 3985 Igitur
2655 3915 2722 3970 de
2752 3916 2818 3971 iis
2847 3931 2968 3985 quae
2997 3915 3053 3970 in
3085 3915 3187 3970 hac
3210 3916 3480 3970 sententia

1900 4007 2159 4061 dicuntur
2177 4006 2451 4061 reddenda
2479 4007 2575 4059 tibi
2606 4007 2744 4059 ratio
2759 4014 2864 4069 est,
2902 4020 2935 4058 ο
2970 4004 3193 4059 Marcio.
3220 4004 3300 4060 Ac
3322 4005 3478 4059 velim

1902 4097 2033 4152 mihi
2057 4096 2410 4166 respondeas,
2440 4096 2570 4167 quid
2594 4096 2660 4151 de
2686 4112 2749 4151 eo
2775 4112 3023 4162 censeas,
3048 4097 3480 4167 quipotestatem

1902 4187 2104 4242 habere
2136 4187 2355 4243 dicitur.
2391 4186 2447 4242 Si
2484 4191 2628 4242 enim
2664 4186 2881 4243 Patrem
2926 4187 3079 4241 illum
3117 4187 3321 4243 Christi
3359 4203 3482 4242 esse

1903 4277 2130 4344 dixeris,
2179 4277 2560 4347 eumdemque,
2608 4293 2769 4348 quem
2814 4288 2869 4333 tu
2907 4280 3111 4335 bonum
3150 4295 3273 4336 esse
3312 4281 3480 4334 Deum

1903 4368 2170 4439 przedicas
2194 4386 2207 4435 ;
2231 4371 2334 4424 etsi
2359 4371 2497 4424 male
2522 4379 2576 4425 tu
2618 4371 2834 4446 quidem
2860 4386 3103 4442 scparas,
3136 4382 3321 4427 tamen
3349 4369 3484 4441 quo-

1904 4458 2049 4513 niam
2102 4466 2372 4528 potestate
2408 4460 2669 4530 praeditus
2708 4472 2823 4526 est,
2866 4461 3110 4531 judicem
3153 4476 3276 4517 esse
3314 4460 3483 4515 couti~

1906 4551 2059 4615 teris,
2078 4551 2170 4620 qui
2206 4566 2303 4620 pro
2332 4552 2539 4607 meritis
2557 4554 2672 4607 suis
2691 4553 3117 4624 unumquodque
3149 4561 3483 4624 compmset.

218 4647 321 4699 τὸν
344 4646 682 4716 Δημιουργὸν
703 4646 793 4700 τὸν
816 4647 967 4717 παρὰ
998 4647 1081 4699 σοὶ
1112 4647 1271 4716 φύσει
1301 4648 1493 4719 κριτὴν
1522 4649 1781 4719 ᾀδόμενον

1908 4641 2015 4696 Aut
2054 4644 2100 4697 si
2139 4643 2305 4696 alium
2347 4659 2474 4698 esse
2514 4645 2821 4715 quempiam
2867 4645 3108 4714 judicas,
3136 4645 3487 4700 Conditorem

217 4733 353 4800 λέγε
388 4750 475 4803 μοι
506 4733 589 4796 τίς
620 4732 793 4802 τούτῳ
822 4733 1018 4785 δέδωκε
1045 4734 1143 4803 τὴν
1174 4735 1441 4798 ἐξουσίαν.
1480 4737 1541 4788 Εἰ
1570 4736 1678 4807 γὰρ
1713 4738 1803 4804 ἀφ’

216 4823 421 4879 ἑαυτοῦ
454 4824 586 4894 ἔχει,
623 4824 730 4894 ἄρα
771 4824 953 4893 μέγας·
988 4826 1124 4889 ἐστὶ,
1160 4827 1251 4879 καὶ
1293 4827 1540 4892 ἐξουσίαν
1582 4827 1713 4897 ἔχει.
1743 4828 1806 4879 Εἰ

215 4915 283 4967 δὲ
333 4913 423 4965 τοῦ
486 4913 692 4984 κρίνειν
746 4914 993 4979 ἐξουσίαν
1042 4914 1176 4985 ἔχει,
1218 4918 1309 4968 καί
1361 4916 1453 4968 τοῦ
1500 4916 1711 4981 σώζειν.
1748 4917 1808 4969 'U

216 5004 341 5074 γὰρ
366 5003 659 5073 δυνάμενος
682 5003 887 5073 κρίνειν
919 5002 1139 5058 δύναται
1167 5007 1260 5058 καὶ
1283 5006 1556 5059 ἀπολύειν.
1585 5006 1694 5059 Kal.
1718 5007 1811 5061 ἄλ-

217 5096 359 5157 λως·
393 5095 477 5157 El,
512 5093 605 5147 τοῦ
648 5094 838 5166 κριτοῦ
877 5095 1160 5165 βάλλοντος
1189 5098 1287 5161 τάς
1330 5098 1507 5169 ψυχὰς
1545 5100 1622 5162 είς
1660 5100 1830 5168 γέενοι

217 5200 350 5247 ναν,
379 5185 408 5235 6
435 5182 567 5247 Θεὸς
600 5186 628 5237 6
654 5183 855 5252 ἀγαθὸς
884 5186 946 5238 οὐ
982 5186 1167 5256 ῥύεται
1195 5189 1384 5250 αὑτὰς.
1418 5192 1446 5242 ὁ
1476 5191 1811 5260 πανταχόθεν

217 5276 340 5330 τῶν
369 5276 549 5330 αὐτῶν
572 5276 996 5348 ἐπιμελούμενος
1023 5277 1211 5348 ψυχῶν
1239 5278 1356 5342 πῶς
1378 5279 1442 5333 ἂν
1465 5281 1549 5348 εἴη
1579 5281 1809 5349 ὰγαθός;

219 5368 261 5441 ἢ
303 5366 409 5438 γὰρ
437 5368 517 5420 ὅτι
548 5367 889 5439 ίσχυρότερος
918 5367 1081 5421 αὐτοῦ
1115 5371 1251 5433 ἐστι,
1285 5371 1378 5423 καὶ
1410 5371 1471 5423 οὐ
1504 5370 1723 5425 δύναται
1751 5373 1814 5425 ὲκ

220 5458 417 5531 χειρὸς
459 5457 699 5528 ῥύεσθαι·
734 5459 768 5530 ἢ
802 5459 883 5511 ὅτι
916 5458 1136 5512 δύναται
1185 5460 1303 5530 μὲν,
1349 5462 1409 5513 οὐ
1451 5461 1698 5530 βούλεται
1735 5463 1812 5515 δέ.

222 5551 349 5605 Καὶ
390 5549 494 5603 ποῦ
534 5553 568 5620 ἡ
614 5551 920 5623 άγαθότης;
962 5553 1026 5605 Et
1054 5552 1131 5614 δὲ,
1170 5553 1358 5625 ἐπειδὴ
1386 5554 1547 5618 αὐτὸς
1580 5554 1815 5618 ἔκτισεν,

220 5640 487 5705 ἐξουσίαν
515 5640 629 5710 ἔχει
655 5642 747 5695 καὶ
776 5643 982 5713 κρίνειν
1038 5643 1155 5707 πῶς
1182 5644 1211 5697 6
1241 5646 1353 5700 ἄνω
1379 5644 1512 5710 θεὸς
1544 5649 1572 5700 6
1597 5647 1701 5702 ὑπὸ
1725 5648 1818 5702 σοῦ

308 5797 668 5873 [ίξθηκκ-ιικ,
703 5784 757 5855 9'.
829 5803 877 5873 ff
909 5801 1039 5857 ibid.
1075 5818 1196 5873 sqq.
1274 5807 1294 5835 ²
1331 5804 1432 5859 lsa.
1475 5822 1569 5867 vu,
1610 5806 1696 5861 Η.
1776 5807 1783 5837 ³

1886 5807 1988 5859 ἱιι11.
2023 5823 2076 5867 v,
2102 5807 2156 5860 2.

219 5887 286 5932 v,
324 5868 414 5922 46.
494 5869 510 5896 ⁷
548 5867 677 5922 Luc.
712 5887 787 5929 χι.
815 5870 899 5925 49.
928 5892 941 5895 -
977 5874 997 5902 ⁸
1024 5867 1267 5929 ἰιιὶιῙ.’51.
1348 5879 1367 5908 ³
1400 5875 1530 5933 Luc.
1565 5893 1659 5943 xu,
1693 5876 1744 5941 4,

559 5962 830 6026 ΙἈτιωι..
878 5965 994 6028 C-u.
1043 5968 1205 6031 XLI.

1910 4732 2140 4798 scilicet,
2174 4750 2334 4802 quem
2368 4742 2425 4787 tu
2464 4735 2684 4806 preprie
2723 4735 2963 4804 judicent
3008 4737 3319 4801 constituis,
3353 4737 3490 4792 cedo

1908 4822 2032 4892 quis
2068 4823 2116 4876 ei
2144 4832 2470 4893 potestatem
2509 4825 2867 4882 commiserit.
2902 4824 3054 4882 lianc
3082 4828 3223 4881 enim
3247 4827 3293 4881 si
3328 4827 3490 4882 habet

1910 4914 2028 4984 ipse
2046 4930 2142 4984 per
2180 4931 2320 4981 sese,
2349 4931 2578 4986 magnus
2613 4918 2799 4987 utique
2829 4926 2932 4985 est,
2964 4933 3026 4971 ac
3054 4926 3322 4988 potestate
3349 4935 3490 4989 prte—
3565 4924 3579 4947 ’

1910 5010 2080 5064 ditus.
2107 5008 2261 5074 Quod
2290 5009 2335 5063 si
2388 5008 2672 5077 judicandi
2729 5024 2896 5078 penes
2939 5025 3062 5062 eum
3116 5009 3347 5064 facultas
3379 5019 3488 5072 est,

1911 5101 2013 5156 erit
2039 5109 2092 5155 et
2132 5100 2404 5155 servandi.
2459 5099 2559 5166 Qui
2593 5100 2737 5155 enim
2764 5100 3200 5169 jurisdictiouem
3232 5116 3493 5155 exercere

1913 5198 2113 5261 potest,
2150 5192 2327 5259 potest
2347 5196 2402 5244 et
2439 5191 2741 5245 absolvere.
2772 5188 3059 5253 Praeterea,
3094 5189 3256 5260 334
3279 5191 3321 5243 si
3365 5204 3490 5245 cum

1908 5280 2075 5351 judex
2131 5282 2187 5334 in
2237 5280 2540 5351 gehennam
2600 5280 2910 5350 praecipites
2953 5281 3225 5334 immittit'
3257 5280 3491 5344 animas,

1917 5373 2092 5426 bonus
2120 5371 2207 5427 ille
2236 5369 2403 5433 Deus,
2425 5373 2517 5441 qui
2546 5380 2751 5426 tantam
2785 5372 3092 5426 animarum
3118 5387 3305 5426 atram
3334 5372 3508 5443 gerit,

1918 5478 2026 5516 non
2050 5479 2145 5517 eas
2173 5465 2385 5527 liberat,
2413 5464 2597 5518 haberi
2632 5450 2820 5519 “bonus
2843 5464 2932 5535 qui
2961 5465 3196 5533 poterit?
3228 5472 3321 5518 aut
3352 5464 3496 5518 enim

1921 5555 2009 5609 ille
2059 5556 2253 5609 fortior
2296 5565 2399 5621 est,
2447 5573 2548 5612 nec
2592 5573 2656 5611 ex
2701 5556 2820 5626 ejus
2868 5560 3122 5613 mauilus
3169 5566 3499 5626 extorquere

1920 5656 2141 5720 potest;
2178 5656 2271 5703 aut
2306 5658 2365 5703 ut
2395 5648 2630 5704 facultas
2658 5658 2930 5719 suppetat,
2964 5649 3118 5705 deest
3155 5660 3333 5704 tamen
3367 5649 3504 5702 libe-

2250 5808 2266 5838 "
2300 5804 2530 5864 Malach.
2567 5809 2728 5877 "1,1.
2807 5810 2826 5840 ⁸
2852 5788 3009 5865 Ρειιιί
3032 5826 3141 5873 elx,
3168 5810 3215 5863 l.
3294 5809 3313 5837 θ
3340 5806 3498 5861 Joan.

1908 5880 1950 5908 ¹⁰
1989 5878 2116 5932 ibid.
2140 5876 2192 5930 6.
2618 5894 2627 5903 ί

3060 5973 3136 6033 2t
