3934 6426
534 440 638 497 747

1965 426 2022 481 S.
2064 424 2408 481 ΕΡΙΡΗΑΝΙΙ
2983 421 3000 450 ⁵
3672 428 3749 482 748

530 554 690 610 randi
722 552 994 609 voluntas.
1026 545 1261 602 Ubinam
1299 542 1466 614 igitur
1507 530 1597 595 illa
1633 538 1849 595 bonitas
1877 539 1994 594 est?
2027 538 2123 594 Sin

2231 538 2596 612 μυθευόμενός
2626 553 2776 615 τινας
2806 534 3046 607 μερικῶς
3090 533 3285 599 σώζεις
3327 535 3390 588 Εἰ
3436 534 3527 605 μὲν
3560 535 3654 589 ἀπὸ
3671 540 3753 593 τῶν

531 646 794 717 quoniam
835 642 972 696 alter
998 639 1087 694 ille
1119 634 1387 699 condidit,
1426 632 1550 689 ideo
1582 639 1635 687 et
1658 631 1942 702 iudicandi
1966 638 2122 701 pote-

532 744 652 793 stas
706 735 757 790 ei
810 731 1090 793 tribuitur,
1134 725 1412 797 quomodo
1460 730 1755 796 supremus
1810 724 1923 785 ille,
1962 740 2123 794 quem

533 826 717 894 ﬁngis,
755 823 901 877 Deus
933 808 1228 874 nonnullos
1262 831 1327 871 ex
1363 814 1549 885 aliqua
1590 819 1749 883 parte
1780 812 2019 866 liberare
2036 810 2126 864 di-

531 917 711 972 citur?
733 915 860 970 Sive
887 913 1030 969 enim
1055 912 1233 965 aliena
1265 906 1487 978 rapiens
1519 911 1833 967 conservat,
1869 903 2124 973 injuriam

528 1011 825 1078 cupiditate
847 1024 945 1062 sua
970 1004 1098 1059 facit
1125 1001 1282 1057 alteri
1308 1018 1320 1054 :
1348 999 1463 1054 sive
1491 1005 1780 1068 propterea
1803 1010 1967 1063 negas
1986 994 2128 1063 inju-

2232 630 2527 701 ἀλλοτρίων
2577 625 2871 700 λαμῦάνων
2922 624 3108 691 σώζει,
3163 625 3471 678 πλεονεκτεῖ
3511 625 3756 699 ἀλλοτρίων

2232 720 2373 793 ὲρῶν
2398 740 2410 752 ·
2443 721 2491 773 εἰ
2536 719 2593 773 δὲ
2634 720 2694 773 οὐ
2732 720 2960 789 φάσκεις
2993 715 3303 781 πλεονεξίαν
3329 711 3487 781 εἶναι,
3516 717 3596 773 διὰ
3622 718 3674 773 τὸ
3697 722 3757 784 είς

2232 811 2436 901 ἀγαθὸν
2461 811 2520 864 τὸ
2545 811 2705 883 ἔργον
2730 809 2978 880 γίνεσθαι
3012 810 3106 863 καὶ
3141 809 3425 879 σωτήριον,
3458 812 3759 883 προσωπολή·

2234 899 2568 973 πτηναὺτον
2598 904 2794 967 ποιεῖς,
2840 901 2916 973 μὴ
2954 901 3015 955 τὸ
3056 899 3260 970 ἀγαθὸν
3294 900 3423 963 ἴσως
3450 901 3625 967 πᾶσιν,
3657 902 3762 959 ἀλλὰ

2238 993 2481 1065 μερικῶς
2511 993 2789 1051 ποιοῦντα.

528 1103 664 1155 riam
698 1114 844 1162 esse,
877 1094 1022 1167 quod
1073 1093 1150 1148 ad
1203 1094 1405 1148 bonum
1449 1088 1687 1158 alicujus
1733 1102 1797 1140 ac
1842 1086 2072 1141 salutem
2113 1084 2334 1150 referat,
2368 1100 2728 1157 personarum
2759 1084 2912 1140 illum
2940 1083 3142 1140 habere
3167 1082 3431 1138 rationem
3452 1079 3671 1151 judicas,
3691 1084 3762 1154 qui

480 1192 485 1197 ’
527 1207 638 1246 non
675 1188 895 1245 benede
926 1183 1183 1240 omnibus
1203 1180 1507 1251 aequaliter,
1533 1177 1629 1234 sed
1693 1176 1861 1231 certis
1914 1175 2182 1230 duntaxat
2220 1178 2417 1234 mereri
2444 1177 2678 1234 studeat.

599 1281 785 1338 Schol.
826 1280 916 1335 50.
948 1277 1055 1332 Pro
1074 1277 1160 1331 his
1196 1274 1414 1330 verbis:
1454 1268 1806 1340 Conﬁtebitur
1829 1284 2010 1324 coram
2034 1285 2132 1323 an-

525 1376 658 1447 gelis
680 1376 720 1438 ⁸,
764 1372 1072 1441 rescripsit,
1125 1381 1307 1421 caram
1338 1364 1471 1419 Deo.

604 1465 794 1521 Refut.
832 1464 923 1519 50.
984 1460 1225 1529 Apparet
1261 1452 1487 1511 omnino
1512 1492 1527 1516 ,
1588 1464 1934 1521 nequaquam
1973 1449 2127 1504 illum

532 1557 833 1615 secundum
911 1551 1083 1606 Deum
1137 1546 1453 1611 ambulare,
1507 1543 1636 1599 licet
1692 1542 1986 1598 veritatem
2042 1539 2128 1596 vel

531 1649 737 1718 exiguo
762 1643 1031 1701 vocabulo
1058 1642 1379 1696 commutet.
1413 1634 1516 1700 Qui
1553 1634 1698 1689 enim
1752 1647 1942 1688 eorum
2003 1646 2126 1701 qua:

533 1748 664 1797 sunt
697 1738 851 1797 initio
886 1735 1092 1804 scripta
1118 1737 1328 1802 partem
1366 1726 1605 1797 aliquam
1622 1737 1976 1794 corrumpere
2013 1736 2125 1776 non

532 1832 770 1892 dubitat,
808 1843 839 1882 a
870 1827 956 1882 via
997 1820 1238 1878 veritatis
1274 1818 1507 1873 aberrat.

2305 1271 2462 1343 Σχόλ.
2497 1272 2564 1326 λ’.
2611 1271 2759 1325 Ἀντὶ
2803 1270 2917 1324 τοῦθ
2980 1267 3365 1340 Ὁμολογήσει
3394 1268 3643 1327 ἐνώπιον
3675 1269 3765 1328 τᾶν

2232 1362 2524 1432 ἀγγέλων,
2555 1362 2766 1426 ἐκεῖνος
2791 1359 2899 1414 τοῦ
2934 1360 3082 1414 Θεοῦ
3111 1359 3279 1429 λέγει.

2307 1452 2526 1525 Ἔλεγχ.
2573 1452 2640 1507 λ’.
2674 1451 3022 1523 Πανταχόθεν
3060 1451 3341 1522 ἐλέγχεται
3382 1450 3458 1523 μὴ
3500 1451 3629 1506 κατὰ
3660 1451 3766 1506 Θεὸν

2232 1547 2620 1617 πορευόμενος,
2659 1546 2761 1600 κᾶν
2800 1562 2858 1598 τε
2886 1547 2943 1598 ὲν
2964 1544 3291 1616 βραχυτάτῳ
3326 1543 3472 1615 λόγῳ
3497 1544 3764 1617 παραλλάξῃ

2228 1636 2329 1708 τὴν
2367 1636 2646 1708 ἀλήθειαν.
2698 1636 2757 1689 '0
2793 1634 3008 1707 τολμῶν
3047 1635 3158 1705 γάρ
3195 1652 3253 1688 τι
3285 1634 3767 1708 παραλλάσσειντῶν

2231 1727 2633 1800 γεγραμμένων
2662 1727 2920 1799 ἀπαρχῆς
2948 1728 3049 1780 οὐκ
3078 1729 3136 1781 ἐν
3168 1727 3273 1798 όδῷ
3295 1726 3551 1798 ἀληθείας
3575 1728 3766 1786 ἵσταται.

606 1922 792 1978 Schol.
831 1920 920 1974 5i.
962 1914 1081 1970 Non
1116 1911 1281 1967 habet
1321 1910 1468 1964 ista:
1497 1905 1637 1989 Deus
1680 1905 1830 1960 vestit
1859 1904 2044 1975 fenum
2081 1904 2125 1960 ’.

2301 1899 2454 1970 Σχόλ.
2495 1898 2598 1955 λα’.
2632 1898 2749 1953 Οὐκ
2784 1895 2899 1969 ἔχει
2929 1897 3011 1950 τό·
3049 1896 3111 1951 '0
3147 1895 3292 1963 Θεὸς
3322 1894 3668 1966 ἁμφιέννυσι
3688 1894 3767 1949 τὸν

606 2093 790 2149 Refut.‘
813 2092 900 2145 51.
936 2088 1088 2143 Licet
1118 2099 1179 2140 ea
1221 2099 1342 2155 quae
1372 2082 1578 2152 scripta
1611 2087 1741 2136 sunt
1773 2094 1883 2133 non
1923 2093 1988 2132 ea
2025 2075 2128 2133 ﬁde

534 2186 769 2243 referas.
805 2195 915 2252 qua
949 2194 978 2233 a
1012 2174 1299 2232 Salv-atare
1352 2171 1707 2242 pronuntiata
1743 2176 1893 2234 sunt,
1918 2168 2126 2224 eadem

531 2288 716 2333 tamen
748 2273 839 2329 illa
872 2272 993 2326 loca
1049 2269 1105 2323 in
1156 2265 1477 2336 Evangelia,
1515 2278 1626 2332 quo
1670 2260 1914 2317 Ecclesia
1942 2261 2130 2315 catho-

534 2369 639 2421 lica
676 2367 868 2427 utitur,
910 2361 1121 2430 integra
1159 2364 1492 2413 servantur:
1526 2352 1930 2424 quantumlibet
1960 2350 2128 2407 Deum

535 2456 689 2512 illum
741 2454 1002 2523 abneges,
1043 2447 1138 2519 qui
1190 2445 1370 2500 Verbo
1414 2457 1517 2499 suo
1551 2440 1802 2496 condidit
1842 2439 2126 2502 universa,

531 2549 839 2617 eademque
884 2556 1021 2599 cura
1073 2555 1175 2596 sua
1225 2534 1685 2609 providentiaque
1717 2531 2126 2601 complectitur,

535 2658 603 2697 ne
629 2639 754 2696 feno
789 2637 1010 2709 quidem
1038 2639 1265 2699 excepto
1291 2643 1305 2693 ;
1335 2641 1497 2697 quem
1529 2625 1755 2696 insuper
1802 2624 1967 2679 Deum
2011 2621 2130 2676 Sal-

535 2744 692 2788 vator
719 2746 819 2787 sua
853 2743 988 2784 voce
1033 2723 1322 2780 confessus
1352 2727 1457 2776 est.

610 2822 795 2879 Schol.
821 2820 910 2876 52.
948 2818 1111 2873 Pater
1138 2823 1303 2870 tester
1339 2812 1479 2866 novit
1525 2810 1788 2877 corporeis
1829 2810 1955 2863 iisce
1987 2807 2129 2863 vobis

538 2932 667 2986 opus
682 2930 792 2969 esse
808 2912 849 2968 ³.

612 3008 798 3064 Rcfut.
838 3006 927 3061 '52.
988 3004 1146 3061 Novit
1181 3003 1343 3059 Pater
1374 2998 1678 3069 discipulos
1706 2992 1956 3065 corporis
1987 2990 2133 3045 indic

538 3118 666 3175 gere
703 3097 1192 3157 commoditatibus
1214 3136 1230 3163 ,
1262 3108 1401 3164 quas
1432 3091 1642 3146 idcirco
1674 3091 1935 3157 procurat
1965 3100 1980 3149 ;
2020 3098 2132 3137 non

539 3198 597 3252 in
626 3195 735 3250 alio
755 3193 994 3266 quodam
1014 3206 1178 3263 quam
1207 3190 1260 3243 in
1279 3187 1383 3242 hoc
1409 3183 1642 3248 saeculo;
1675 3194 1854 3248 neque
1878 3179 1933 3232 in
1957 3177 2133 3231 aliena

538 3286 917 3358 possessione,
948 3283 1043 3340 scd
1072 3283 1125 3337 in
1157 3282 1226 3339 iis
1252 3279 1418 3334 rebus
1451 3288 1686 3347 quarum
1732 3272 1849 3343 ipse
1880 3268 2133 3324 conditor

537 3389 644 3447 est,
671 3393 862 3435 servos
911 3390 1043 3432 suos
1099 3370 1369 3444 singulari
1402 3366 1750 3440 providentia
1789 3363 2128 3434 gubernans.

613 3468 798 3525 Schol.
840 3467 924 3522 53.
950 3464 1185 3533 Quaerite
1217 3476 1433 3533 regnum
1466 3457 1578 3523 Dei,
1611 3466 1659 3511 et
1688 3455 1796 3509 ha'c
1834 3452 2014 3507 omnia
2043 3450 2134 3503 ad-

533 3562 790 3632 jicientur
818 3558 964 3614 nobis
1001 3557 1045 3613 ‘.

613 3651 800 3708 Refut.
832 3652 923 3706 ‘53.
960 3648 1020 3705 Si
1049 3647 1239 3703 alienis
1272 3652 1652 3702 sustentamur
1688 3641 1905 3712 opibus,
1942 3645 2133 3708 estque

541 3745 683 3800 alius
715 3744 960 3799 caelestis
1010 3739 1164 3810 regni
1206 3737 1368 3803 Deus,
1402 3734 1533 3806 quid
1572 3740 1752 3805 potest
1784 3732 1841 3786 in
1871 3730 1977 3785 hoc
2009 3743 2133 3785 esse

542 3851 797 3894 sermone
827 3829 1292 3890 consentaneum?
1317 3827 1450 3882 Nam
1480 3837 1574 3881 aut
1598 3824 1665 3881 ad
1698 3824 1849 3879 illum
1866 3830 1979 3877 tam
1994 3819 2133 3876 infe-

540 3928 689 3982 riora
720 3927 822 3982 ista
847 3925 1140 3997 pertinent,
1166 3936 1331 3993 quam
1359 3920 1585 3975 cmleste
1612 3930 1868 3986 regnum,
1899 3912 2133 3982 ideoque

542 4018 805 4075 inferiora
842 4019 956 4073 haec
994 4016 1198 4080 omnia,
1228 4029 1349 4085 quae
1397 4026 1495 4069 sua
1528 4008 1690 4082 335
1737 4015 1887 4074 sunt,
1920 4021 2019 4077 pro
2055 4006 2133 4059 la-

541 4112 812 4176 boreillo,
855 4125 1018 4182 quem
1049 4109 1199 4179 regni
1237 4106 1322 4161 sui
1358 4103 1692 4182 desiderium
1740 4098 1937 4155 all'erre
1969 4097 2127 4163 solet,

543 4180 1190 4272 hominibus—rependit;
1242 4204 1337 4252 aut
1367 4198 1440 4251 ita
1499 4180 1734 4265 regnum
1774 4190 2132 4259 futurumque

541 4297 803 4354 saeculum
846 4294 912 4348 ad
947 4294 1099 4347 illum
1157 4290 1415 4362 pertinet,
1467 4298 1525 4342 ut
1556 4285 1673 4340 haec
1706 4282 1893 4338 infima
1923 4279 2130 4337 Condi-

539 4384 651 4438 tori
676 4381 964 4439 tribuenda
978 4382 1119 4446 sint;
1144 4395 1211 4435 ex
1232 4393 1341 4448 qua
1363 4372 1610 4446 sequitur
1623 4370 1938 4429 Conditoris
1954 4369 2131 4440 ipsius

540 4476 873 4533 voluntatem
922 4473 988 4529 ad
1019 4471 1261 4541 supremi
1313 4469 1459 4523 illius
1490 4481 1717 4538 regnum
1750 4462 2132 4520 accommoda-

542 4573 655 4621 tam
678 4582 821 4630 esse,
851 4580 976 4619 cum
1040 4564 1108 4619 iis
1161 4562 1418 4617 erunibus
1470 4558 1809 4630 gratiﬁcetur
1841 4564 1897 4613 et
1925 4554 2127 4621 faveat,
2161 4581 2206 4636 ο

543 4658 916 4729 quijustitiam
954 4655 1127 4726 ipsius
1183 4667 1248 4707 ac
1289 4666 1518 4723 regnum
1561 4650 1861 4719 requirant.
1889 4648 2046 4714 Quod
2078 4648 2125 4704 si

541 4747 841 4802 voluntatis
870 4746 1020 4801 nulla
1047 4742 1346 4807 dissensio,
1363 4739 1458 4796 sed
1488 4754 1706 4795 summa
1731 4738 1979 4810 quaedam
1994 4754 2127 4794 can-

541 4839 732 4896 cordia
760 4841 852 4907 sit,
885 4854 992 4894 non
1012 4838 1124 4908 jam
1149 4836 1259 4893 duo
1290 4842 1440 4899 sunt,
1470 4835 1642 4889 triave
1667 4832 1955 4904 principia.
1985 4832 2125 4901 Yere

2230 1991 2470 2059 χόρτον.

2304 2084 2526 2153 Ἔλεγχ.
2559 2083 2663 2137 λα’.
2698 2083 2761 2136 Εἰ
2792 2083 2885 2136 καὶ
2921 2081 2997 2153 μὴ
3026 2082 3119 2152 ἐᾷς
3139 2080 3207 2135 τὰ
3226 2081 3602 2153 γεγραμμένα,
3623 2079 3689 2144 ὡς
3710 2071 3766 2132 εἶ-

2229 2194 2323 2248 χεν
2358 2176 2463 2230 ὑπὸ
2492 2176 2587 2229 τοῦ
2620 2176 2873 2246 Σωτῆρος
2905 2173 3192 2246 εἰρημένα,
3216 2173 3333 2227 ἀλλ’
3362 2168 3521 2242 οὖνγε
3550 2171 3766 2236 σώζονται

2228 2272 2278 2324 oi
2304 2269 2459 2323 τόποι
2482 2270 2540 2322 ὲν
2569 2267 2647 2339 τῷ
2673 2265 2990 2337 Εὐαγγελίῳ
3016 2265 3116 2336 τῆς
3141 2263 3304 2333 ἁγίας
3339 2263 3671 2335 Ἐκκλησίας’
3693 2260 3768 2317 κᾶν

2230 2363 2441 2435 ἀρνήσῃ
2471 2361 2535 2414 σὺ
2564 2361 2656 2414 τὸν
2678 2359 2812 2413 Θεὸν
2836 2359 2927 2413 τὸν
2958 2359 3136 2413 πάντα
3175 2358 3532 2427 πεποιηκότα,
3561 2357 3647 2410 καὶ
3668 2355 3770 2409 adv—

2230 2469 2338 2505 των
2372 2449 2763 2522 ἐπιμελόμενον
2782 2448 2861 2520 τῷ
2893 2448 3052 2519 Λόγῳ
3074 2446 3264 2506 αὐτοῦ,
3292 2446 3426 2518 ἄχρι
3452 2449 3544 2501 καὶ
3566 2445 3652 2501 τοῦ
3670 2445 3763 2517 χόρ-

2230 2560 2346 2607 του,
2372 2541 2467 2596 καὶ
2493 2541 2597 2595 ὑπὸ
2624 2540 2717 2595 τοῦ
2741 2539 2993 2611 Σωτῆρος
3020 2538 3475 2611 ὁμολογούμενον.

2308 2804 2464 2876 Σχόλ.
2489 2801 2591 2856 λ6’.
2636 2799 2821 2872 Ὺμῶν
2855 2798 2923 2853 δὲ
2946 2803 2977 2854 ὁ
3003 2797 3208 2867 Πατὴρ
3239 2794 3430 2863 older,
3462 2798 3547 2852 ὅτι
3574 2794 3767 2868 χρῄζετε

2234 2897 2462 2950 τούτων
2492 2892 2614 2948 τῶν
2642 2889 2969 2961 σαρκικῶν.
3594 2952 3599 2955 ἠ

2309 2985 2530 3056 Ἔλεγχ.
2545 2983 2644 3055 λβῑ
2661 2978 2816 3039 Οἶδεν
2834 2984 2861 3035 ὁ
2878 2980 3087 3054 Πατὴρ,
3107 2980 3187 3035 ὃτι
3200 2980 3496 3053 χρῄζουσιν
3508 2980 3556 3034 oi
3579 2976 3769 3050 μαθηταὶ

2234 3077 2345 3133 τῶν
2369 3077 2646 3150 σαρκικῶν
2671 3074 2889 3149 χρειῶν,
2912 3076 3005 3129 καὶ
3024 3078 3240 3147 προνοεῖ
3258 3074 3369 3129 τῶν
3392 3073 3650 3128 τοιούτωνο
3670 3086 3770 3140 προ-

2236 3173 2348 3224 νοεῖ
2375 3169 2432 3223 δὲ
2468 3170 2569 3222 οὐκ
2602 3169 2661 3222 ὲν
2687 3168 2832 3238 ἄλλῳ
2861 3166 3037 3231 αἰῶνι,
3069 3166 3182 3219 ἀλλ’
3212 3165 3469 3230 ἐνταῦθα,
3498 3165 3591 3218 οὐκ
3612 3164 3663 3216 ὲν
3686 3161 3768 3221 τοῖς

2159 3235 2202 3293 c
2236 3257 2538 3330 ἀλλοτρίοις
2568 3257 2669 3329 τὴν
2711 3235 2970 3329 πρόνοιαν
3003 3255 3111 3309 τῶν
3158 3250 3354 3308 ἑαυτοῦ
3403 3255 3599 3308 δούλων
3624 3249 3767 3306 ποιού-

2238 3367 2419 3423 μενος,
2448 3349 2563 3403 ἀλλ’
2594 3349 2652 3402 ὲν
2678 3351 2793 3412 τοῖς
2819 3348 2910 3401 ὑπ’
2941 3345 3107 3401 αὐτοῦ
3137 3347 3500 3417 ὲκτισμένοις.

2306 3440 2461 3513 Σχόλ.
2490 3440 2591 3510 λγ’.
2621 3438 2861 3508 Ζητεῖτε
2884 3437 2999 3507 τὴν
3013 3438 3349 3504 βασιλείαν
3383 3435 3492 3491 τοῦ
3520 3433 3668 3499 Θεοῦ,
3694 3430 3765 3485 καί

2235 3532 2422 3587 ταῦτα
2450 3530 2649 3585 πάντα
2672 3526 3149 3607 προστεθήσεται
3176 3527 3341 3597 ὑμῖν.

2310 3623 2533 3693 Ἔλεγχ.
2570 3620 2673 3691 λγ’.
2721 3622 2787 3674 Εί
2824 3619 2933 3674 τῶν
2953 3619 3116 3674 ἄλλου
3141 3620 3161 3651 ⁶
3180 3615 3514 3689 τρεφόμεθα,
3533 3613 3620 3669 καὶ
3648 3609 3767 3672 ἄλλος

2233 3712 2377 3777 Θεὸς
2401 3712 2500 3781 τῆς
2539 3709 2815 3781 βασιλείας
2844 3709 2954 3763 τῶν
2981 3707 3227 3780 οὐρανῶν
3251 3708 3512 3779 ὑπάρχει,
3535 3703 3641 3768 πῶς
3666 3700 3768 3755 {sti

2234 3804 2391 3874 λόγος
2425 3803 2817 3874 συμφωνήσεις
2846 3800 2906 3853 Εἰ
2944 3799 3053 3870 γὰρ
3074 3799 3093 3830 ⁷
3111 3796 3277 3852 αὐτοῦ
3307 3799 3430 3851 ἐστι
3467 3796 3534 3850 τὰ
3564 3790 3766 3853 ἐνταῦθα,

2234 3896 2329 3952 καὶ
2367 3893 2533 3950 αὑτοῦ
2579 3896 2727 3948 ἐστιν
2769 3894 2802 3965 ἡ
2838 3890 3102 3963 βασιλείαο
3147 3890 3227 3945 διὸ
3269 3888 3591 3961 προστίθησι
3630 3883 3765 3958 πάντα

2232 3991 2301 4045 τὰ
2326 3987 2562 4044 ἐνταῦθα
2584 3986 2712 4040 ὄντα
2738 3982 2903 4038 αὑτοῦ
2925 3982 3013 4037 διὰ
3038 3982 3130 4037 τὸν
3152 3982 3399 4053 κάματον
3419 3980 3511 4034 τοῦ
3532 3976 3677 4032 πόθου
3693 3972 3765 4042 τῆς

2234 4081 2400 4137 αὐτοῦ
2433 4079 2731 4153 βασιλείας·
2765 4077 2799 4150 ἢ
2837 4076 3003 4131 αὑτοῦ
3038 4077 3192 4148 μὲνή
3227 4073 3498 4146 βασιλεία,
3533 4065 3766 4127 καὶόὲκεῖ

2232 4177 2389 4243 αἰὼν,
2427 4174 2522 4229 τοῦ
2553 4174 2610 4228 δὲ
2639 4167 2985 4244 Δημιουργοῦ
3016 4167 3083 4221 τὰ
3103 4164 3361 4221 ἐνταῦθα·
3393 4164 3489 4219 καὶ
3512 4155 3764 4218 συνευδοκεῖ

2232 4274 2260 4326 ὀ
2286 4266 2629 4341 Δημιουργὸς
2656 4267 2722 4336 τῇ
2752 4260 2849 4316 τοῦ
2887 4262 3000 4316 ἄνω
3035 4258 3304 4330 βασιλείᾳ,
3346 4250 3761 4326 ἀντιλαμβανόμε-

2232 4381 2323 4428 νος
2352 4364 2462 4416 τῶν
2492 4360 2589 4431 τὴν
2618 4355 2967 4425 δικαιοσύνην
2998 4352 3093 4407 τοῦ
3124 4353 3235 4406 ἄνω
3264 4345 3361 4405 καὶ
3403 4346 3660 4420 βασιλείαν
3692 4341 3763 4409 ζη-

2231 4452 2490 4508 τούντων.
2525 4449 2674 4512 Μιᾱς
2705 4446 2763 4500 δὲ
2794 4443 2962 4515 οὔσης
2990 4441 3258 4506 εὐδοκίας,
3289 4440 3385 4493 καὶ
3417 4438 3533 4508 οὐχὶ
3560 4436 3762 4515 διαφερο-

2238 4546 2425 4619 μένης,
2470 4511 2664 4597 οὐκέτι
2705 4538 2799 4593 δύο
2835 4511 3003 4609 ἀργαὶ
3035 4534 3068 4605 ἢ
3101 4534 3269 4605 τρεῖς·
3322 4529 3403 4602 τῷ
3454 4529 3558 4601 γὰρ
3595 4511 3762 4619 avri-ei;

2235 4612 2384 4694 ἐστιν
2411 4638 2439 4691 ὁ
2463 4636 2615 4699 Θεὸς,
2643 4636 2672 4688 ό
2698 4632 2767 4686 τὰ
2794 4631 2973 4685 πάντα
3002 4628 3255 4697 ποιήσας
3283 4625 3512 4695 ποιήσας
3533 4620 3585 4674 δὲ
3606 4612 3760 4675 καλὰ,

2233 4730 2330 4785 καὶ
2348 4730 2458 4783 οὐκ
2491 4725 2772 4788 ἐναντίως.
2809 4720 2998 4792 Ἦμῶν
3026 4718 3084 4773 δέ
3107 4720 3225 4771 ἐστι
3252 4715 3315 4769 τὸ
3343 4711 3675 4787 ἁμαρτάνειν,
3694 4702 3761 4757 καὶ

2234 4824 2563 4896 σφάλλεσθαι
2598 4824 2654 4875 ὲν
2680 4819 2759 4891 τῷ
2791 4817 2991 4877 θέλειν,
3022 4802 3118 4869 icti.
3146 4814 3204 4866 ὲν
3227 4809 3307 4881 τῷ
3348 4804 3423 4881 μὴ
3450 4807 3630 4862 θέλειν.

538 4933 685 4989 enim
710 4932 853 4989 Deus
880 4949 1027 4989 unus
1045 4940 1150 4998 est,
1189 4929 1279 5002 qui
1308 4929 1562 4984 universa
1595 4928 1880 4993 condidit;
1912 4934 1967 4983 et
1997 4899 2009 4901 —
2033 4925 2255 4998 quidem
2322 4923 2482 4985 bene,
2555 4934 2661 4972 non
2710 4912 2991 4970 contrario
3042 4907 3204 4964 modo
3243 4905 3505 4962 condidit.
3572 4899 3759 4953 Pcecare

500 5044 507 5057 ί
542 5046 673 5087 vero
706 5040 955 5086 nostrum
1010 5039 1114 5094 est,
1172 5040 1335 5098 atque
1372 5027 1426 5081 in
1478 5025 1729 5096 eligendo
1761 5024 2127 5095 fugiendoque
2161 5022 2435 5077 aberrare.

612 5126 803 5183 Schol.
830 5125 919 5181 54.
948 5124 1054 5179 Pro
1077 5140 1142 5179 eo
1176 5122 1323 5195 quod
1344 5130 1459 5177 cst:
1493 5120 1655 5175 Pater
1688 5131 1852 5175 vester
1881 5121 1924 5186 ⁵,
1955 5119 2121 5175 habe-

538 5219 653 5287 bat,
684 5217 870 5273 Pater.

609 5309 793 5365 Hefut.
825 5309 913 5395 ξι.
930 5307 1072 5364 Nihil
1095 5308 1277 5363 causa:
1302 5312 1503 5361 nostrae
1533 5320 1601 5360 ne
1620 5303 1726 5359 hoc
1752 5302 1877 5360 loco
1900 5300 2121 5373 quidem

540 5399 731 5466 oilicis,
780 5393 876 5457 sed
916 5417 1037 5457 eam
1071 5401 1246 5472 magis
1275 5399 1556 5466 sublevas,
1590 5398 1721 5453 dum
1754 5397 1952 5452 harum
1986 5393 2127 5450 infe-

541 5490 748 5546 riorum
772 5506 959 5546 curam
993 5508 1026 5547 a
1056 5492 1220 5548 Patre
1247 5508 1349 5548 suo
1382 5492 1499 5563 geri
1549 5488 1896 5546 conﬁtentem
1931 5483 2124 5540 Salva-

539 5584 713 5634 torcm
743 5582 978 5637 inducis.

1061 5796 1075 5810 .
1183 5758 1357 5816 ’ibid.
1395 5758 1448 5813 8.
1560 5756 1580 5789 ³
1609 5756 1742 5813 ibid.
1788 5757 1879 5814 '50.

1980 5752 2004 5786 ι
2034 5751 2169 5825 ibid,
2195 5750 2284 5808 '51.

2302 5114 2456 5185 Σχόλ.
2490 5111 2584 5167 λό’.
2640 5108 2785 5162 Ἀντὶ
2807 5104 2923 5159 τοῦ’
2980 5102 3046 5154 '0
3078 5096 3281 5165 Πατὴρ
3315 5092 3498 5165 ὑμῶν,
3534 5092 3564 5146 ό
3596 5082 3757 5149 Πατὴρ

2228 5203 2526 5367 augis-rx.
2564 5291 2790 5347 λδ¹.Καὶ
2824 5292 2880 5342 ὲν
2918 5287 3094 5357 τούτῳ
3131 5282 3282 5361 ορὂὲν
3318 5280 3466 5351 ἡμᾶς
3502 5273 3748 5341 ἀδικήσεις,

2227 5391 2364 5446 ἀλλὰ
2388 5390 2468 5443 ἔτι
2496 5381 2940 5446 ὲπιόεὸαιώσεις.
2977 5378 3083 5433 Τὸν
3112 5375 3221 5446 γὰρ
3251 5372 3413 5428 αὑτοῦ
3434 5368 3633 5438 Πατέρα
3649 5374 3749 5430 προ-
3832 5400 3839 5413 .

2226 5485 2368 5536 νοεῖν
2400 5480 2508 5534 τῶν
2549 5475 2784 5533 ἐνταῦθα
2814 5470 3175 5544 ὡμολόγησας
3207 5465 3299 5519 τὸν
3332 5461 3550 5531 Σωτῆρα
3575 5448 3749 5525 εἰρηκέο

2226 5592 2332 5633 ναι.
3817 5576 3823 5583 ’

2393 5749 2416 5784 ⁸
2446 5748 2573 5807 ibid-
2616 5746 2706 5804 50-
2825 5743 2848 5776 ⁸
2882 5742 3039 5801 Carr.
3071 5744 3135 5796 ἐκ
3165 5737 3274 5793 τῶν
3302 5732 3474 5790 ἄλλον.
3574 5723 3593 5756 ⁷
3618 5716 3740 5774 Carr.
