3934 6416
164 433 280 493 749

815 430 1186 490 ADVERSUS
1223 431 1567 488 HERESES
1604 432 1731 488 LIB.
1768 431 1808 488 1.
1850 431 2013 488 ΤΟΜ.
2054 432 2140 487 lii.
2184 463 2250 474 —-
2290 434 2563 491 "£883.
2606 435 2767 492 XLII.

242 549 401 621 Σχόλ.
444 549 542 606 λε’.
592 549 740 605 Ἀντὶ
774 550 889 615 τοῦ,
925 548 1178 620 δευτέρᾳ
1220 550 1258 620 ἣ
1289 551 1458 619 τρίτῃ
1487 549 1753 621 φυλακῇ,

1935 548 2118 605 Schol.
2146 551 2234 607 55.
2276 550 2382 607 Pro
2429 567 2498 607 eo
2552 553 2698 622 quod
2740 560 2843 619 est,
2881 553 3131 619 secunda,
3172 553 3250 608 vel
3281 560 3437 613 tertia

168 640 343 714 εἶχεν,
372 642 664 712 conspergi
690 642 962 713 φυλακῇ.
1178 708 1179 711 η

251 735 473 805 Ἔλεγχ.
498 733 594 790 λε’.
639 734 1035 806 Ἐλήλεγκταιὸ
1054 733 1351 805 κτηνὼδης,
1383 732 1761 805 μεταστρέψας

168 828 306 889 τοὺς
342 825 525 890 θείους
554 826 748 895 λόγους
791 827 1036 897 ἀνοήτως
1082 827 1218 898 πρὸς
1262 826 1360 897 τὴν
1397 825 1591 882 ἑαυτοῦ
1631 824 1761 877 ὑπό-

169 936 350 974 νοιαν.
379 918 453 971 Οὐ
485 917 594 990 γὰρ
631 919 889 991 ἡμεριναὶ
926 918 1166 987 γίνονται
1189 918 1302 989 (75)
1338 915 1596 985 φυλακαὶ,
1627 915 1763 970 ἀλλά

174 1013 522 1082 νυκτεριναὶ,
573 1008 680 1063 ἀπὸ
723 1008 960 1080 ἑσπέρας
1004 1011 1085 1072 εἰς
1122 1008 1221 1079 τὴν
1260 1007 1484 1078 πρώτην
1516 1006 1762 1077 φυλακὴν

175 1106 465 1176 προκοπὴν
492 1104 591 1174 τῆς
621 1103 967 1166 ἐπεκτάσεως
1003 1102 1245 1174 ἔχουσαι,
1276 1103 1371 1156 καὶ
1400 1102 1502 1155 οὐκ
1530 1101 1638 1155 ἀπὸ
1663 1101 1763 1171 τῆς

174 1196 255 1249 ἕω
304 1198 384 1259 εἰς
419 1195 518 1266 τὴν
556 1195 817 1266 ἑσπέραν,
867 1194 942 1258 ὡς
988 1189 1140 1257 οὗτος
1183 1193 1463 1247 ἁλίσκεται
1513 1192 1765 1265 ῥᾳδιουρ-

174 1291 379 1360 γήσας.

251 1378 409 1447 Σχὸλ.
437 1376 546 1441 λς’.
583 1375 745 1441 Ἥξει
778 1379 811 1431 ό
840 1377 1056 1444 Κύριος
1095 1376 1203 1430 τοῦ
1242 1374 1467 1430 δούλου
1506 1374 1762 1439 ἐκείνου,

174 1470 277 1525 καὶ
309 1469 693 1539 διχοτομήσει
731 1470 941 1534 αὐτὸν,
975 1468 1073 1523 καὶ
1101 1469 1165 1523 τὸ
1190 1469 1374 1539 μέρος
1396 1469 1583 1525 αὐτοῦ
1615 1471 1768 1540 μετὰ

174 1561 303 1616 τῶν
324 1562 597 1615 ἀπίστων
630 1561 823 1627 θήσει.

252 1652 472 1721 Ἕλεγχ.
507 1652 614 1717 λς’.
645 1653 738 1716 Τίς
764 1654 792 1705 6
820 1653 1116 1724 διχοτομῶν
1140 1654 1232 1708 τὸν
1263 1654 1483 1721 δοῦλον;
1518 1655 1669 1725 λέγε.
1702 1655 1766 1708 Εἰ

176 1744 286 1814 μὲν
315 1745 343 1796 6
374 1744 717 1815 Δημιουργὺς
762 1746 858 1798 καὶ
903 1744 1095 1816 κριτὴς
1140 1746 1291 1817 παρά
1335 1745 1427 1801 σοῦ
1477 1746 1767 1818 λεγόμενος

1861 640 2103 695 custodia
2132 643 2173 706 ³,
2202 642 2856 712 scripserat,-eespertina
2877 644 3141 700 custodia.

1932 731 2114 787 Rcfut.
2150 733 2238 789 55.
2278 733 2354 788 Ex
2378 734 2481 789 hoc
2502 735 2622 789 loco
2651 734 2938 791 manil‘este
2962 737 3140 792 bellua
3174 740 3278 794 ista
3308 755 3440 795 con-

1864 826 2104 880 vincitur
2131 825 2314 880 divina
2377 826 2443 880 ad
2488 829 2777 897 Opiniones
2826 845 2955 886 suas
2987 832 3209 887 oracula
3246 833 3442 904 depra-

1863 931 2042 971 vasse.
2100 915 2286 987 Neque
2347 918 2491 973 enim
2549 920 2759 975 diurnae
2810 930 2940 976 sunt
2982 924 3267 991 custodiae,
3343 925 3439 980 sed

1866 1016 2171 1071 nocturnae,
2202 1023 2324 1078 qum
2368 1022 2398 1062 a
2442 1025 2669 1080 vespera
2725 1011 2957 1081 primam
3016 1014 3083 1069 ad
3129 1017 3437 1071 custodiam

1867 1107 2256 1169 prorogantur,
2316 1116 2424 1155 non
2473 1117 2503 1155 a
2551 1104 2823 1158 matutino
2861 1103 3105 1160 diluculo
3136 1106 3203 1160 ad
3242 1123 3438 1178 vespe-

1867 1207 2005 1256 ram,
2031 1192 2489 1263 quemadmodum
2524 1193 2626 1250 iste
2657 1195 2927 1267 ﬂagitiose
2961 1199 3259 1254 substituit.

1940 1373 2126 1429 Schol.
2169 1375 2257 1430 56.
2302 1375 2479 1431 Veniet
2516 1376 2773 1433 Dominus
2803 1381 2938 1434 servi
2967 1381 3135 1447 illius,
3175 1392 3223 1437 et
3243 1385 3440 1439 secnb‘ft

1865 1479 2004 1528 eum,
2043 1474 2091 1517 et
2124 1474 2327 1532 partem
2356 1466 2469 1534 ejus
2486 1478 2641 1536 ponet
2665 1485 2783 1524 cum
2806 1462 3106 1539 inﬁdelibus
3146 1472 3188 1528 '.

1940 1640 2121 1697 ltefut.
2146 1642 2234 1698 36.
2268 1643 2402 1709 Quis
2422 1645 2582 1701 istius
2612 1646 2753 1702 servi
2773 1660 2951 1703 sector
2972 1659 3075 1717 est,
3105 1652 3331 1721 agedum
3368 1653 3447 1705 di-

1870 1733 1999 1787 cito.
2033 1732 2088 1788 Si
2117 1735 2260 1788 enim
2292 1737 2382 1792 ille
2416 1736 2532 1807 ipse
2559 1736 2807 1805 Creator,
2840 1754 3001 1809 quem
3038 1752 3095 1796 tu
3115 1742 3356 1811 judicem
3385 1759 3447 1799 ac

175 1834 317 1898 Θεός
337 1836 486 1887 ἐστιν
506 1836 535 1888 6
550 1835 708 1888 τοῦτο
720 1836 930 1906 μέλλων
953 1837 1239 1907 πράσσειν,
1254 1837 1361 1910 ἄρα
1377 1837 1540 1891 αὑτοῦ
1559 1841 1695 1893 εἰσιν
1717 1840 1765 1892 οἱ

1886 1826 2040 1881 Deum
2083 1827 2299 1891 statuis,
2354 1828 2455 1882 hoc
2488 1830 2712 1883 omnino
2746 1830 2993 1887 facturus
3042 1842 3150 1897 est,
3194 1831 3260 1889 ad
3304 1834 3447 1891 hunc

178 1926 386 1979 πιστοί·
419 1926 689 1997 ἐπιτιμῶν
709 1928 816 1997 γάρ
836 1927 913 1999 τῷ
939 1927 1013 2000 μὴ
1040 1929 1220 1993 καλῶς
1247 1929 1541 1999 πράττοντι
1571 1930 1763 2001 δούλῳ,

1886 1919 2031 1983 alane
2066 1918 2251 1973 ﬁdeles
2285 1921 2658 1989 pertinebunt.
2688 1921 2901 1977 Etenim
2935 1940 3152 1980 servum
3186 1927 3275 1982 ille
3306 1929 3447 1982 haud

177 2017 248 2070 τὸ
272 2016 456 2086 μέρος
481 2017 669 2071 αὑτοῦ
696 2018 848 2087 μετὰ
879 2018 997 2071 τῶν
1023 2020 1296 2074 ἀπίστων
1327 2021 1585 2088 τίθησινο
1623 2022 1672 2073 εἱ
1709 2021 1766 2074 δὲ

178 2111 211 2161 6
235 2108 426 2180 Πατὴρ
456 2108 550 2161 τοῦ
582 2110 820 2180 Χριστοῦ
852 2112 1022 2176 ἐστιν,
1048 2112 1080 2183 ἢ
1104 2112 1264 2175 αὐτὸς
1290 2114 1318 2165 6
1343 2111 1623 2184 Χριστὸςὸ
1642 2112 1768 2184 μὲλ-

179 2201 293 2254 λων
333 2199 495 2254 τοῦτο
540 2202 827 2267 ἐπιτελεῖν,
877 2203 1065 2272 σαφῶς
1110 2204 1209 2276 τὴν
1262 2203 1569 2275 μαρτυρίαν
1617 2204 1770 2277 παρά

181 2291 370 2362 σαυτῷ
419 2292 708 2362 φυλάττεις
756 2293 896 2347 κατὰ
932 2294 1025 2348 σοῦ
1056 2290 1242 2348 οὖσαν·
1279 2294 1554 2364 ὁμολογῶν
1587 2295 1696 2366 γὰρ
1731 2295 1765 2365 ἢ

181 2381 420 2452 Χριστὸν
463 2382 496 2453 ἢ
531 2382 621 2435 τὸν
654 2383 821 2436 αὐτοῦ
865 2384 1087 2456 Πατέρα
1131 2382 1290 2437 τοῦτο
1339 2385 1601 2456 πράττειν
1643 2385 1771 2454 μέλ-

180 2473 345 2528 λοντα
375 2475 780 2546 ἀναμφιϐόλως,
819 2475 1180 2553 ὡμολόγησας
1222 2477 1314 2529 τὸν
1345 2476 1507 2530 αὑτὸν
1550 2476 1763 2548 κριτὴν,

182 2567 276 2619 καὶ
310 2566 403 2619 τὸν
420 2567 581 2619 αὐτὸν
604 2567 828 2636 ἀγαθὸν,
860 2568 954 2621 καὶ
981 2569 1078 2622 ἕνα
1104 2568 1252 2632 ὄντα,
1286 2567 1393 2621 τῶν
1425 2561 1526 2622 ὧδε
1548 2569 1639 2622 καὶ
1661 2568 1769 2627 τῶν

181 2659 302 2710 ἔ.κεῖ
327 2658 738 2729 προνοούμενον.

255 2751 413 2818 ῖχὸὶ..
441 2748 534 2814 λζ’.
571 2750 667 2816 Μή
699 2766 845 2804 ποτε
867 2753 1181 2819 κατασύρῃ
1221 2766 1294 2805 σε
1320 2751 1471 2819 πρὸς
1507 2750 1615 2805 τὸν
1648 2769 1769 2819 κρι-

181 2840 322 2908 τὴν,
358 2842 455 2896 καὶ
478 2845 508 2896 d
535 2843 742 2911 κριτὴς
765 2842 1108 2911 παραδώσει
1135 2858 1209 2896 σε
1238 2840 1318 2907 τῷ
1343 2842 1651 2911 πράκτορι.

259 2932 481 3004 Ἔλεγχ,
505 2934 603 2999 λζ’.
623 2933 831 3006 Κριτὴν
851 2932 996 3004 λέγει
1009 2920 1101 2989 τὸν
1116 2934 1770 3007 Δημιουργὺν,πράκτορα

181 3025 241 3078 δὲ
274 3024 504 3079 ἕκαστον
535 3027 643 3080 τῶν
669 3024 833 3080 αὐτοῦ
872 3026 1140 3096 ἀγγέλων,
1185 3027 1484 3098 μέλλοντας
1517 3027 1770 3080 ἀπαιτεῖν

183 3116 314 3180 τοὺς
337 3117 692 3189 ἁμαρτωλοὺς
732 3118 801 3173 τὰ
835 3118 1221 3191 πεπραγμένα.
1249 3121 1386 3173 Ποῖα
1413 3118 1469 3172 δὲ
1494 3118 1611 3172 ἀλλ’
1634 3118 1667 3189 ἢ
1701 3116 1771 3171 τά

185 3210 483 3281 σφάλματα
508 3211 604 3265 καὶ.
633 3212 1027 3283 ἁμαρτήματα,
1060 3211 1095 3265 ἃ
1128 3212 1221 3265 καὶ
1245 3213 1274 3265 6
1310 3211 1516 3281 Ἰησοῦς
1553 3209 1771 3279 βδελύσ-
1797 3246 1840 3303 C

188 3318 366 3365 σεται,
405 3301 441 3355 ἃ
474 3302 569 3355 καὶ
599 3303 664 3357 σὺ
705 3302 1070 3375 ἀπαγορεύειν
1110 3303 1327 3371 λέγειςς
1370 3303 1433 3355 Εἰ
1473 3301 1650 3355 τοίνυν
1678 3300 1714 3356 ἀ
1743 3302 1771 3354 6

185 3392 396 3461 ἀγαθὸς
433 3393 566 3457 Θεὺς
603 3392 971 3464 βδελύσσεται,
1008 3393 1104 3448 καὶ
1149 3395 1177 3446 6
1224 3393 1440 3464 κριτὴς,
1471 3394 1566 3447 καὶ
1601 3394 1629 3445 6
1663 3395 1769 3464 Δη-

188 3487 452 3556 μιουργὺς
490 3485 559 3539 τὰ
593 3486 734 3541 αὐτά
767 3486 1135 3557 βδελύσσεται,
1171 3480 1252 3549 εἷς
1283 3487 1400 3538 ἐστι
1429 3486 1523 3538 καὶ
1556 3487 1585 3538 6
1609 3485 1772 3549 αὐτὸς

185 3577 298 3633 ἀπὸ
322 3576 416 3629 τοῦ
443 3577 608 3647 ἔργου
638 3577 1005 3647 δεικνύμενος,
1030 3576 1247 3646 καὶτῆς
1283 3577 1412 3645 μιᾶς
1444 3576 1712 3639 εὐδοκίας.

263 3667 418 3739 Σχόλ.
445 3669 545 3740 λη’.
579 3665 686 3723 Ἦν
720 3668 1217 3741 παρακεκομμένον
1259 3667 1522 3733 ἀπὸτοῦ,
1550 3664 1775 3725 Ἦλθόν

189 3778 353 3828 τινες
384 3750 863 3833 drum-suone?
896 3760 1058 3828 αὐτῷ
1091 3763 1223 3832 περὶ
1260 3761 1381 3815 τῶν
1408 3763 1773 3841 Γαλιτὶαίων,

181 3849 279 3910 ὧν
310 3853 374 3907 τὸ
404 3849 549 3922 alita
588 3852 877 3922 συνέμιξε
918 3852 1175 3919 Πιλᾶτος
1211 3851 1362 3921 μετὰ
1393 3852 1512 3905 τῶν
1550 3851 1777 3909 θυσιῶν

187 3942 412 4009 αὐτῶν,
439 3944 545 4006 ἕως
570 3944 704 3996 ὅπου
734 3942 879 4012 λέγει
910 3943 1040 4014 περὶ
1068 3943 1174 3996 τῶν
1205 3945 1262 3996 ὲν
1291 3941 1369 4013 τῷ
1397 3940 1620 4014 Σιλωὰμ
1643 3942 1776 3996 δέκα

186 4037 286 4090 καὶ
323 4036 466 4089 ὀκτὼ
504 4035 883 4090 ἀποθανόντων
918 4038 976 4089 ὲν
1015 4035 1094 4107 τῷ
1132 4037 1346 4108 πύργῳο
1392 4035 1489 4090 καὶ
1524 4036 1607 4090 ὅτι
1642 4036 1777 4089 Ἐὰν

177 4127 273 4198 μὴ
294 4126 726 4195 μετανοήσητε·
753 4127 847 4182 καὶ
872 4126 977 4190 ἕως
996 4127 1097 4197 τῆς
1119 4125 1438 4198 παραϐολῆς
1459 4126 1558 4196 τῆς
1581 4129 1772 4197 συκῆς,

185 4218 323 4287 περὶ
343 4213 408 4287 ἦ,
436 4213 590 4291 εἶπεν
632 4219 661 4269 ὁ
688 4217 955 4288 γεωργὸς,
998 4218 1079 4270 ὅτι
1125 4215 1396 4281 Σκάπτω,
1426 4215 1527 4270 καὶ
1561 4214 1776 4281 ,ϐάλλω

184 4312 428 4376 κόπρια,
459 4311 557 4363 καὶ
591 4309 701 4363 ἐὰν
719 4310 806 4379 μὴ
832 4309 1093 4376 ποιήσει,
1126 4309 1419 4377 ἔκκοψον.

263 4401 483 4472 Ἐλεγχ.
524 4402 628 4474 λη’,
660 4402 877 4455 Τούτων
910 4401 1125 4455 πάντων
1155 4402 1450 4472 ἐποιήσατο
1481 4401 1579 4473 τὴν
1608 4400 1776 4471 ἀφαί-

188 4511 345 4564 ρεσιν
388 4496 417 4547 6
456 4493 712 4567 συλητὴς,
748 4493 963 4565 κρύψας
994 4495 1088 4562 ἀφ’
1124 4493 1320 4548 ἑαυτοῦ
1354 4493 1452 4565 τὴν
1495 4493 1773 4564 ἀλήθειαν,

1870 2018 2018 2065 recte
2048 2026 2166 2065 sese
2186 2019 2455 2081 gerentem
2476 2015 2763 2084 increpans
2778 2026 2982 2085 partem
3005 2018 3151 2072 illius
3180 2035 3297 2073 cum
3327 2022 3445 2089 ixi/2‘.

1869 2100 2073 2155 detibus
2107 2103 2274 2170 ponit.
2307 2102 2462 2168 Quod
2503 2104 2549 2159 si
2579 2103 2740 2160 Pater
2775 2107 2891 2175 ipse
2919 2108 3143 2175 Christi,
3174 2113 3255 2164 vel
3286 2113 3448 2166 etiam

1868 2196 2121 2252 Christus
2145 2196 2378 2266 idipsum
2410 2196 2759 2266 prmstiturus
2780 2202 3252 2272 est,perspicuum
3284 2204 3452 2256 lialms

1871 2296 2059 2341 contra
2118 2295 2170 2342 te
2227 2286 2623 2343 testimonium.
2658 2286 2794 2342 Cum
2845 2291 2990 2344 enim
3033 2291 3335 2352 Christum,
3368 2298 3447 2348 vel

1870 2377 2044 2446 ipsius
2069 2374 2284 2432 Patrem
2331 2377 2468 2431 citra
2499 2378 2663 2431 ullam
2701 2383 3132 2436 controversiam
3181 2382 3448 2437 facturum

1870 2467 1924 2522 id
1974 2483 2096 2523 esse
2142 2467 2372 2537 fateare,
2413 2470 2662 2525 eumdem
2695 2468 2902 2541 pariter
2927 2479 2981 2527 et
3009 2472 3249 2542 judicem
3276 2484 3331 2530 et
3358 2477 3441 2530 bo-

1871 2576 2023 2627 num,
2081 2569 2136 2616 et
2179 2562 2403 2616 unicum
2436 2568 2546 2615 tam
2591 2562 2901 2618 inﬁmorum
2947 2580 3108 2635 quam
3144 2567 3449 2623 ctelestium

1870 2652 2272 2708 moderatorem
2297 2654 2610 2711 constituis.

1942 2745 2128 2802 Schol.
2163 2747 2251 2801 '57.
2287 2745 2371 2801 Ne
2398 2747 2534 2817 forte
2569 2748 2744 2803 trahat
2770 2758 2818 2803 te
2841 2750 3180 2820 adjudicem,
3204 2765 3252 2807 et
3282 2754 3457 2824 judea.

1872 2836 2051 2889 tradat
2078 2846 2125 2890 te
2142 2838 2382 2891 exactori
2416 2837 2456 2891 ⁸.
3454 2842 3459 2845 “

1940 2926 2105 2998 336
2138 2925 2319 2983 Refut.
2350 2928 2438 2983 57.
2473 2918 2720 2984 Iudicem
2743 2929 2835 2986 hic
2853 2931 3166 2988 Creatorem
3198 2936 3452 3006 appellat,

1870 3026 2181 3073 exactorem
2230 3033 2396 3088 porro
2436 3020 2611 3088 ipsius
2645 3021 2964 3091 angelorum
2998 3024 3317 3094 quemlibet,
3359 3030 3452 3097 qui
3492 3076 3499 3085 .

1873 3110 2144 3166 factorum
2179 3112 2447 3168 rationem
2494 3128 2520 3164 a
2539 3113 2924 3182 peccatoribus
2955 3116 3340 3187 exigent.Quae
3358 3136 3450 3177 au-

1877 3212 1984 3258 tem
2047 3204 2137 3258 illa
2198 3203 2361 3271 facta,
2397 3205 2502 3261 nisi
2558 3206 2757 3262 delicta
2788 3213 2842 3263 et
2875 3216 3100 3278 peccata
3144 3218 3292 3274 sunt,
3336 3228 3455 3280 qua:

1876 3293 2036 3352 Jesus
2063 3296 2385 3361 detestatur,
2417 3305 2490 3361 et,
2516 3306 2577 3352 ut
2615 3297 2807 3356 fateris
2835 3301 2971 3371 ipse,
2998 3300 3288 3372 prohibet?
3315 3302 3455 3375 Ergo

1876 3400 1999 3439 cum
2032 3386 2220 3439 eadem
2253 3385 2367 3450 illa,
2400 3402 2521 3456 qua:
2542 3387 2719 3444 bonus
2759 3388 2902 3445 Deus
2919 3398 3255 3457 exsecratur,
3286 3393 3454 3462 judex

1876 3477 2179 3533 detestetur
2206 3486 2261 3533 et
2304 3480 2579 3543 conditor,
2619 3496 2765 3538 unus
2816 3482 3072 3554 idemque
3116 3501 3281 3555 opere
3314 3487 3454 3557 ipso,

1877 3584 1942 3624 ac
1973 3570 2271 3626 voluntatis
2309 3573 2673 3632 consensione
2699 3574 3031 3630 declaratur.

1949 3664 2134 3719 Schol.
2158 3664 2245 3720 '58.
2278 3664 2592 3721 Sustulerat
2623 3683 2690 3722 ex
2723 3668 2816 3723 illo
2846 3670 2968 3724 loco
3004 3689 3016 3724 :
3067 3668 3323 3725 Venerunt
3348 3672 3459 3741 qui-

1876 3754 2001 3808 dam
2027 3758 2333 3811 nuntiantes
2374 3757 2475 3826 ipsi
2498 3756 2562 3811 de
2594 3756 2857 3823 Galilwis,
2894 3776 3118 3830 quorum
3152 3763 3459 3833 sanguinem

1878 3848 2164 3902 miscuerat
2213 3846 2426 3903 Pilatus
2468 3866 2586 3903 cum
2615 3851 2899 3920 sacrificiis
2940 3868 3145 3918 eorum,
3181 3869 3357 3924 usque
3390 3854 3457 3908 ad

1876 3954 1963 4005 ea,
2003 3941 2200 4011 quibus
2239 3940 2308 3995 de
2331 3942 2635 3997 octodecim
2674 3942 2782 3999 illis
2810 3951 2893 3999 est
2924 3960 3128 4014 sermo,
3146 3948 3253 4016 .qui
3283 3948 3337 4001 in
3374 3947 3460 4002 Si—

1879 4033 2020 4087 loam
2058 4035 2217 4089 ruina
2246 4036 2418 4089 turris
2447 4037 2701 4105 oppressi
2726 4048 2855 4092 sunt
2886 4038 2927 4091 ⁸.
2953 4037 3084 4094 item
3111 4054 3124 4090 :
3156 4037 3283 4093 Nisi
3302 4042 3458 4109 pomi-

1880 4128 2101 4179 tentiam
2126 4126 2354 4194 egeritis,
2385 4141 2560 4195 usque
2601 4127 2670 4181 ad
2706 4128 3022 4197 parabolam
3068 4129 3226 4195 licus,
3263 4132 3331 4186 de
3352 4147 3460 4200 qua

1877 4216 2017 4271 dixit
2047 4217 2287 4289 agricola
2310 4234 2323 4270 :
2349 4215 2600 4285 Fodiam,
2626 4225 2677 4273 et
2698 4220 2911 4275 mittam
2931 4229 3185 4292 stercora,
3207 4232 3258 4275 et
3288 4224 3335 4276 si
3357 4240 3458 4278 non

1877 4310 2081 4380 fecerit,
2113 4308 2292 4364 excide
2322 4310 2363 4363 ⁸.

1949 4400 2132 4458 Reiut.
2162 4402 2252 4458 58.
2294 4401 2421 4459 llaec
2466 4403 2588 4459 ideo
2611 4403 2856 4460 nefarius
2880 4404 3064 4476 praedo
3095 4405 3367 4461 subtraxit
3396 4420 3458 4457 ac

1879 4493 2231 4564 semetipsum
2253 4495 2480 4550 veritate
2511 4494 2804 4561 fraudavit,
2828 4497 2973 4566 quod
2999 4495 3260 4551 Dominus
3299 4494 3459 4548 Pilati

186 4588 283 4641 διὰ
312 4587 374 4640 τὸ
410 4587 500 4640 τὸν
531 4587 737 4658 Κύριον
774 4587 1273 4659 συμπεφωνηκέναι
1305 4587 1383 4659 τῷ
1413 4586 1593 4650 καλῶς
1624 4587 1769 4640 δικά·

1886 4587 2211 4642 sententiam
2264 4602 2371 4658 qua
2421 4587 2671 4643 homines
2723 4588 2859 4643 istos
2913 4587 3037 4657 jure
3081 4587 3457 4649 damnaverat,

189 4696 349 4732 σαντι
369 4680 497 4743 τοὺς
521 4678 798 4743 τοιούτους
823 4679 1064 4750 Πιλάτῳο
1088 4679 1185 4734 καὶ
1208 4680 1290 4733 ὅτι
1318 4678 1500 4742 καλῶς
1530 4681 1578 4732 οἱ
1617 4680 1675 4732 ὲν
1704 4678 1769 4749 τᾷ

1886 4679 2227 4750 approbarit;
2258 4680 2515 4751 quodque
2547 4680 2700 4735 alteri
2733 4679 2832 4743 illi,
2857 4680 2951 4750 qui
3005 4679 3063 4734 in
3095 4677 3301 4733 Siloam
3336 4695 3457 4748 pcr-

187 4767 419 4839 Σιλωὰμ
462 4769 735 4823 ἀπέθανον
781 4769 1101 4840 ἁμαρτωλοὶ
1145 4769 1317 4834 ὄντες,
1358 4769 1454 4823 καὶ
1497 4770 1600 4823 ὑπὸ
1644 4769 1780 4824 Θεοῦ

186 4860 365 4924 οὕτως
399 4861 820 4935 τιμωρηθέντες.
867 4862 1035 4916 Ὅταν
1067 4862 1125 4916 δὲ
1172 4861 1606 4933 ῥᾳδιουργήσωσί
1636 4878 1779 4925 τινες

187 4951 449 5024 βασιλικά
490 4955 911 5025 προστάγματα,
957 4952 1065 5006 ἀπὸ
1104 4952 1211 5006 τῶν
1255 4953 1496 5026 ἀρχαίων
1530 4953 1597 5006 τὰ
1627 4953 1777 5007 ἀντί-

187 5061 385 5116 γραφα
405 5043 518 5114 (74)
542 5046 933 5117 προφερόμενα
964 5044 1386 5115 ὴσφαλισμένως
1407 5043 1601 5115 ἔχοντα
1626 5044 1779 5115 ἐλέγ-

186 5155 281 5208 χει
311 5136 437 5199 τοὺς
466 5137 727 5208 ἄφρονας.
761 5138 946 5203 Οὕτως
982 5139 1078 5192 καὶ
1107 5137 1215 5191 ἀπὸ
1252 5136 1347 5190 τοῦ
1378 5135 1657 5206 βασιλικοῦ
1697 5139 1778 5191 οἷ-

187 5244 315 5284 κου,
355 5227 599 5279 τουτέστι
636 5228 740 5296 τῆς
778 5228 940 5297 ἁγίας
966 5228 1059 5282 τοῦ
1092 5226 1228 5281 Θεοῦ
1267 5226 1615 5298 Ἐκκλησίας,
1645 5245 1780 5297 τ-ροη

185 5315 495 5384 φερόμενον
517 5316 577 5369 τὸ
600 5316 944 5386 Εὐαγγέλιον,
960 5317 1170 5387 ἐλέγχει
1197 5316 1322 5378 τοὺς
1347 5316 1653 5385 ἀφανιστάς
1668 5315 1776 5368 τῶν

178 5405 377 5461 καλῶν
408 5408 720 5478 ἐνδυμάτων
750 5408 893 5479 μηῦας

267 5564 281 5595 ¹
315 5562 448 5618 Luc.
493 5580 589 5629 xu,
619 5566 708 5619 58.
811 5569 829 5597 ²
862 5565 993 5621 ibid.
1029 5567 1120 5622 46.
1198 5568 1218 5598 ³
1247 5566 1376 5620 ibid.
1408 5565 1496 5618 58.

264 5719 378 5787 (75)
414 5722 495 5793 Οὐ
536 5722 644 5789 γὰρ
684 5722 962 5793 ,ἡμερινιιὶ
1002 5723 1288 5793 γίνονται.
1325 5722 1479 5793 Apud
1521 5720 1770 5792 Xenopli.

178 5805 374 5860 tanien
419 5792 797 5860 ἡμεροσκόπος
821 5802 923 5847 est.

264 5858 378 5930 (74)
423 5858 564 5913 Ἀπὸ
588 5859 706 5915 τῶν
731 5863 996 5933 ἀρχαίων
1026 5865 1094 5917 τὰ
1113 5864 1463 5932 ἀντῖγριετα.
1493 5863 1646 5918 Curr.
1668 5860 1773 5916 τῶν

1880 4771 2079 4837 ierant,
2114 4770 2308 4826 merito
2339 4785 2434 4826 eas
2469 4784 2660 4841 poenas
2683 4768 2903 4825 dedisse
2930 4768 3239 4834 videantur,
3271 4776 3465 4839 utpote

1885 4871 2225 4931 peccatores,
2266 4868 2320 4917 et
2359 4860 2627 4931 ejusmodi
2674 4877 2701 4913 a
2760 4859 2870 4915 Deo
2928 4860 3215 4931 suppliciis
3257 4861 3459 4915 aﬂ‘ecti.

1884 4951 1989 5013 Sed
2029 4961 2089 5006 ut
2131 4951 2481 5022 imperatoris
2539 4950 2715 5006 edicta
2755 4950 2801 5005 si
2844 4949 2939 5015 qui
2982 4965 3335 5019 corrumpere
3397 4967 3463 5003 ae

1881 5046 2182 5115 depravare
2216 5053 2506 5107 conentur,
2533 5043 2745 5112 prolata
2778 5058 2844 5097 ex
2878 5042 3116 5098 archivis
3145 5040 3460 5097 ﬁdelissima

1882 5134 2213 5204 exemplaria
2237 5134 2461 5189 insanos
2492 5133 2614 5186 illos
2645 5132 2974 5200 redarguunt
3004 5150 3016 5185 :
3050 5132 3132 5187 sic
3172 5147 3203 5187 e
3231 5132 3458 5201 palatio,

1884 5224 1987 5277 hoc
2026 5232 2109 5278 est
2146 5222 2391 5277 Ecclesia
2438 5229 2648 5288 sancta,
2688 5221 3071 5290 depromptum
3106 5220 3457 5293 Evangelium

1881 5315 2246 5385 egregiarum,
2274 5323 2332 5368 ut
2364 5315 2439 5369 ita
2466 5314 2664 5370 dicam.
2702 5313 2938 5369 vestium
2959 5325 3242 5368 arrosores
3273 5330 3458 5371 mures

1880 5407 2038 5464 facile
2066 5407 2287 5478 detegit.

1575 5566 1595 5594 ⁸
1626 5564 1757 5619 Luc.
1786 5579 1906 5631 xm,
1941 5564 2059 5619 1-4.
2138 5565 2159 5596 ⁵
2190 5562 2320 5619 ibid.
2352 5562 2482 5619 5-8.

1882 5721 2137 5795 ἀρχείων,
2167 5737 2232 5795 ex
2261 5722 2531 5795 Archivis.
2567 5722 2804 5795 lgnatius
2837 5725 2994 5795 epist.
3026 5740 3100 5787 vr,
3142 5726 3209 5778 ad
3244 5722 3457 5779 Pliitad.

1883 5790 2090 5879 ᾗκουσα
2137 5792 2246 5879 γάρ
2268 5811 2430 5873 τινων
2456 5790 2767 5879 ᾐλθεγόντων,
2819 5790 2922 5879 ὅτι.
2972 5795 3212 5879 Ἐὰνυμὴ
3243 5797 3299 5847 ὲν
3348 5798 3461 5858 τοῖς

1840 5876 1849 5883 ί
1883 5861 2122 5934 ἀρχείοις
2154 5861 2298 5935 εὕρω
2330 5864 2420 5917 τοῦ
2456 5861 2812 5933 Εύάγγελίου,
2842 5867 2902 5919 ού
2936 5861 3193 5918 πιστεύω.

3325 436 3539 519 πίε)⁵
