3934 6418
182 410 284 469 755

818 411 1201 470 ADVERSUS.
1225 412 1568 470 ΗΕΒεὸΕὸ
1605 413 1733 470 LlB.

1909 413 2023 472 OM.
2062 413 2148 470 Ill.
2191 445 2252 456 -
2301 413 2578 470 ll/ERES.
2621 413 2782 468 XLII.

3364 416 3390 468 7
3400 417 3465 470 Eii

248 526 396 597 Σχόλ.
437 526 546 596 μβ⁹.
592 526 759 582 Πάλιν
791 529 1070 600 παρέκοψε
1105 530 1286 584 πᾶσαν
1314 529 1412 601 τὴν
1448 529 1767 602 παραῆολὴν

1944 532 2114 604 338
2145 530 2330 586 Schol.
2369 530 2456 586 ΑΞ.
2494 531 2574 584 Ad
2615 531 2730 584 haec
2761 529 3025 599 integram
3057 527 3290 584 abscidit
3329 530 3467 584 dno-

175 618 282 671 τῶν
310 617 402 688 δύο
427 617 581 685 υἱῶν,
611 619 704 674 τοῦ
739 621 1023 692 εἰληφότος
1051 621 1111 675 τὺ
1142 623 1308 694 μέρος
1336 621 1446 676 τῶν
1486 623 1761 695 ὑπαρχόν-

175 726 304 776 των,
342 711 435 764 καὶ
463 710 690 776 ἀσώτως
714 711 1149 784 δαπανήσαντος,
1181 713 1276 768 καὶ
1305 713 1399 768 τοῦ
1432 715 1615 770 ἄλλου.

254 800 465 872 Ἐλεγχ.
501 800 609 872 μβ’.
639 803 821 879 ,Οὐδὲν
857 804 1047 859 διοίσει
1085 807 1146 860 τὸ
1185 805 1480 862 ἀκόλουθον
1526 807 1624 878 τῆς
1667 809 1764 878 ρᾳ-

175 890 448 963 διουργίας
487 893 596 948 ἀπὸ
627 893 736 947 τῶν
782 895 1048 968 πρότερον
1084 895 1265 968 ἐαυτῷ
1313 897 1756 970 τετολμημένων.

1864 635 1985 675 rum
2051 621 2286 676 ﬁliorum
2345 620 2696 689 parabolam,
2751 617 2874 688 ejus
2932 617 3188 674 videlicet
3250 621 3468 690 quibo-

1863 725 2058 766 norum
2097 718 2304 782 partem
2337 710 2672 771 abstulerat,
2705 715 2760 762 et
2793 707 3020 765 alterius
3047 707 3085 762 ³.

1939 802 2119 858 ίὶυίιιι.
2139 801 2230 859 42.
2249 801 2595 858 Simillimum
2625 801 2967 871 maximeque
2978 798 3252 871 geminant
3269 815 3468 854 novum

1863 895 1970 951 hoc
2005 894 2220 952 facinus
2245 903 2332 950 est
2363 895 2430 950 iis
2457 907 2579 964 quae
2619 893 2671 947 in
2715 894 2906 948 eodem
2936 903 3062 948 ante
3082 907 3281 964 genere
3318 907 3471 946 com-

188 981 394 1054 Ἐαυτῷ
415 983 471 1036 δὲ
496 984 558 1038 τὸ
576 984 868 1058 ἐπιζήμιον
886 987 1174 1057 ἐπάγεται,
1195 988 1464 1060 μενούσης
1491 990 1590 1061 τῆς
1619 990 1760 1045 κατά

1904 988 2035 1044 tisit.
2073 986 2232 1054 Quod
2252 986 2377 1041 huic
2412 986 2502 1040 uni
2535 986 2806 1042 duntaxat
2824 983 3158 1052 fraudiluit,
3197 997 3324 1038 eum
3363 997 3472 1036 ea—

175 1071 305 1124 Θεὸν
329 1071 612 1143 ἀληθείας.

248 1164 400 1234 Σχόλ.
431 1173 541 1236 μγ.
597 1165 652 1218 Ὁ
678 1166 863 1236 νόμος
887 1166 986 1220 καὶ
1014 1170 1068 1221 οἱ
1095 1167 1396 1239 προφῆται
1429 1167 1542 1234 ἕως
1577 1167 1765 1222 Ἰωάν-

175 1271 306 1308 νου.
333 1294 344 1308 .
381 1296 396 1310 .
439 1256 539 1311 καί
574 1255 694 1324 πᾶς
725 1260 814 1324 εἰς
844 1257 1042 1326 αὐτὴν
1065 1257 1354 1324 βιάζεται.

251 1346 470 1418 Ἔλεγχ.
505 1354 616 1418 μγ.
657 1349 722 1402 Εί
751 1348 916 1421 νόμον
947 1349 1160 1413 τάσσει,
1191 1351 1287 1404 καὶ
1314 1351 1602 1422 προφήτας
1632 1351 1767 1406 ἀπο-

178 1439 352 1499 καλεῖ.
381 1441 474 1493 καὶ
519 1439 620 1493 οὐκ
649 1441 876 1513 ἀνομίαν
903 1441 1054 1513 δηλοί
1084 1442 1178 1496 τὸν
1205 1441 1390 1514 νόμον,
1426 1445 1550 1498 οὐδὲ
1576 1444 1768 1514 ψευδο·

1865 1079 1988 1136 dem
2017 1079 2202 1134 divina
2225 1079 2432 1134 veritas
2469 1077 2831 1134 nihilominus
2858 1083 3198 1148 perseveret.

1937 1168 2124 1225 Schol.
2161 1169 2252 1224 45.
2295 1167 2403 1223 Lex
2429 1178 2478 1224 et
2504 1169 2772 1240 propheta:
2803 1184 2965 1238 usque
2994 1167 3064 1222 ad
3097 1165 3382 1222 Joannem.
3411 1203 3424 1220 .
3450 1203 3464 1218 .

1864 1280 1914 1326 et
1947 1273 2120 1327 omnis
2161 1271 2216 1327 in
2245 1270 2386 1326 illud
2407 1271 2509 1326 vim
2536 1269 2666 1340 facit
2695 1270 2736 1323 ⁸.

1939 1361 2119 1418 Rel‘ut.
2183 1363 2272 1418 43.
2321 1361 2378 1416 Si
2424 1362 2594 1433 legem
2660 1367 2978 1432 percenset,
3044 1369 3108 1409 ac
3174 1349 3469 1423 prephctas

1867 1464 2294 1519 commemorat,
2359 1469 2535 1526 neque
2582 1462 2679 1507 aut
2729 1451 2808 1507 illi
2851 1447 3174 1520 pravitatem
3213 1441 3468 1503 ascribit,

179 1533 464 1604 προφήτας
497 1535 696 1602 φάσκει
727 1537 854 1599 τοὺς
879 1537 1182 1608 προφήτας,
1213 1537 1400 1608 σαφῶς
1424 1537 1766 1608 ὁμολογεῖται

1904 1555 1963 1601 ιιι
2005 1546 2137 1602 istos
2182 1546 2352 1601 falsos
2385 1546 2681 1616 prephetas
2724 1543 3003 1614 appellat,
3049 1535 3360 1593 necessario
3392 1533 3471 1586 fa-

182 1624 670 1697 μεμαρτυρηκέναι
701 1627 810 1682 τὸν
859 1629 1092 1701 Σωτῆρα
1138 1632 1252 1695 τοῖς
1301 1632 1638 1702 προφήταις,
1673 1631 1768 1685 καί¹

1904 1637 2092 1694 indum
2143 1637 2570 1702 est,Chri:tum
2617 1635 2908 1692 Dominum
2959 1629 3256 1704 prophetas
3319 1627 3472 1682 testi-

179 1713 468 1790 δέδεικται,
499 1715 575 1780 ὡς
607 1718 735 1790 περὶ
761 1718 930 1773 αὐτοῦ
958 1721 1396 1792 προεφήτευσαν.

1870 1728 2054 1781 monio
2087 1742 2190 1783 suo
2233 1729 2625 1798 comprobasse
2661 1745 2674 1782 :
2717 1741 2857 1796 quos
2905 1738 2971 1779 ex
3009 1720 3202 1779 eodem
3236 1718 3358 1774 loco
3405 1716 3474 1771 de

1869 1817 2088 1874 Christo
2114 1819 2442 1874 vaticinatos
2481 1834 2605 1874 esse
2637 1817 2935 1887 colligitur.

251 1897 404 1969 Σχόλ.
445 1896 550 1967 μδ’.
591 1899 728 1970 Περὶ
777 1899 871 1953 τοῦ
920 1900 1201 1964 πλουσίου,
1237 1901 1332 1954 καὶ
1375 1897 1630 1974 Λαζάρου
1671 1903 1765 1956 τοῦ

1941 1909 2124 1966 Schol.
2160 1911 2252 1966 Η.
2291 1911 2362 1966 De
2393 1910 2563 1966 divite
2587 1951 2600 1973 ,
2631 1920 2686 1965 et
2716 1881 2927 1964 Lazaro
2960 1907 3243 1970 mendico,
3278 1916 3474 1976 quem-

180 1987 420 2060 πτωχοῦ,
450 1989 531 2042 ὃτι
557 1987 838 2063 ἀπηνέχθη
871 1991 976 2045 ὑπὸ
1003 1990 1113 2047 τῶν
1144 1993 1392 2063 ἀγγέλων
1423 1996 1502 2058 είς
1524 1993 1615 2049 τὸν
1643 1994 1766 2048 κόλ-

184 2097 286 2134 πον
311 2079 585 2152 Ἁϐραάμ.

255 2173 474 2244 Ἔλεγχ.
510 2171 616 2244 μδ’.
655 2172 789 2228 Ἰδοὺ
813 2172 908 2228 καὶ
929 2175 986 2229 ὲν
1012 2173 1146 2238 ζῶσι
1167 2177 1262 2230 καὶ
1285 2179 1765 2249 μακαριζομένοις,

1869 2002 2160 2058 admodum
2199 2001 2410 2059 delatus
2455 2011 2540 2058 est
2588 2001 2658 2056 ab
2707 1997 3010 2072 angelisin
3063 1997 3246 2054 sinum
3294 1994 3470 2049 Abra-

1871 2091 1955 2146 hae
1987 2090 2028 2144 ³.

1938 2178 2122 2236 Reiut.
2158 2181 2248 2238 M.
2302 2179 2491 2236 Viden’
2557 2189 2617 2235 ut
2658 2181 2800 2234 inter
2845 2177 2998 2258 vivos
3050 2189 3114 2232 ac
3165 2175 3356 2232 beatos
3417 2173 3472 2228 in

180 2265 276 2319 καὶ
323 2265 380 2318 ὲν
412 2263 750 2336 κληρονομίᾳ
780 2266 1142 2330 ἀναπαύσεως
1172 2267 1201 2319 ό
1229 2269 1484 2340 Ἀϐραὰμ
1528 2270 1635 2324 ὑπὸ
1674 2268 1768 2322 τοῦ

1904 2273 1962 2326 .la
2011 2271 2156 2328 felici
2193 2273 2542 2344 sempiterna:
2593 2271 2797 2344 quietis
2863 2267 3184 2325 haereditate
3223 2267 3476 2321 Abraha-

181 2355 388 2427 Κυρίου
422 2355 814 2428 έγκατελέχθη,
844 2358 941 2412 καὶ
977 2356 1230 2430 Λάζαρος
1265 2359 1323 2412 ὲν
1357 2360 1579 2424 κόλποις
1605 2359 1768 2414 αὑτοῦ

1904 2379 1997 2420 nus
2030 2380 2059 2418 ιι
2096 2363 2328 2420 Domino
2359 2371 2700 2428 numeretur,
2733 2371 2787 2418 et
2821 2361 2877 2415 in
2905 2361 3024 2431 ejus
3065 2360 3188 2415 sinu
3231 2357 3474 2413 Lazarus

182 2445 536 2516 κατηξίωται.
583 2445 801 2518 Μηκέτι
841 2449 1046 2512 τοίνυν,
1081 2448 1366 2520 Μαρκίων,
1401 2449 1492 2503 τὸν
1519 2451 1772 2523 ’Λῦραὶμ

1906 2455 2226 2526 cquiescat?
2256 2455 2453 2512 Desine
2487 2457 2686 2527 igitur,
2731 2453 2970 2518 Marcio,
3007 2451 3322 2510 Abrahamo
3362 2465 3476 2504 tua-

181 2537 513 2610 βλασφήμει,
539 2537 632 2592 τὸν
677 2539 968 2608 ἐπιγνόντα
997 2541 1090 2593 τὸν
1119 2540 1316 2595 ἑαυτοῦ
1344 2543 1644 2614 Δεσπότην,
1679 2544 1774 2596 καὶ

179 2630 406 2684 εἰπόντα
436 2629 614 2702 αὐτῷ·
643 2631 845 2700 Κύριε,
883 2635 916 2685 ό
957 2632 1181 2700 κρίνων
1224 2631 1434 2690 πᾶσαν
1475 2633 1590 2702 τὴν
1635 2633 1767 2704 γῆν.

197 2723 327 2777 Ἰδοὺ
372 2727 481 2796 γὰρ
527 2723 620 2776 ὑπ’
649 2722 816 2777 αὐτοῦ
863 2723 961 2776 τοῦ
1012 2725 1220 2796 Κυρίου
1252 2726 1608 2797 ἐμαρτυρήθη
1636 2721 1774 2780 εἶναι

179 2817 412 2882 δίκαιος,
435 2817 533 2870 καὶ
575 2816 677 2870 οὐκ
719 2815 998 2887 ἀλλότριος
1038 2817 1137 2888 τῆς
1183 2816 1336 2888 παρὰ
1381 2817 1476 2871 τοῦ
1525 2818 1775 2888 Σωτῆρος

178 2908 584 2980 ἐπαινουμένης
612 2909 782 2980 ζωῆς.
1413 2902 1416 2906 ’

251 2995 410 3069 Σχόλ.
445 3003 548 3069 με’.
589 2997 720 3054 Νῦν
745 2993 814 3052 δὲ
845 2991 962 3052 ὧδε
996 2999 1429 3068 παρακαλεῖται
1495 3002 1527 3054 ὀ
1593 2999 1777 3066 αὐτὸς

181 3091 472 3160 Λιὶζὶιρος.

261 3183 485 3254 Ἔλεγκ,
523 3189 626 3284 μεῖι,
671 3183 733 3284 1:3!
765 3183 1166 3284 παρακαλεῖται
1200 3185 1450 3257 Λάζαρος
1476 3189 1534 3242 ἐν
1559 3189 1778 3254 κόλποις
1806 3228 1846 3284 C

1877 2548 2109 2604 ledicere
2133 2591 2145 2614 ,
2177 2551 2270 2620 qni
2303 2549 2595 2604 Dominum
2629 2549 2852 2619 agnovit
2889 2562 3051 2602 suum
3076 2585 3090 2610 ,
3125 2560 3360 2616 eumque
3397 2542 3478 2598 sic

1876 2639 2144 2695 allot-utus
2176 2648 2261 2696 est
2297 2655 2310 2693 :
2345 2639 2568 2694 Domine
2593 2675 2606 2703 ,
2634 2641 2723 2708 qui
2767 2636 2984 2706 judicas
3032 2637 3331 2691 universam
3374 2642 3476 2688 ter-

1877 2749 1992 2784 ram
2029 2732 2068 2786 δ.
2113 2731 2253 2786 Ecce
2301 2731 2397 2788 tibi
2439 2731 2650 2800 justum
2701 2729 2849 2785 hunc
2899 2727 3071 2786 fuisse
3127 2737 3358 2784 testatus
3394 2735 3480 2784 est

1877 2819 2163 2887 Dominus,
2203 2838 2304 2878 nee
2335 2824 2405 2878 ab
2433 2838 2498 2878 ea
2533 2823 2665 2887 vita,
2689 2834 2856 2890 quam
2887 2818 3140 2877 Salvator
3175 2820 3292 2890 ipse
3323 2833 3476 2873 com-

1879 2909 2122 2975 mendat,
2159 2912 2421 2966 alienum.

1955 3001 2140 3058 Schol.
2185 3003 2274 3057 45.
2327 3001 2484 3058 Nunc
2535 3020 2652 3059 vero
2689 3004 2773 3060 hic
2808 3003 3120 3059 consolatur
3158 3000 3403 3056 Lazarus
3433 3001 3475 3055 ⁵.

1955 3181 2137 3239 Refut.
2169 3184 2258 3239 45.
2302 3183 2435 3238 Cum
2469 3181 2711 3240 Lazarus
2741 3185 2800 3240 in
2834 3182 3132 3239 Abrabami
3184 3181 3308 3237 sinu
3341 3195 3479 3235 con-

197 3277 490 3349 ’Λόραὰμ,
540 3276 642 3330 οὐκ
684 3275 844 3341 ἐκτὸς
885 3277 984 3348 τῆς
1039 3277 1442 3349 παρακλήσεως
1485 3279 1587 3350 τῆς
1633 3281 1774 3354 ζωῆς

1904 3276 2123 3341 toletur,
2185 3274 2433 3344 sequitur
2484 3291 2556 3330 ne
2605 3275 2978 3330 Abrahantum
3029 3273 3251 3344 quidem
3305 3273 3480 3342 ipsum

183 3369 426 3440 ὑπάρχει
445 3371 476 3424 ὁ
505 3369 780 3442 Ἀϐραάμ.

257 3462 415 3532 Σχόλ.
469 3467 589 3534 pg’.
630 3461 818 3517 Εἶπεν
863 3461 1125 3533 Ἀϐραάμ
1145 3479 1158 3492 ο
1218 3463 1467 3532 Ἔχουσι
1519 3465 1777 3520 Μωῦσέα

181 3553 286 3606 καὶ
323 3551 465 3618 τοὺς
496 3552 808 3622 προφήτας
832 3567 844 3582 ⁶
873 3553 1316 3609 ἀκουσάτωσαν
1367 3553 1567 3609 αὐτῶν
1591 3571 1604 3584 ·
1645 3555 1774 3609 ἐπεὶ

179 3643 334 3700 οὐδὲ
359 3644 465 3698 τοῦ
489 3643 868 3716 ἐγειρομένου
907 3645 1026 3700 ἀπὸ
1051 3645 1282 3714 νεκρῶν
1309 3647 1706 3701 ἀκούσουσιν.

263 3736 485 3808 Ἐλεγχ.
525 3743 646 3808 μς’.
687 3738 800 3809 Οὐχ
826 3737 904 3802 ὡς
929 3737 1010 3790 ἔτι
1041 3739 1100 3791 ἐν
1127 3737 1205 3808 τῷ
1239 3738 1428 3810 κόσμῳ
1450 3737 1548 3803 ὣν,
1578 3741 1670 3793 καὶ¹
1707 3739 1783 3804 ὡς

181 3828 546 3900 ῆπατημένος
576 3827 830 3900 ’Λϐραὰμ
875 3830 1142 3898 μαρτυρεί
1185 3827 1262 3898 τῷ
1307 3829 1460 3899 νόμῳ
1507 3829 1783 3894 Μωῦσέως

183 3918 287 3972 καὶ
315 3920 428 3982 τοῖς
457 3918 786 3988 προφήταις,
815 3917 939 3971 οὐδὲ
965 3917 1040 3981 ὡς
1068 3918 1168 3970 οὐκ
1195 3916 1352 3982 εἰδὼς
1379 3919 1449 3973 τὰ
1485 3921 1549 3972 ἐκ
1573 3919 1781 3974 τούτων
1821 3919 1842 3936 ⁵

181 4010 598 4081 ἀποὸησόμενα,
627 4009 764 4064 ἀλλὰ
815 4011 953 4079 μετὰ
1003 4009 1064 4062 τὸ
1108 4010 1168 4062 ἐν
1210 4009 1377 4081 πείρᾳ
1405 4010 1656 4078 γενέσθαι
1687 4011 1784 4082 τῆς

181 4103 310 4156 ἐκεῖ
352 4101 733 4166 ἀναπαύσεως.
783 4103 936 4156 Μετά
977 4102 1086 4174 γὰρ
1129 4102 1386 4174 τελευτὴν
1423 4105 1784 4175 μαρτυρεῖται

183 4195 302 4250 ὑπὸ
349 4192 440 4247 τοῦ
493 4194 746 4266 Σωτῆρος
793 4197 850 4249 έν
900 4198 966 4266 τῇ
1015 4194 1298 4267 παραϐολῇ
1345 4199 1456 4259 τοῖς
1485 4193 1579 4248 τοῦ
1619 4195 1784 4265 νόμου

179 4287 428 4356 δόγμασι
480 4287 576 4340 καὶ
627 4287 936 4358 προφήταις
962 4287 1062 4358 τὴν
1095 4287 1370 4358 σωτηρίαν
1402 4287 1742 4358 κτησάμενος
1767 4304 1780 4316 ·

182 4379 289 4434 καὶ
310 4376 484 4432 ταῦτα
511 4377 619 4450 πρὸ
647 4377 738 4432 τοῦ
763 4378 928 4450 νόμου
962 4378 1194 4450 πράξας.
1215 4378 1445 4450 Ὁμοίως
1468 4379 1525 4432 δὲ
1545 4378 1786 4442 καὶτοὺς

183 4470 338 4543 μετά
389 4470 565 4524 ταῦτα
609 4471 703 4526 τὸν
741 4471 905 4542 νόμον
955 4470 1318 4542 φυλάξαντας,
1350 4471 1446 4526 καὶ
1479 4471 1786 4543 προφήταις

1883 3366 2063 3422 solatii
2097 3381 2220 3421 esse
2248 3365 2410 3435 hujus
2440 3374 2741 3436 expertem.

1956 3462 2142 3516 Schol.
2193 3459 2282 3516 46.
2328 3459 2478 3514 Dixit
2529 3460 2794 3514 Abraham
2835 3476 2851 3513 :
2903 3457 3114 3512 Habent
3158 3455 3381 3527 Moysen
3433 3462 3483 3508 ct

1883 3553 2202 3625 prop/tetas;
2231 3553 2352 3606 illos
2381 3551 2605 3606 audiam
2637 3568 2654 3605 :
2686 3552 2898 3627 alioqui
2931 3567 3091 3621 neque
3128 3551 3173 3603 si
3203 3567 3234 3602 α
3263 3545 3484 3602 mortuis

1883 3649 2000 3716 quis
2027 3647 2400 3709 resurrexerit,
2427 3645 2644 3699 audient
2677 3645 2720 3696 ⁸.

1957 3735 2140 3792 Refut.
2171 3735 2261 3790 46.
2281 3734 2400 3790 Non
2428 3742 2686 3805 tanquam
2725 3735 2778 3788 in
2811 3733 2914 3790 hoc
2955 3733 3161 3788 mundo
3186 3731 3367 3788 adhuc
3389 3735 3482 3799 sit,

1885 3827 2016 3881 etin
2047 3840 2235 3880 errore
2287 3833 2538 3880 versetur
2581 3823 2966 3888 Abrahamus,
3003 3823 3107 3894 legi
3144 3821 3382 3892 Moysis.
3423 3839 3484 3877 ae

1887 3917 2165 3988 prophetis
2201 3917 2577 3972 testimonium
2622 3916 2902 3986 perhibet,
2947 3929 3049 3970 nec
3094 3915 3176 3970 sic
3224 3923 3484 3986 tanquam

1886 4025 1949 4063 ea
1993 4025 2116 4080 quae
2161 4007 2343 4062 futura
2391 4017 2577 4077 postea
2628 4016 2759 4062 sunt
2807 4007 3053 4076 ignoret;
3121 4006 3215 4061 sed
3269 4017 3488 4077 postea-

1885 4115 2046 4171 quam
2081 4098 2390 4168 cujustnodi
2439 4100 2596 4168 quies
2624 4097 2718 4151 illa
2769 4096 2909 4150 foret
2955 4095 3294 4166 experientia
3345 4097 3488 4151 didi-

1886 4192 1982 4247 cit.
2017 4190 2148 4246 Post
2177 4191 2384 4246 obitum
2435 4189 2579 4243 enim
2617 4189 2875 4254 Salvator
2905 4189 2959 4242 in
3010 4187 3270 4258 parabola
3322 4196 3489 4243 tosta—

1889 4294 1978 4339 tur
2009 4283 2162 4338 ilium
2202 4299 2296 4354 per
2335 4283 2476 4353 legis
2501 4283 2758 4352 dogmata
2811 4283 3219 4354 prophetasque
3255 4283 3486 4338 salutem

1887 4392 2009 4432 esse
2047 4385 2402 4430 consecutum
2425 4392 2451 4438 ;-
2493 4374 2716 4428 tametsi
2769 4380 2896 4430 ante
2952 4373 3126 4442 legem
3186 4371 3274 4426 illa
3333 4373 3491 4428 factis

1888 4466 2540 4540 expressisset.Similiter
2559 4467 2726 4538 339
2739 4483 2836 4523 eos
2860 4467 2951 4538 qui
2972 4467 3141 4539 legem
3169 4479 3356 4536 postea
3376 4485 3492 4523 θοι·-

182 4561 617 4626 ὐπακούσαντας
668 4563 748 4626 είς
803 4563 895 4616 τὸν
945 4562 1146 4617 κόλπον
1185 4562 1350 4618 αὐτοῦ
1381 4559 1542 4628 εἶναι,
1577 4562 1670 4616 καὶ
1709 4563 1774 4624 είς

1904 4570 2114 4620 vassent
2148 4578 2212 4616 ac
2253 4561 2532 4632 prophetis
2579 4563 3054 4631 obtemperassent
3098 4563 3152 4617 in
3197 4563 3322 4617 sinu
3371 4563 3491 4632 ejus

179 4655 296 4724 τὴν
331 4653 476 4724 ζωὴν
508 4654 624 4724 μετ’
651 4653 818 4708 αὑτοῦ
855 4655 1110 4708 ἀπιέναι·
1145 4647 1220 4708 ὧν
1251 4649 1333 4719 εἷς
1359 4651 1426 4726 ἦν
1462 4655 1732 4726 Λάζαρος,
1765 4671 1774 4704 ι

1904 4661 2266 4731 acquiescere,
2303 4664 2359 4712 et
2393 4657 2460 4711 ad
2499 4658 2663 4711 vitam
2696 4670 2820 4711 cum
2855 4657 2974 4726 ipso
3006 4655 3309 4726 pervenire.
3343 4655 3492 4721 Quo-

179 4746 284 4800 διά
306 4745 474 4814 νόμου
497 4747 591 4799 καὶ
619 4747 914 4818 προφητῶν
933 4747 1291 4813 καταξιωθεὶς
1323 4746 1556 4813 ζωτικοῦ
1589 4745 1774 4801 κόλποι

1904 4769 2010 4808 runt
2043 4768 2074 4808 e
2106 4767 2338 4808 numero
2360 4749 2606 4804 Lazarus
2633 4748 2754 4814 fuit,
2778 4748 2872 4818 qui
2906 4749 3040 4818 legis
3072 4747 3495 4818 prophetarum-

177 4837 296 4908 τῆς
323 4835 417 4890 τοῦ
451 4837 706 4910 ’Λὸρυάμ
743 4838 1165 4909 μακαριότητος.

267 5022 430 5094 Σχόλ.
465 5021 570 5094 μετ’.
611 5022 898 5093 Παρέκοψε
933 5023 1024 5088 τὸ,
1060 5023 1305 5094 Λέγετε·
1369 5025 1605 5094 Ἀχρεῖοι
1649 5026 1788 5082 δοῦ-

178 5119 300 5174 Jul
331 5117 554 5186 ἐσμεν·
589 5115 620 5171 ὃ
648 5116 986 5186 ὠφείλομεν
1014 5117 1263 5185 ποιῆσαι
1299 5118 1732 5189 πεποιήκαμεν.

274 5210 499 5281 Ἕλεγχ.
539 5209 647 5282 μξκ
691 5211 802 5264 Καὶ
829 5209 892 5263 τό
925 5209 1164 5279 ἀσφαλὲς
1193 5209 1294 5280 τῆς
1323 5212 1416 5264 τοῦ
1464 5213 1669 5284 Κυρίου
1710 5213 1792 5267 δια

1893 4860 2002 4917 que
2042 4836 2323 4899 beneﬂcio
2373 4843 2430 4896 in
2481 4842 2701 4896 vitalem
2749 4838 3109 4895 beatitudinis
3154 4839 3332 4904 illius,
3383 4851 3492 4909 qua

1892 4936 2240 4992 Abrahamus
2277 4934 2500 4996 fruitur,
2537 4933 2718 4988 sinqu
2753 4939 3010 5000 receptus
3039 4938 3140 4986 est.

1971 5027 2154 5083 Schol.
2195 5027 2284 5081 47.
2323 5024 2447 5080 llaec
2484 5025 2646 5079 verba
2685 5023 3032 5091 prattermisit
3057 5039 3070 5074 :
3099 5020 3267 5075 Dicite
3297 5038 3315 5076 :
3345 5021 3492 5076 Servi

1897 5120 2109 5176 inutiles
2144 5135 2327 5174 sumus
2374 5132 2392 5172 :
2429 5116 2568 5188 quod
2609 5112 2886 5168 debuimus
2934 5113 3140 5182 facere,
3194 5113 3414 5180 fecimus
3443 5113 3486 5166 ".

1968 5211 2152 5268 liefut.
2198 5211 2288 5266 47.
2329 5209 2504 5264 Etiam
2537 5209 2720 5272 illam,
2755 5222 2919 5276 quant
2975 5205 3224 5260 doctrina
3275 5204 3492 5260 Domini

180 5301 500 5365 δασκαλίας
545 5303 606 5355 οὐ
662 5302 1049 5372 παραδέχεται.
1097 5301 1634 5374 Ἐπασφαλιςόμενος
1686 5304 1774 5376 γὰε

1904 5304 2240 5374 praescribit,
2295 5301 2603 5356 cautionem
2653 5297 2924 5366 repudiat.
2974 5297 3185 5350 Etenim
3239 5295 3492 5354 Christus

179 5397 329 5458 τοὺς
380 5395 574 5449 ἑαυτοῦ
625 5394 894 5466 μαθητὰς,
933 5395 1019 5448 ἵνα
1057 5394 1132 5466 μὴ
1168 5395 1260 5450 διὰ
1285 5395 1382 5465 τῆς
1417 5396 1796 5467 ὑπερηφανίας

1903 5404 2094 5450 cautos
2130 5410 2194 5450 ac
2223 5394 2518 5464 prudentes
2549 5389 2779 5445 reddere
2809 5389 3110 5458 discipulos
3146 5389 3394 5456 studens,
3424 5405 3494 5445 ne

180 5487 516 5544 ἀπολέσωσι
570 5486 662 5540 τὸν
723 5487 915 5556 μισθὸν
961 5487 1056 5540 τοῦ
1103 5487 1291 5558 ἔργου.
1356 5491 1774 5560 ταπεινοφρονεῖε

1904 5487 1968 5540 ob
2015 5484 2328 5554 superbiam
2375 5481 2559 5551 operis
2621 5480 2708 5535 sui
2779 5479 3033 5534 mercede
3077 5481 3392 5550 priventur,
3426 5482 3492 5534 ad

179 5580 497 5636 ἐνουθέτει.
529 5575 695 5644 Οὗτος
725 5581 781 5634 δὲ
812 5581 874 5634 οὑ
903 5581 1261 5652 παραδέχεται
1289 5597 1300 5610 ·
1333 5581 1486 5652 τύφῳ
1515 5581 1625 5651 γάρ
1659 5599 1774 5636 κατ;

1904 5579 2265 5633 humilitatem
2299 5575 2602 5632 erudiebat.
2631 5573 2788 5638 Quod
2822 5573 2926 5628 iste
2971 5575 3369 5630 documentum
3406 5591 3494 5628 re-

181 5672 388 5729 πάντα
421 5673 655 5744 ἐπήρθη,
692 5673 786 5726 καὶ
813 5673 914 5726 οὐκ
945 5673 1192 5744 ἀληθείᾳ.

1904 5671 2048 5739 iicit,
2091 5677 2280 5742 u'pote
2318 5669 2496 5724 elatus
2538 5668 2852 5738 arrogantia
2879 5707 2892 5730 ,
2937 5683 3045 5722 non
3095 5668 3325 5723 veritate
3366 5667 3498 5722 sub—

1900 5781 2082 5820 lllelS.

278 5887 296 5919 ¹
335 5884 471 5942 Luc.
499 5901 590 5955 xv,
630 5885 711 5941 1:2.
756 5887 774 5916 ²
800 5883 933 5944 Luc.
973 5901 1082 5956 xw,
1125 5885 1205 5941 l6.
1253 5885 1270 5917 ³
1307 5885 1436 5942 ibid.
1465 5887 1552 5944 22..
1601 5888 1620 5919 '*
1658 5889 1791 5945 Cen.
1823 5903 1977 5955 xvnt,
2149 5887 2168 5917 ⁸
2197 5883 2332 5942 Luc.
2377 5900 2490 5952 xw,
2523 5883 2614 5940 2:3.
2660 5883 2680 5914 ⁸
2710 5881 2846 5938 ibid.
2873 5881 2962 5938 29.
3014 5889 3034 5922 ⁷
3067 5879 3200 5936 Luc.
3239 5894 3370 5946 xvn,
3402 5875 3492 5934 10.
