3934 6424
527 401 635 460 τξιε

1955 409 2015 466 S.
2055 408 2399 468 EPIPHANII
3683 428 3763 486 ⁸ίῶ

600 516 784 575 Schol.
825 519 914 581 48.
963 520 1195 589 Quando
1236 532 1602 581 occurrerunt
1644 526 1834 584 decem
1888 529 2114 601 leprosi.

2290 533 2445 603 Σχόλ.
2485 541 2596 607 μη’.
2639 536 2768 591 Ὅτε
2800 540 3140 612 συνήντησαν
3168 541 3217 595 οἱ
3244 540 3382 598 δέκα
3414 540 3618 615 λεπροι.
3661 547 3765 600 Ἀπ-

526 609 650 677 Quo
673 612 728 667 in
767 614 890 670 loco
918 615 1091 669 multa
1114 624 1349 672 resecat.
1380 612 1575 689 Itaque
1604 621 1797 677 scribit
1828 641 1843 677 :
1874 621 1943 676 Et
1972 624 2119 678 misit

524 718 614 758 eos
657 705 835 760 dicens
884 722 904 761 :
941 705 1214 762 Ostendite
1263 724 1353 764 vos
1406 710 1771 768 sacerdotibus
1797 715 1814 745 ¹
1850 731 1866 781 ;
1915 729 1982 770 ac
2017 731 2119 789 pro

528 794 653 851 aliis
674 797 780 851 alia
809 799 1120 868 supposuit,
1150 798 1226 854 ita
1254 801 1574 873 concipiens
1605 823 1618 859 :
1652 802 1817 860 Multi
1843 817 1999 862 erant
2038 810 2117 865 le-

525 888 672 955 prosi
711 888 766 942 in
808 888 992 946 diebus
1030 888 1219 945 Elistei
1262 893 1559 965 prophetae,
1606 905 1657 951 et
1710 914 1861 954 nemo
1900 909 2119 957 curatus

528 989 606 1033 est
638 981 742 1035 nisi
785 979 1042 1038 Naaman
1076 981 1247 1055 Syrus
1279 987 1324 1042 ¹.

599 1068 786 1128 Refut.
817 1073 908 1130 48.
942 1073 1059 1131 Hoc
1087 1076 1144 1131 in
1177 1077 1300 1135 loco
1338 1079 1663 1151 prephetam
1705 1081 1975 1140 Dominus
2006 1083 2120 1141 Eli-

527 1177 697 1218 suum
732 1166 984 1221 nominat
1004 1206 1019 1230 ,
1053 1183 1223 1239 seque
1265 1170 1403 1227 adeo
1427 1171 1770 1229 demonstrat
1800 1190 1865 1230 ea
1893 1190 2016 1247 quae
2049 1175 2120 1232 ab

527 1254 622 1309 illo
670 1255 845 1328 signis
886 1261 941 1313 et
981 1257 1284 1318 involucris
1327 1264 1610 1333 aequaliter
1638 1265 1966 1323 adumbrata
1999 1268 2120 1324 fue-

529 1357 690 1414 rant,
734 1350 918 1419 reipsa
956 1351 1297 1421 complesse,
1341 1370 1452 1425 quo
1498 1354 1861 1426 Mareionem,
1900 1374 1963 1416 ac
2010 1376 2118 1415 ca:-

531 1451 678 1497 teros
756 1457 948 1501 omnes
1019 1448 1410 1517 prophetarum
1473 1458 1879 1522 contemptores
1958 1452 2119 1509 refel-

530 1533 686 1587 leret.

604 1622 789 1680 Schol.
812 1626 901 1682 49.
928 1625 1146 1683 Venient
1195 1629 1308 1685 dies
1328 1671 1343 1695 ,
1373 1633 1586 1702 quando
1626 1632 1996 1689 desiderabitis
2044 1635 2119 1688 vi-

531 1712 653 1769 dere
682 1731 846 1772 unum
869 1733 935 1772 ea:
961 1719 1145 1774 diebus
1179 1718 1309 1775 Filii
1337 1723 1569 1779 hominis
1596 1725 1637 1780 ³.

605 1802 788 1864 Refut.
836 1811 925 1864 49.
975 1812 1108 1869 Cum
1160 1822 1216 1869 et
1271 1814 1390 1871 dies
1448 1824 1746 1885 numeret,
1782 1824 1838 1872 et
1902 1825 2115 1873 certum

532 1907 748 1970 tempus
780 1901 1006 1970 indicet,
1040 1916 1095 1963 et
1126 1907 1325 1963 Filium
1355 1922 1415 1963 se
1439 1908 1676 1965 hominis
1706 1909 1964 1979 appellat,
1988 1923 2121 1964 sane

532 2004 846 2047 mensuram
875 1998 1166 2065 quamdam
1212 1999 1391 2054 astatis
1427 1998 1722 2070 signiﬁcat,
1756 2014 1822 2055 ac
1856 1999 2123 2071 praedica-

532 2082 699 2139 tionis
736 2100 851 2141 sute
896 2087 1176 2145 definitum
1222 2089 1365 2146 diem
1417 2092 1726 2147 constituit.
1762 2091 1973 2159 Quare,
2012 2108 2120 2148 non

532 2186 728 2244 expers
756 2178 940 2235 carnis
966 2188 1051 2237 est
1084 2180 1358 2242 Verbum.
1397 2184 1491 2240 sed
1526 2184 1579 2238 in
1614 2199 1849 2255 corpore
1882 2186 2122 2245 benevo-

533 2266 644 2320 lum
678 2268 812 2324 illud
836 2279 919 2327 est
949 2271 1045 2329 Dei
1072 2275 1367 2332 consilium
1402 2277 1721 2346 perfectum.

605 2358 789 2416 Schol.
817 2362 906 2418 50.
955 2363 1106 2420 Dixit
1145 2367 1195 2421 ei
1220 2368 1437 2438 quidam
1465 2386 1481 2423 :
1507 2366 1766 2440 Magister
1799 2369 1929 2427 bone
1947 2372 1968 2425 ,ν
1993 2372 2121 2443 quid

532 2448 732 2519 faciens
772 2452 933 2506 vitam
973 2464 1230 2511 wternam
1261 2458 1581 2525 possidebat
1619 2460 1690 2513 At
1742 2460 1835 2515 ille
1876 2477 1894 2516 :
1936 2461 2122 2519 Nolite

530 2556 614 2594 me
659 2539 833 2597 dicere
870 2543 1063 2599 bonum
1103 2563 1121 2601 :
1155 2564 1291 2603 unus
1338 2558 1417 2604 est
1481 2550 1646 2607 bonus
1694 2552 1856 2609 Deus.
1911 2546 2124 2624 Adjecit

533 2631 653 2697 ille,
682 2632 865 2688 Pater.
899 2635 1007 2692 Sed
1050 2647 1103 2694 et
1136 2655 1238 2709 pro
1275 2656 1340 2696 eo
1383 2643 1533 2713 quod
1571 2651 1688 2711 est,
1727 2644 1990 2700 Mandata
2033 2664 2118 2705 no-

532 2724 677 2789 sti‘,
711 2725 935 2797 scripsit
970 2729 1082 2793 ille,
1115 2729 1379 2786 Mandata
1408 2735 1547 2788 novi.

603 2813 787 2871 Rcl‘ut.
822 2818 914 2889 50.
946 2819 1027 2877 Ne
1082 2821 1339 2878 mandata
1397 2836 1554 2882 antea
1601 2827 1901 2899 perscripta
1955 2828 2124 2886 fuisse

532 2916 899 2978 monstraret,
966 2912 1042 2967 ita
1099 2914 1442 2973 substituit:
1507 2917 1772 2973 Mandata
1817 2922 1953 2976 novi.
2016 2921 2124 2978 Sed

532 2997 802 3064 integrum
845 3010 1012 3070 caput
1042 3002 1175 3058 illud
1222 3018 1285 3058 ex
1335 3006 1449 3075 ipsa
1490 3011 1762 3066 sermonis
1804 3018 1890 3067 est
1927 3027 2125 3069 conse-

532 3092 753 3157 quentia
796 3092 1169 3151 manil'estum.
1213 3094 1279 3151 Et
1331 3099 1591 3168 quoniam
1638 3100 1857 3158 Patrem
1917 3103 2121 3160 bonum

532 3179 787 3249 appellat,
822 3197 888 3239 ac
916 3181 1120 3251 Deum,
1162 3189 1426 3257 praeclare
1453 3190 1584 3245 illud
1616 3192 1893 3260 ostendit;
1925 3210 2116 3266 quem-
2148 3216 2192 3274 ο

532 3273 664 3328 libet
692 3288 759 3330 ex
787 3272 967 3333 Patris
999 3279 1086 3334 sui
1117 3279 1235 3351 lege
1257 3320 1272 3345 ,
1305 3282 1452 3337 velut
1481 3283 1756 3354 quoddam
1788 3286 1915 3341 vitae
1950 3289 2125 3357 patri-

531 3369 774 3424 monium
800 3370 1135 3445 possem
1162 3376 1423 3446 consequi
1444 3392 1460 3440 ς
1482 3376 1742 3432 necillam
1769 3379 2122 3447 condemnat,

534 3468 627 3514 out
654 3460 831 3531 rejicit
863 3481 877 3517 :
911 3463 1008 3518 sed
1043 3478 1139 3519 eos
1173 3468 1356 3535 potius
1390 3468 1552 3538 quiin
1583 3468 1700 3541 lege
1722 3469 1997 3537 vixerunt,
2023 3474 2127 3526 im-

536 3553 820 3607 ninitalem
870 3554 1037 3609 vitam
1071 3557 1297 3614 sortitos
1337 3572 1463 3614 esse
1499 3568 1754 3627 testatur,
1788 3560 2010 3635 Moysen
2041 3564 2125 3618 vi-

533 3641 749 3710 delicet,
777 3658 840 3699 ac
874 3646 1170 3716 prophetas
1195 3658 1444 3706 caeteros.

607 3732 793 3813 Schol.
830 3736 918 3792 51.
945 3736 1175 3794 Factum
1204 3752 1381 3798 autem
1413 3753 1492 3799 est
1527 3760 1646 3800 cum
1680 3749 2123 3819 appropinquaret

532 3823 747 3880 Jericlio
769 3867 782 3890 ,
815 3843 983 3884 cacus
1014 3832 1283 3887 clamabat
1317 3851 1336 3889 :
1364 3833 1518 3902 Iesu,
1542 3838 1624 3907 ﬁli
1653 3838 1850 3905 Dauid,
1878 3842 2126 3898 miserere

533 3918 654 3971 mei.
696 3917 762 3973 Et
795 3936 913 3974 cum
937 3933 1156 3980 curatus
1180 3935 1338 3995 esset,
1365 3930 1442 3983 ait
1470 3947 1489 3984 :
1522 3929 1684 3987 Fides
1718 3944 1812 3988 tua
1843 3943 1894 3989 te
1915 3935 2122 3991 salvum

534 4009 659 4079 fecit
692 4012 736 4066 '.

604 4100 787 4157 Refut.
818 4104 906 4159 5].
938 4103 1158 4163 Nullum
1181 4109 1324 4167 inest
1357 4112 1410 4166 in
1451 4111 1558 4169 [ide
1588 4114 1958 4172 mendacium.
1984 4115 2122 4173 Nam

532 4196 580 4248 si
614 4194 898 4262 mentitur,
919 4196 1055 4253 ﬁdes
1079 4213 1192 4254 non
1221 4207 1329 4256 est.
1367 4201 1436 4255 At
1458 4203 1550 4258 ille
1582 4218 1709 4259 eum
1737 4204 2006 4273 dixisset,
2040 4206 2123 4275 fili

532 4280 741 4349 David,
787 4300 819 4340 a
865 4286 1089 4344 Christo
1137 4290 1421 4358 laudatur;
1477 4307 1788 4365 nomenque
1836 4295 2124 4353 confessus

531 4370 677 4440 quod
702 4372 942 4443 petierat
964 4375 1241 4446 impetrat.
1271 4377 1389 4435 Non
1416 4380 1507 4436 ille
1539 4364 1861 4453 inerepattir
1890 4392 1950 4439 ut
1979 4400 2128 4440 men~

534 4465 675 4528 ilax,
711 4465 809 4521 sed
855 4467 1188 4536 praedicatur
1226 4479 1283 4524 ut
1319 4471 1514 4533 ﬁdelis.
1557 4471 1681 4528 Non
1732 4476 1916 4532 carnis
1958 4477 2124 4546 igitur

2223 623 2392 695 έκοψε
2418 625 2476 678 δὲ
2507 627 2697 696 πολλὰ,
2721 630 2816 683 καὶ
2848 631 3124 703 εποίησεν·
3157 632 3536 687 Ἀπέστειλεν
3562 638 3769 703 αὐτοὺς,

2219 716 2415 786 λέγων
2437 735 2451 749 ·
2497 720 2739 784 Δείξατε
2769 722 3023 790 ἑαυτοὺς
3061 725 3186 791 τοῖς
3229 724 3494 794 ἱερεῦσι·
3541 727 3630 780 καὶ
3666 728 3773 782 ἄλλα

2220 809 2334 863 ἀντ’
2357 810 2533 864 ἄλλων
2556 813 2800 885 ἐποίησε,
2823 814 3019 884 λέγων,
3050 817 3131 870 ὅτι
3169 817 3397 871 Πολλοὶ
3411 818 3619 886 λεπροὶ
3643 816 3775 888 ἦσαν

2219 903 2290 958 ἐν
2336 904 2583 975 ἡμέραις
2625 907 2972 963 Ἐλισσαίου
3019 910 3129 964 τοῦ
3163 912 3501 982 προφήτου,
3550 914 3643 966 καί
3688 914 3775 968 οὐκ

2218 995 2587 1067 ἐκαθαρίσθη
2624 1001 2677 1052 ει
2698 999 2786 1069 μὴ
2810 998 3046 1071 Νεεμᾶν
3076 1003 3110 1054 ὁ
3133 1002 3345 1070 Σύρος.

2293 1089 2515 1160 Ἐλεγχ.
2570 1096 2682 1161 μη’.
2727 1091 2838 1145 Καὶ
2894 1091 3133 1146 ἐνταῦθα
3174 1094 3468 1165 προφήτην
3510 1093 3600 1146 τὸν
3628 1092 3774 1147 Ἐλισ-

2222 1182 2374 1235 σαῐον
2396 1181 2555 1236 καλεί
2578 1183 2606 1234 ὁ
2644 1182 2868 1254 Κύριος,
2900 1184 2996 1238 καὶ
3026 1183 3218 1238 ἑαυτὸν
3250 1185 3570 1263 πληροῦντα
3592 1185 3659 1238 τὰ
3687 1188 3775 1239 ἰσο-

2218 1267 2407 1334 τύπως
2431 1272 2561 1342 παρ’
2584 1271 2793 1325 ἐκείνου
2818 1273 3286 1344 προγεγενημένα,
3320 1274 3413 1327 ἵνα
3438 1273 3630 1347 ἐλέγχῃ
3654 1276 3777 1345 Μαρ-

2220 1360 2412 1429 κίωνα,
2442 1362 2537 1416 καὶ
2569 1362 2781 1425 πάντας
2805 1363 2934 1435 τοὺς
2971 1362 3297 1431 ἀθετοῦντας
3331 1363 3475 1416 Θεοῦ
3504 1365 3774 1435 προφήτας.

2292 1632 2446 1704 Σχόλ.
2480 1632 2588 1705 μθ’.
2626 1632 3013 1687 Ἐλεύσονται
3061 1630 3293 1703 ἡμέραι,
3334 1630 3489 1685 ὅταν
3528 1628 3779 1703 ἐπιθυμή-

2219 1739 2369 1792 σητε
2386 1723 2536 1793 μίαν
2561 1723 2683 1777 τῶν
2699 1724 2936 1794 ἡμερῶν
2958 1723 3064 1777 τοῦ
3098 1723 3236 1778 Υῑοῦ
3267 1722 3378 1777 τοῦ
3404 1720 3724 1791 ἀνθρώπου.

2294 1814 2518 1888 Ἐλεγχ.
2570 1815 2680 1889 μθ’.
2720 1816 2786 1870 Ei
2818 1816 3033 1889 ἡμέρας
3064 1816 3310 1888 ἀριθμεῖ,
3342 1815 3443 1869 καί¹
3490 1814 3671 1886 χρόνον
3706 1830 3779 1884 οη·

2225 1909 2425 1981 μαίνει,
2456 1909 2552 1963 καὶ
2602 1908 2732 1962 Υίδν
2764 1908 3053 1981 ἀνθρώπου
3102 1907 3252 1978 λέγει
3295 1908 3524 1963 ἑαυτόν·
3571 1907 3671 1979 ἄρα
3707 1907 3777 1958 καὶ

2225 2002 2424 2073 μέτρον
2453 2000 2674 2073 ἡλικίας
2701 1998 2968 2065 ὑπέδειξε,
2999 2001 3094 2055 καὶ
3136 2001 3362 2072 ήμερῶν
3401 1998 3500 2054 τοῦ
3529 1997 3780 2070 κηρύγμα-

2220 2111 2313 2158 τος
2356 2094 2682 2165 ὑπόδειγμα.
2719 2094 2835 2148 Οὐκ
2877 2095 3116 2167 ἄσαρκος
3156 2089 3250 2148 οὖν
3304 2095 3334 2147 ὁ
3390 2091 3584 2161 Λόγος,
3613 2089 3777 2145 ἀλλ’ὲν

2223 2182 2440 2257 σώματι
2462 2185 2496 2257 ἡ
2522 2185 2757 2239 εὐδοκία.

2294 2356 2450 2428 Σχόλ.
2485 2363 2549 2412 ν’.
2588 2352 2739 2412 Εἷπέ
2771 2374 2859 2422 τις
2884 2355 3033 2425 πρὸς
3056 2355 3273 2409 αὐτόν·
3298 2352 3638 2408 Διδάσκαλε
3668 2352 3780 2419 dra-

2222 2447 2326 2504 θέ]
2346 2450 2404 2503 τί
2423 2448 2686 2517 ποιήσας
2708 2447 2862 2517 ζωὴν
2881 2447 3122 2501 αἰώνιον
3142 2444 3618 2515 κληρονομήσω;
3647 2443 3693 2496 Ὁ
3708 2442 3773 2496 δέ’

2223 2542 2319 2609 Μή
2357 2560 2436 2613 με
2480 2542 2621 2613 λέγε
2671 2542 2929 2612 ἀγαθόν·
2989 2538 3077 2607 εἷς
3117 2541 3293 2594 ἐστιν
3332 2539 3615 2609 ἀγαθὸςσὸ
3645 2538 3775 2600 Θεός.

2223 2634 2529 2706 Προσέθετο
2561 2635 2770 2698 ἐκεῖνος
2794 2651 2809 2665 ο
2857 2634 2911 2686 '0
2951 2633 3175 2702 Πατήρ.
3213 2632 3326 2686 Καὶ
3369 2634 3494 2687 ἀντὶ
3538 2632 3659 2686 τοῦ·
3693 2629 3777 2694 Τὰς

2223 2725 2477 2792 ἐντολὰς
2509 2721 2699 2791 οἶδας,
2724 2724 2893 2792 λέγει,
2931 2725 3042 2791 Τὰς
3065 2723 3323 2789 ἐντολὰς
3351 2721 3507 2779 οἴδα.

2299 2816 2517 2889 Ἔλεγχ.
2549 2822 2612 2871 ν’.
2658 2818 2775 2871 Ἵνα
2797 2816 2872 2888 μὴ
2913 2816 3061 2889 δείξῃ
3103 2816 3203 2881 τὰς
3232 2817 3460 2880 ἐντολὰς
3493 2816 3588 2887 ήδη
3619 2825 3777 2884 προγε-

2222 2907 2574 2983 γραμμένας,
2605 2908 2780 2977 λέγει·
2809 2908 2920 2976 Τὰς
2944 2909 3197 2975 ἐντολὰς
3227 2905 3381 2963 οἴδα.
3400 2909 3475 2963 Τὸ
3497 2908 3554 2962 δὲ
3578 2905 3685 2960 ὅλον
3708 2920 3776 2956 κε-

2224 3002 2454 3073 φάλαιον
2487 3002 2717 3073 φανερὸν
2743 3002 2979 3072 ὑπάρχει
3010 3001 3118 3055 ἀπὸ
3139 3001 3242 3072 τῆς
3262 3001 3604 3065 ἀκολουθίας.
3631 2996 3774 3052 Καὶεῐ

2224 3092 2446 3164 Πατέρα
2495 3090 2701 3160 ἀγαθὸν
2746 3092 2965 3161 φάσκει,
3001 3091 3099 3144 καὶ
3141 3092 3274 3147 Θεὸν
3316 3092 3593 3163 ὀνομάζει,
3630 3088 3774 3149 καλῶς

2227 3184 2336 3238 ἀπὸ
2368 3183 2464 3238 τοῦ
2488 3184 2658 3255 νόμου
2689 3183 2783 3237 τοῦ
2813 3183 3027 3254 Πατρὸς
3052 3184 3218 3238 αὐτοῦ
3247 3184 3494 3240 διδάσκει
3520 3185 3606 3237 τὸν
3630 3180 3775 3252 βουλά-

2229 3293 2389 3348 μενον
2419 3275 2515 3348 τὴν
2559 3275 2706 3348 ζωὴν
2737 3275 3178 3347 κληρονομῆσαι·
3207 3277 3302 3330 καὶ
3335 3278 3439 3331 οὐκ
3468 3275 3656 3338 ἀθετεῖ,
3677 3269 3772 3324 οὐδὲ

2225 3367 2560 3422 ἀπωθεῖται’
2604 3367 2741 3422 ἀλλὰ
2788 3368 2987 3440 μᾶλλον
3029 3370 3401 3442 ἐπιμαρτυρεῖ
3421 3369 3546 3432 τοὺς
3578 3369 3631 3419 ὲν
3656 3363 3772 3432 νόμῳ

2226 3460 2718 3532 πολιτευσαμένους
2781 3459 2927 3532 ζωὴν
2985 3460 3200 3515 αίὼνιον
3254 3456 3769 3534 κεκληρονομηκέναι,

2227 3553 2466 3607 Μωῦσέα
2489 3569 2550 3606 τε
2579 3552 2826 3617 καὶτοὺς
2849 3552 3044 3617 ἄλλους
3080 3554 3391 3626 προφήτας.

2274 3737 2454 3808 οΣχόλ.
2482 3743 2584 3792 νας
2638 3735 2901 3807 Ἐγένετο
2932 3734 3002 3788 δὲ
3031 3735 3102 3789 ἐν
3129 3733 3209 3801 τῷ
3234 3732 3490 3805 ἐγγίζειν
3530 3727 3699 3785 αὐτὸν
3716 3721 3769 3790 ri

2238 3830 2471 3901 ’1εριχὼ,
2495 3830 2728 3900 τυφλὸς
2758 3814 2930 3884 ἐϐόα·
2969 3829 3164 3898 Ἰησοῦ
3193 3828 3286 3884 υἱὲ
3316 3827 3518 3893 Δαὸὶδ,
3554 3820 3769 3889 ἐλέησά·

2219 3939 2316 3992 με.
2348 3922 2459 3977 Kal
2507 3921 2606 3977 ὅτε
2634 3920 2790 3990 ἰάθη,
2821 3921 3015 3990 φησιν
3038 3936 3051 3954 ·
3087 3919 3153 3975 Ἠ
3192 3919 3401 3986 πίστις
3427 3934 3544 3973 σου
3579 3904 3768 3970 σέσωκέ

2224 4029 2321 4068 σε.

2299 4104 2521 4177 Ἕλεγχ.
2559 4110 2660 4159 να’.
2700 4103 2793 4158 Ἐν
2846 4102 3028 4157 πίστει
3072 4103 3174 4156 οὐκ
3218 4101 3298 4155 ἔνι
3340 4101 3565 4164 ψεῦδος-ο
3605 4097 3648 4148 εἰ
3687 4089 3767 4158 τδρ

2223 4195 2498 4267 ψεύδεται,
2527 4196 2588 4249 οὐ
2642 4195 2843 4258 πίστις.
2890 4194 3056 4263 Λέγει
3107 4192 3271 4263 γοῦνο
3336 4192 3431 4247 Υἱὲ
3482 4185 3663 4246 Δαϐίδ,
3699 4178 3767 4231 καὶ

2224 4289 2554 4350 ἐπαινεῖται,
2588 4286 2685 4341 καὶ
2713 4285 2998 4358 κομίζεται
3029 4284 3090 4339 τὸ
3115 4285 3322 4356 αἴτημα
3357 4282 3471 4375 diro
3491 4273 3766 4375 ὄνομαιιξμςξ

2224 4381 2480 4452 λογήσας.
2511 4378 2622 4433 Καὶ
2672 4378 2774 4432 οὐκ
2826 4376 3133 4449 ἐπετιμήθη
3182 4376 3258 4439 ὠς
3311 4374 3571 4444 ψεύστης,
3595 4364 3767 4421 ἀλλ’ὡς

2228 4473 2417 4539 πιστὸς
2450 4473 2822 4544 ὲμακαρίσθη.
2852 4471 2969 4525 Οὐκ
3002 4471 3111 4541 ἄρα
3135 4470 3374 4540 ἄσαρκος
3403 4471 3432 4522 ὁ
3461 4466 3546 4521 διὰ
3571 4462 3659 4531 τὴν
3678 4453 3767 4544 ἐπί-

533 4564 652 4611 crat
706 4559 905 4628 expers
959 4560 1053 4630 qui
1105 4561 1177 4617 ob
1224 4563 1372 4619 illam
1432 4566 1669 4624 nominis
1725 4567 2122 4625 invocationem

2234 4564 2423 4638 κλησιν
2461 4543 2556 4617 τοῦ
2598 4563 2861 4635 ὀνόματος
2887 4562 3255 4633 χαρισάμενος
3282 4559 3362 4631 τῷ
3390 4554 3574 4628 τυφλῷ
3598 4551 3651 4604 τὸ
3674 4543 3765 4616 βλέο

533 4662 681 4703 ι’ωοο
723 4648 903 4703 visum
942 4651 1206 4706 restituit.
1255 4653 1469 4726 Quippe
1520 4674 1628 4713 non
1674 4676 1814 4716 vana
1861 4662 2131 4719 duntaxat

534 4737 739 4806 specie,
768 4741 863 4793 sed
895 4739 1076 4808 reipsa
1109 4744 1413 4813 secundum
1447 4762 1667 4804 carnem
1698 4766 1728 4805 e
1769 4752 1941 4823 stirpe
1977 4753 2132 4808 Davi-

533 4829 618 4887 ilis
653 4828 918 4900 originem
963 4832 1199 4889 duxerat
1227 4836 1295 4892 de
1331 4837 1652 4895 beatissima
1687 4840 1911 4915 Virgine
1955 4844 2124 4900 Maria

532 4931 726 4985 natus,
770 4930 823 4978 et
862 4936 892 4976 a
919 4935 1114 4983 sancto
1164 4928 1372 5000 Spiritu
1402 4930 1694 4991 formatus.

601 5014 790 5072 Schol.
831 5016 921 5072 52.
977 5018 1249 5076 Mulilavit
1302 5022 1407 5078 ista
1437 5042 1450 5077 :
1482 5024 1785 5096 Assumptis
1842 5025 2123 5082 duodecim

532 5110 609 5167 ait
641 5127 661 5164 :
697 5109 828 5165 Ecce
851 5113 1187 5168 ascendimus
1223 5114 1682 5187 Hierosolymam,
1713 5127 1761 5172 et
1787 5133 2126 5173 consumma-

532 5201 729 5258 buntur
789 5206 967 5259 omnia
1035 5198 1156 5276 quaé
1235 5209 1437 5276 scripta
1506 5220 1628 5263 sunt
1688 5227 1780 5281 per
1842 5212 2123 5282 prophetas

531 5294 595 5348 de
638 5293 779 5349 Filio
821 5295 1052 5368 hominis
1076 5313 1095 5352 :
1120 5300 1385 5367 tradetur,
1423 5302 1713 5370 occidetur,
1753 5312 1804 5358 et
1849 5307 2008 5359 tertia
2037 5306 2123 5360 die

534 5398 766 5457 resurget
790 5388 829 5441 ⁸.
872 5387 995 5446 llaec
1022 5392 1207 5447 omnia
1244 5393 1493 5450 sustulit.

608 5565 787 5619 Refut.
835 5568 923 5623 52.
970 5570 1041 5626 Ut
1086 5589 1358 5645 nusquam
1405 5583 1552 5631 recta
1586 5558 1888 5647 gradiatur.
1930 5577 2119 5645 Quan-

536 5666 702 5727 quam
751 5655 897 5712 illius
945 5661 1238 5732 obliquitas
1286 5682 1352 5722 ac
1396 5669 1537 5723 mala
1580 5669 1634 5725 in
1680 5671 1938 5726 omnibus
1989 5671 2121 5727 lides

2230 4675 2374 4712 πειν.
2393 4655 2690 4728 ’Δλήθινῶς
2718 4654 2828 4726 γὰρ
2854 4649 2943 4724 ἦν,
2972 4654 3067 4707 καὶ
3092 4654 3154 4707 οὐ
3191 4653 3432 4724 δοκήσει,
3454 4652 3516 4703 ὲκ
3534 4644 3617 4701 τοῦ
3643 4638 3767 4704 σπέρ-

2233 4769 2403 4824 ματος
2448 4749 2616 4804 Δαὸὶδ
2666 4748 2807 4802 κατὰ
2857 4747 3061 4817 σάρκα,
3101 4745 3209 4800 ἀπὸ
3256 4747 3476 4817 Μαρίας
3518 4743 3609 4812 τῆς
3630 4733 3764 4802 ’ἁγίας

2233 4843 2532 4915 Παρθένου,
2564 4841 2658 4895 καὶ
2685 4840 2774 4895 διὰ
2808 4838 3124 4909 Πνεύματος
3150 4837 3307 4903 ἁγίου
3339 4828 3719 4905 γεγεννημένος-

2301 5020 2459 5096 Σχόλ.
2493 5022 2593 5093 νβ’.
2635 5020 2922 5094 Παρέκοψε
2960 5021 3056 5074 τό⁶
3109 5019 3476 5089 Παραλαϐὼν
3520 5012 3647 5076 τοὺς
3681 5002 3761 5059 δώ-

2229 5116 2397 5182 δεκα,
2419 5117 2658 5186 ἔλεγεν·
2700 5114 2844 5170 Ἰδοὺ
2866 5115 3269 5184 ἀναϐαίνομεν
3293 5116 3379 5180 εἰς
3413 5107 3756 5197 Ἱεροσόλιψν

2231 5209 2329 5264 καὶ
2368 5208 2803 5277 τελεσθήσεται
2845 5205 3042 5260 πάντα
3080 5205 3154 5260 τὰ
3194 5201 3557 5275 τετραμμένα
3585 5197 3646 5249 ἐν
3664 5204 3757 5249 τοις

2228 5299 2552 5371 προφήταις
2589 5299 2719 5368 περὶ
2750 5297 2857 5351 τοῦ
2896 5296 3033 5352 Υἱοῦ
3061 5296 3169 5351 τοῦ
3190 5295 3517 5363 ἀνθρώπου.
3537 5278 3755 5353 Παραδ⁰“

2228 5393 2477 5461 θήσεται
2517 5393 2649 5461 γὰρ,
2692 5390 2789 5444 καὶ
2815 5388 3355 5458 ἀποκτανθήσεται,
3384 5387 3476 5442 καί
3522 5379 3591 5448 τῇ
3624 5373 3754 5442 τρίτη

2227 5480 2991 5567 ήμέρςι-ἐγερθήσεται.”ολα
3015 5480 3186 5534 ταῦτα
3212 5478 3502 5553 παρέκοψε.

2301 5558 2524 5647 Ἐλεγχ.
2552 5574 2653 5645 νβ’.
2697 5576 2815 5627 Ἵνα
2840 5575 2898 5626 ὲν
2935 5573 3123 5644 μηδενὶ
3151 5570 3501 5644 ὀρθοποδήσῃ.
3527 5562 3607 5633 Μὴ
3628 5553 3750 5626 ὀρθ⁰⁶

2229 5670 2405 5723 ποδῶν
2437 5668 2495 5722 δὲ
2521 5668 2807 5739 ἐλέγχεται
2844 5664 3185 5739 ρᾳδιουργῶν
3217 5664 3359 5719 κατὰ
3388 5662 3551 5724 πάντα
3570 5649 3751 5723 τρόπον·.

505 5898 518 5919 ⁸
617 5828 637 5861 ¹
660 5828 795 5892 Luc.
832 5835 1056 5899 xm.”-
1134 5842 1153 5872 '
1187 5841 1320 5907 Luc.
1352 5861 1424 5916 tv,
1458 5812 1567 5905 27.¹
1631 5850 1649 5882 ⁸
1678 5850 1815 5913 Luc.
1861 5866 1993 5920 xvu,
2026 5852 2117 5907 22.
2194 5852 2214 5886 ⁸
2249 5850 2383 5914 Luc.
2420 5867 2575 5921 xviii,
2612 5852 2675 5909 l8
2708 5866 2831 5923 sqq.
2911 5852 2931 5884 '
2971 5849 3103 5917 ibid.
3135 5850 3224 5907 35.
3258 5850 3316 5881 ⁸⁸
3342 5846 3469 5905 ibid.
3504 5840 3580 5897 5|.
