3934 6422
191 410 300 467 751

860 403 1238 462 ADVERSUS
1278 400 1623 460 HEBESES
1663 400 1792 455 LIB.

1916 396 2087 453 ΤΟΜ..
2122 396 2215 451 111.
2258 420 2326 436 ι-
2365 392 2641 449 11ᾹΞΒΕ8.
2681 387 2840 446 XLII.

3361 384 3466 442 758

192 528 452 600 Ἐκροψε
490 525 600 599 γὰρ
624 527 692 581 τὰ
715 525 874 598 ῥητὰ,
898 526 983 579 ἵνα
1006 523 1166 595 δῆθεν
1198 524 1267 578 τὰ
1296 524 1423 595 περὶ
1449 520 1543 576 106
1572 520 1772 584 πάθους

1908 517 2198 589 epreliendi
2220 523 2419 587 potest.
2440 512 2773 571 Verbaenim
2794 507 3275 600 illaidissimulavit
3305 506 3463 600 ideo,

185 618 797 691 ἀρνήσηται.’ἶ⁴στερον
835 617 892 670 δὲ
932 614 1279 683 ὁμολογοῦντι
1303 614 1467 668 αὑτὸν
1497 610 1779 693 ἐσταυρῶ-

194 710 352 775 σθαι,
393 711 472 773 εἰς
524 708 753 780 μάταιον
803 704 952 777 αὑτῷ
1001 708 1030 760 ό
1071 705 1232 768 πόνος
1280 704 1381 774 τῆς
1434 702 1782 776 ῥᾳδιουργίας

188 802 378 857 ἔσται.

275 978 435 1048 Σχόλ.
493 982 588 1044 νγ¹.
631 974 918 1046 Παρέκοψε
960 974 1023 1028 τὸ
1067 974 1363 1043 κεφάλαιον
1406 974 1466 1026 τὸ
1512 974 1640 1045 περὶ
1686 974 1781 1028 106

192 1071 353 1133 δνου,
388 1067 480 1121 καὶ
509 1066 786 1137 Βεθφαγὴ,
819 1065 913 1118 καὶ
952 1063 1013 1118 τὸ
1044 1065 1172 1136 περὶ
1203 1066 1305 1135 τῆς
1328 1063 1535 1127 πόλεως
1567 1064 1661 1117 καὶ
1690 1063 1781 1117 106

196 1159 381 1230 ἱεροῦ.
419 1160 573 1212 Διότι
607 1155 1010 1228 γεγραμμένον
1197 1156 1259 1208 '0
1287 1151 1450 1221 οἶκός
1476 1173 1593 1224 μου
1622 1155 1785 1220 οἶκος

198 1248 561 1319 προσευχῆς
596 1248 964 1317 κληθήσεται
989 1264 1002 1277 °
1038 1247 1134 1302 καὶ
1170 1247 1390 1301 ποιεῖτε
1414 1247 1601 1301 αὐτόν
1628 1246 1787 1312 σπή-

200 1346 385 1395 λαιον
410 1339 676 1409 λῃστῶνρ

280 1427 507 1497 Ἐλεγχ.
542 1435 643 1497 νγ¹.
686 1428 787 1483 Τὸν
812 1427 1031 1497 ἔλεγχον
1057 1428 1257 1498 ἑαυτῆς
1282 1430 1314 1499 ἡ
1344 1429 1511 1482 κακία
1533 1430 1629 1499 οὐχ
1650 1431 1753 1501 ὁρᾷ
1769 1446 1782 1459 ⁸

199 1517 509 1587 τυφλώττει
539 1519 667 1589 γάρ.
700 1519 884 1572 Οἴεται
907 1518 962 1571 δὲ
991 1518 1250 1571 δύνασθαι
1279 1520 1652 1592 ἀποκρύπτειν
1691 1521 1787 1592 τὴν

200 1608 308 1678 τῆς
339 1608 595 1679 ἀληθείας
635 1609 752 1662 ὁδόν
773 1628 784 1640 ·
820 1611 957 1681 ὅπερ
983 1610 1129 1662 ἐστιν
1161 1610 1438 1665 ἀδύνατον.
1470 1611 1643 1676 Εὐθὺς
1679 1612 1788 1682 γάρ

201 1703 541 1773 ἀνεπήδησε,
571 1703 893 1774 παραλιπὼν
921 1704 1017 1756 ὅλα
1041 1703 1109 1756 τὰ
1141 1702 1410 1773 κεφάλαια
1435 1703 1502 1757 τὰ
1530 1721 1788 1775 προειρη-
1814 1778 1821 1781 _

206 1797 352 1867 μένα
378 1795 465 1857 διὰ
489 1796 580 1849 τὸν
615 1795 1032 1866 μαρτυρηθέντα
1059 1796 1221 1849 τόπον
1249 1794 1341 1848 τοῦ
1366 1795 1500 1850 ναοῦ
1526 1796 1651 1850 εντα
1686 1797 1785 1851 αὑ-

202 1862 305 1940 106
355 1887 503 1951 ἴδιον,
539 1862 633 1941 καί
682 1862 758 1950 εἰς
792 1862 961 1957 όνομα
1002 1885 1164 1939 αὑτοῦ
1212 1886 1647 1957 ᾠκοδομημένον.
1676 1887 1788 1941 Καὶ
1816 1862 1858 1916 Β

203 1978 322 2032 ἀπὸ
359 1978 460 2048 τῆς
502 1976 709 2049 Ἱεριχὼ
738 1976 1051 2031 καταλιπὼν
1099 1978 1281 2030 πᾶσαν
1325 1977 1424 2046 τὴν
1470 1976 1789 2031 ἀκολουθίαν

204 2068 311 2138 τῆς
336 2066 660 2138 ὁδοιπορίας,
690 2065 807 2129 πῶς
847 2084 905 2119 τε
944 2062 1106 2137 ἦλθον
1149 2067 1229 2129 είς
1267 2065 1537 2136 Βηθανίαν
1580 2068 1671 2120 καὶ
1710 2070 1790 2131 είς

205 2160 498 2231 Βηθφαγὴ.
531 2160 694 2212 Φύσει
736 2159 849 2235 γάρ
892 2158 1164 2230 λεωφόρος
1202 2154 1271 2230 ἦν
1317 2158 1544 2223 παλαιὰ,
1582 2161 1790 2228 ἄγουσα

206 2253 294 2313 είς
353 2250 708 2321 Ἰερουσαλὴμ
750 2250 838 2304 διά
886 2248 980 2303 τοῦ
1031 2250 1190 2320 ὅρους
1230 2251 1338 2303 τῶν
1376 2250 1640 2314 Ἐλαιῶν,
1691 2252 1791 2304 οὐκ

206 2339 488 2407 ἄγνωστος
524 2334 658 2391 οὖσα
687 2340 801 2400 τοῖς
836 2338 930 2391 καὶ
959 2336 1049 2389 τὸν
1069 2336 1232 2390 τόπον
1265 2337 1713 2408 ἱστοροῦσιν.”1να
1734 2338 1790 2393 δὲ

211 2429 443 2500 ἐλεγχθῇ
470 2429 578 2481 ἀπὸ
607 2429 699 2481 106
728 2426 857 2480 ἰδίου
893 2428 1178 2499 στόματος,
1205 2427 1398 2498 φησιν’
1440 2428 1701 2497 Ἐγένετο
1722 2430 1792 2483 ἑν

206 2517 318 2588 μιᾷ
349 2518 459 2572 τῶν
490 2518 723 2589 ἡμερῶν
754 2517 1151 2583 διδάσκοντος
1189 2518 1375 2572 αὐτοῦ
1409 2519 1478 2571 ἐν
1515 2517 1595 2583 τῷ
1637 2518 1789 2587 Ιερῷ,

208 2603 512 2673 ἐζήτησαν
558 2604 864 2657 ἐπιϐαλεῖν
911 2604 1004 2657 ἐπ’
1034 2604 1219 2657 αὑτὸν
1262 2605 1367 2671 τὰς
1419 2605 1641 2675 χεῖρας,
1692 2607 1789 2660 καὶ

209 2694 618 2764 ἐφοϐήθησαν,
646 2694 719 2758 ὡς
748 2695 856 2764 ἔχει
902 2694 1041 2765 μετὰ
1077 2694 1234 2748 τοῦτο
1277 2696 1336 2748 τὸ
1374 2696 1665 2765 κεφάλαιον
1698 2697 1789 2752 νδ.

210 2787 341 2851 Πῶς
384 2782 476 2840 οὖν
524 2786 632 2839 ἀπὸ
669 2785 876 2857 Ἱεριχὼ
919 2786 1135 2854 ἐγένετο
1183 2788 1239 2838 ὲν
1269 2789 1347 2858 τῷ
1376 2788 1526 2858 ἱερῷ,
1559 2788 1666 2842 ἀπὸ
1694 2790 1792 2861 τῆς

209 2877 389 2947 αὐτῆς
426 2876 732 2946 ὁδοιπορίας
755 2876 1149 2948 γνωσθήσεται,
1177 2878 1385 2931 καὶτοῦ
1415 2880 1511 2949 τῆς
1533 2878 1652 2932 ὁδοῦ
1680 2880 1794 2933 δια-

212 2968 668 3039 στήματος.Ἀλλ’
702 2970 786 3021 ἵνα
826 2968 963 3043 ὀφθῇ
999 2969 1027 3020 ό
1066 2968 1384 3039 ῥᾳδιουργὸς
1429 2969 1793 3041 παρακρύψας

210 3060 284 3113 τά
318 3062 376 3113 ὲν
407 3064 472 3132 τῇ
506 3061 607 3131 ὀδῷ
636 3061 923 3132 γενόμενα,
955 3061 1046 3114 καὶ
1076 3062 1133 3113 ὲν
1161 3060 1238 3131 τῷ
1274 3060 1404 3132 ἱερῷ
1437 3060 1672 3132 ῥηθέντα
1700 3061 1791 3113 ὑπ’

213 3151 383 3205 αὐτοῦ
428 3150 522 3204 τοῦ
566 3152 817 3246 Σωτῆρος
858 3151 964 3222 πρὸ
999 3151 1187 3204 τούτου
1226 3150 1405 3220 λόγου,
1432 3150 1574 3219 λέγω
1601 3151 1693 3223 δή·
1739 3152 1791 3205 Ὁ
1820 3187 1863 3246 c

212 3236 383 3306 οἶκός
415 3256 535 3308 μου
579 3235 742 3305 οἶκος
788 3239 1134 3308 προσευχῆς
1178 3240 1562 3308 κληθήσεται,
1590 3240 1685 3293 καὶ
1724 3239 1794 3293 τὰ

213 3328 363 3397 ἑξῆς,
400 3327 475 3390 ὡς
501 3325 613 3397 ἔχει
642 3329 676 3397 ἡ
713 3327 1039 3399 προφητεία.

286 3419 443 3491 Σχὸλ.
478 3418 570 3473 νδ’.
616 3421 722 3474 Καὶ
753 3419 1049 3487 ἐζητησαν
1092 3420 1400 3499 ἐπιϐαλεῖν
1438 3420 1545 3486 τὰς
1594 3419 1796 3491 χεᾶιᾱς

213 3510 312 3566 ἐπ’
346 3509 552 3573 αὑτὸν,
571 3509 671 3563 καὶ
697 3510 1105 3580 ἐφοϐήθησαν.

293 3600 513 3670 Ἐλεγχ.
552 3600 644 3653 νδ’.
686 3600 993 3672 Ἐθεωρήθη
1023 3602 1116 3655 καὶ
1145 3601 1464 3674 ἡρμηνεύθη
1494 3604 1553 3655 ὲν
1582 3602 1657 3675 τῷ
1689 3604 1797 3675 πρὸ

215 3689 409 3743 τούτου
453 3689 660 3761 ἐλέγχῳ
710 3691 807 3744 σὺν
848 3694 914 3762 τῇ
963 3692 1180 3764 φράσει,
1219 3694 1335 3763 μετ’
1387 3695 1652 3766 ἐπιτομῆς
1697 3695 1797 3766 τῆς

217 3784 626 3854 προσηκούσης.
780 3844 803 3851 ,ν
1536 3804 1543 3815 ~

292 3872 448 3942 Σχόλ.
483 3880 577 3927 νε’.
626 3876 794 3929 Πάλιν
827 3874 1066 3945 ἀπέκοψε
1092 3875 1159 3929 τά
1196 3877 1321 3948 περὶ
1353 3877 1445 3931 106
1476 3876 1797 3949 ἀμπελῶνος

216 3962 316 4017 τοῦ
353 3963 695 4037 ὲκδεόομένου
724 3971 991 4039 γεωργοῖς
1011 3984 1023 3995 ·
1068 3970 1158 4021 καὶ
1187 3968 1279 4021 τό·
1318 3968 1379 4023 Τί
1405 3964 1518 4023 οὖν
1545 3970 1677 4024 ἐστι
1706 3970 1794 4037 τὸ,

218 4056 407 4110 Λίθον
430 4056 503 4111 ὃν
520 4058 979 4127 ἀπεδοκίμασαν
1024 4062 1079 4113 οἱ
1112 4059 1608 4128 οὶκοδομοῦντες;

278 4148 500 4219 Ἔλεγχ.
525 4157 617 4206 γε’.
641 4151 807 4204 Οὐδὲν
826 4152 974 4222 ἡμᾶς
1007 4150 1444 4222 ἀδικήσειτοῦτο.
1480 4153 1597 4206 Κάν
1614 4169 1674 4205 τε
1691 4152 1798 4224 γάρ

219 4237 354 4290 αὐτὸ
380 4239 678 4310 περικόψῃ,
723 4240 821 4293 οὐκ
854 4241 947 4311 ἀφ’
991 4234 1149 4311 ἡμῶν
1171 4241 1469 4311 ἀπέκοψεν,
1502 4242 1638 4296 ἀλλά
1672 4244 1798 4295 ἑαυ-

218 4327 316 4380 τὸν
358 4330 449 4382 καὶ
485 4330 610 4394 τοὺς
641 4330 804 4388 αὐτοῦ
835 4331 1160 4403 ἐζημίωσεν.
1213 4333 1439 4397 Ὶκανῶς
1484 4334 1589 4405 γάρ
1621 4335 1649 4387 ὀ
1678 4335 1799 4388 κατ’

220 4412 389 4466 αὑτοῦ
421 4414 640 4487 ἔλεγχός
665 4418 802 4480 ἐστι,
831 4418 919 4471 διά
953 4418 1212 4472 πλειόνων
1242 4422 1575 4492 μαρτυριῶν.

295 4591 450 4661 Σχόλ.
479 4599 570 4656 νς’.
621 4594 885 4665 Ἀπέκοψε
915 4596 1004 4649 τό’
1033 4599 1161 4653 Ὅτι
1190 4599 1257 4652 δὲ
1278 4600 1605 4669 ἐγείρονται
1624 4604 1676 4654 οὶ
1706 4618 1801 4654 νε-

221 4684 377 4752 κροὶ,
408 4686 666 4755 Μωῦσῆς
701 4686 970 4755 ἐμήνυσε
997 4691 1127 4757 περὶ
1172 4691 1278 4744 τοῦ
1305 4692 1501 4756 βάτου
1530 4693 1663 4764 (75).
1722 4695 1803 4759 ὡς

220 4775 385 4844 λέγει
434 4779 676 4845 Κύριον,
713 4779 821 4832 τὸν
846 4782 997 4835 Θεὸν
1052 4784 1298 4853 Ἀϐραὰμ
1330 4784 1428 4837 καὶ
1463 4785 1679 4850 Ἰσαὰκ,
1703 4788 1802 4840 καὶ

236 4868 453 4923 Ἰακώϐ.
493 4872 637 4938 Θεὸς
663 4872 728 4926 δ’
747 4874 877 4928 ἐστὶ
908 4872 1156 4938 ζώντων,
1183 4877 1281 4929 καὶ
1307 4877 1444 4946 οὐχὶ
1474 4878 1722 4946 νεκρῶν.

302 4985 521 5057 Ἔλεγχ.
548 4989 653 5053 νς’.
690 4987 980 5060 Θαυμάσαι
1005 4988 1154 5043 ἔστιν
1183 4992 1275 5044 ἐπὶ
1303 4993 1369 5062 τῇ
1400 4992 1556 5062 ἀνοίᾳ
1584 4991 1679 5045 106
1703 5010 1805 5062 pta.-

223 5077 563 5148 ταιόκρρονος,
594 5079 709 5142 πῶς
747 5080 867 5150 οὐχὶ
891 5083 1019 5146 νοεῖ,
1063 5080 1144 5133 ὅτι
1174 5081 1264 5148 ἴση
1290 5081 1428 5152 αὕτη
1468 5084 1502 5153 ἡ
1531 5083 1807 5154 μαρτυρία

222 5166 483 5235 τυγχάνει
515 5168 579 5237 τῇ
606 5166 700 5220 106
731 5167 980 5239 Λαζάρου
1006 5168 1103 5221 τοῦ
1136 5168 1374 5239 πτωχοῦ,
1408 5171 1501 5223 καὶ
1533 5173 1598 5241 τῇ
1627 5188 1805 5242 παρα-

225 5257 358 5329 ϐολῇ
376 5257 484 5311 τῶν
509 5258 583 5330 μὴ
611 5259 1076 5330 συγχωρουμένων
1100 5261 1181 5322 είς
1206 5259 1304 5330 τὴν
1332 5259 1606 5330 βασιλείαν
1632 5263 1807 5314 εἰσελ-

228 5349 376 5402 θεῖν
405 5342 481 5405 ὧν
511 5350 849 5423 παραϐολῶν.
864 5349 932 5402 τά
964 5349 1192 5419 λείψανα
1222 5350 1393 5414 εἴασε,
1428 5352 1523 5403 καὶ
1558 5352 1618 5403 οὐ
1665 5369 1808 5424 παρ-

228 5440 447 5509 έκυψεν,
488 5440 623 5494 ἀλλά
653 5441 746 5495 ὲπί
775 5442 841 5513 τῇ
879 5439 1043 5495 αὑτοῦ
1076 5441 1305 5513 αἰσχύνῃ
1337 5442 1689 5495 καταλέλοιπε
1723 5444 1803 5505 τδ,

1883 614 1941 662 ιιι
1970 622 2091 677 quae
2112 606 2179 661 ad
2213 604 2421 660 Christi
2455 602 2774 658 Passionem
2808 599 3043 654 attinent
3084 606 3324 668 negaret.
3359 595 3467 652 Sed

1881 712 2006 753 cum
2058 696 2258 753 deinde
2298 693 2624 752 cruciﬁxum
2677 690 2929 746 eumdem
2980 704 3105 745 esse
3149 690 3462 754 confitetur,

1883 790 2090 844 frustra
2136 795 2222 844 est
2247 786 2426 842 omnis
2460 785 2531 840 ab
2554 797 2623 840 eo
2658 778 2999 852 depravandi
3033 779 3181 835 illius
3211 779 3315 834 loci
3344 794 3467 835 sus-

1881 888 2073 951 ceptus
2098 879 2272 935 labor.

1950 970 2135 1025 Schol.
2178 970 2266 1025 55.
2318 967 2594 1039 Expunxit
2645 974 2700 1023 et
2754 973 2921 1036 caput
2988 964 3122 1019 illud
3183 964 3252 1019 de
3307 964 3466 1019 asino

1882 1061 2229 1133 Bethphage,
2296 1068 2351 1117 et
2412 1060 2583 1124 urbe,
2653 1065 2816 1128 atque
2870 1056 3073 1125 templo
3096 1056 3134 1109 ¹.
3202 1054 3467 1121 Quoniam

1884 1154 2136 1222 scriptum
2168 1162 2245 1207 est
2276 1169 2295 1205 :
2331 1151 2530 1206 Domus
2570 1165 2689 1203 mea
2711 1149 2901 1203 domm
2949 1147 3213 1207 orationis
3256 1145 3465 1200 vocabi-

1888 1256 1993 1300 tur.
2026 1244 2093 1298 Et
2118 1245 2299 1315 facitis
2327 1260 2442 1298 eam
2475 1241 2777 1311 speluncam
2818 1242 3085 1295 latronum
3112 1239 3154 1295 ’.

1960 1419 2141 1475 Rcl'ut.
2175 1421 2263 1476 55.
2311 1420 2465 1475 Caeca
2498 1427 2581 1475 est
2611 1417 2954 1488 improbitas
2992 1416 3206 1480 omnis;
3258 1429 3357 1469 nec
3405 1429 3467 1470 ea

1890 1512 2031 1566 videt
2074 1512 2268 1581 quibus
2310 1509 2559 1580 redargui
2599 1510 2801 1579 possit,
2850 1522 2914 1561 ac
2946 1522 3004 1563 se
3048 1505 3190 1575 quod
3227 1504 3343 1559 fieri
3374 1520 3471 1558 ne-

1888 1604 2006 1673 quit
2032 1602 2283 1665 omnino,
2308 1601 2558 1656 veritatis
2590 1603 2732 1654 viam
2767 1598 3049 1653 occultare
3073 1594 3257 1667 spei-at
3287 1609 3467 1665 posse.

1892 1692 1983 1747 Sic
2014 1692 2138 1757 iste,
2176 1691 2565 1761 prmtermissis
2607 1689 2674 1744 iis
2695 1688 2951 1743 omnibus
2980 1703 3100 1757 quae
3132 1686 3241 1740 dixi
3278 1684 3475 1755 capiti—
3576 1680 3579 1687 ’

1891 1783 2016 1845 bus,
2068 1783 2301 1851 abrupte
2348 1781 2651 1844 transiliit,
2696 1787 2756 1834 ut
2788 1761 2920 1834 illud
2968 1778 3036 1832 de
3068 1779 3270 1849 templo
3318 1777 3474 1832 testi-

1890 1876 2132 1928 monium
2172 1876 2404 1938 vitaret,
2446 1887 2557 1943 quo
2591 1872 2866 1942 peculiare
2906 1869 3011 1924 sibi
3047 1869 3178 1923 illud
3202 1884 3358 1930 esse.
3409 1883 3472 1922 ac

1889 1966 2094 2020 nomini
2130 1980 2229 2021 suo
2268 1964 2630 2019 constitutum
2675 1963 2965 2032 signiﬁcat.
2996 1961 3076 2015 Ac
3115 1959 3372 2030 deinceps
3404 1959 3474 2013 ab
3528 2018 3548 2036 ο

1891 2056 2263 2113 lliericliuntis
2294 2056 2574 2110 mentione
2602 2062 2773 2109 totam
2828 2052 3044 2106 itineris
3077 2051 3273 2106 seriem
3309 2051 3472 2104 omit-

1889 2148 1956 2201 tit
1990 2156 2232 2217 ,-utque
2295 2146 2614 2202 Bethaniam
2671 2159 2735 2199 ac
2784 2142 3096 2223 Bethphage
3138 2142 3469 2211 pervenerit.

1891 2239 2060 2295 Vetus
2112 2240 2259 2295 enim
2318 2246 2436 2294 erat
2488 2238 2605 2298 via,
2659 2252 2782 2307 quae
2835 2251 2931 2305 per
2991 2234 3186 2289 Oliveti
3234 2242 3470 2289 montem

1892 2326 2266 2397 Hierosolyma
2293 2326 2558 2392 ducebat,
2601 2323 2760 2396 35.1
2794 2339 2958 2394 quam
2998 2323 3139 2377 haud
3188 2324 3471 2390 ignorant,

1890 2419 1984 2487 qui
2036 2433 2099 2472 ea
2143 2418 2264 2473 loca
2308 2424 2621 2489 peragrant.
2659 2415 2860 2472 Verum
2916 2424 2973 2470 ut
3022 2432 3138 2471 suo.
3168 2417 3342 2486 ipsius
3380 2432 3475 2471 ore

1890 2509 2245 2564 convincatur
2280 2528 2292 2564 :
2345 2508 2569 2563 Factum
2611 2516 2725 2572 est,
2770 2509 2980 2578 inquit,
3023 2508 3076 2561 in
3119 2525 3224 2561 una
3266 2509 3474 2562 dierum

1892 2600 2107 2656 docente
2136 2601 2228 2655 illo
2272 2602 2326 2655 in
2380 2599 2570 2669 templo
2599 2640 2612 2664 ,
2665 2609 2986 2671 qua’sierunt
3030 2600 3239 2668 injicere
3299 2600 3350 2653 in
3412 2600 3473 2653 it-

1895 2692 2004 2746 lum
2034 2709 2251 2757 manus,
2298 2702 2348 2747 et
2414 2693 2743 2757 timuerunt,
2788 2704 2847 2747 ut
2892 2691 3141 2762 sequenti
3184 2691 3361 2761 capite
3407 2692 3476 2747 54

1893 2786 2220 2842 declaratur.
2275 2785 2441 2855 Igitur
2492 2783 2951 2855 quemadmodum
3017 2783 3371 2839 Hierichunte
3422 2782 3475 2837 iu

1897 2878 2151 2947 templum
2183 2878 2393 2931 venerit
2415 2892 2479 2933 ex
2521 2876 2710 2934 eodem
2736 2877 2828 2931 illo
2858 2877 3052 2931 itinere
3087 2890 3151 2930 ac
3180 2876 3282 2930 viae
3305 2876 3469 2930 inter-

1893 2966 2037 3021 vallo
2064 2968 2434 3037 cognoscitur.
2459 2964 2564 3021 Sed
2599 2981 2663 3020 eo
2690 2982 2780 3021 res
2812 2966 3044 3019 adducta
3062 2971 3176 3028 est,
3197 2973 3254 3019 ιιι
3283 2965 3479 3035 impro-

1892 3053 1996 3109 bus
2020 3053 2106 3109 ille
2126 3060 2401 3108 veterator
2423 3069 2544 3123 qua:
2564 3054 2615 3107 in
2632 3054 2717 3107 via
2735 3064 2884 3125 gesta
2919 3061 3047 3108 sunt
3087 3061 3140 3108 et
3187 3053 3239 3108 in
3275 3054 3479 3123 templo

1897 3160 1927 3198 a
1947 3143 2228 3200 Salvatore
2247 3152 2376 3200 ante
2406 3145 2554 3199 hunc
2577 3160 2881 3199 sermonem
2911 3144 3197 3199 suntdicta
3226 3144 3480 3199 dissimu-

1898 3235 2042 3290 lasse
2074 3234 2339 3289 videatur.
2380 3233 2650 3288 Nimirum
2679 3249 2694 3286 :
2730 3233 2930 3287 Domus
2977 3250 3092 3286 mea
3122 3232 3309 3288 domus
3353 3251 3477 3287 ora-

1899 3327 2059 3380 tionis
2090 3324 2383 3390 vocabitur,
2416 3333 2542 3390 etc.,
2577 3333 2636 3378 ut
2666 3324 2719 3377 in
2756 3324 3037 3395 prophetia
3065 3324 3335 3396 leguntur.

1971 3416 2154 3472 Schol.
2187 3417 2277 3472 54.
2307 3415 2375 3470 Et
2403 3417 2722 3487 quasierunt
2757 3415 2971 3485 injicere
3010 3431 3194 3469 manus
3214 3416 3277 3469 ,in
3305 3416 3478 3482 illum,
3572 3486 3575 3491 γ

1897 3516 1947 3562 et
1987 3509 2275 3562 timuerunt
2293 3508 2335 3561 ³.

1969 3597 2154 3655 Reiut.
2197 3600 2285 3655 54.
2317 3599 2449 3667 Quae
2478 3600 2544 3655 ad
2578 3600 2725 3655 hunc
2752 3598 2930 3656 locum
2966 3608 3239 3670 spectant,
3270 3616 3332 3654 ea
3357 3614 3481 3669 pro-

1899 3690 2044 3744 xima
2077 3690 2409 3746 refutatione
2435 3705 2561 3746 cum
2598 3691 2717 3762 ipsa
2763 3690 3021 3761 loquendi
3054 3690 3284 3757 ratione,
3318 3706 3480 3760 quam

1900 3779 2015 3837 ﬁeri
2062 3781 2238 3851 potuit
2286 3780 2613 3838 brevissime
2660 3789 3077 3851 cxpensasunt
3110 3792 3163 3837 et
3190 3780 3480 3850 explicata.

1975 3870 2161 3927 Schol.
2198 3872 2448 3927 55.‘Item
2482 3873 2633 3926 illum
2670 3873 2883 3927 induxit
2910 3873 3252 3943 locum,rquo
3282 3871 3348 3926 de
3376 3873 3484 3925 vite

1903 3961 1995 4016 illa
2025 3963 2207 4033 agitur
2226 3963 2483 4034 agricolis
2504 3963 2702 4020 locata.
2728 3962 2903 4033 Atque
2930 3963 3030 4017 hoc
3061 3963 3282 4032 insuper
3308 3980 3320 4015 :
3343 3961 3483 4027 Quid

1901 4055 2179 4124 estigitur,
2216 4054 2447 4123 lapidem
2481 4070 2631 4123 quem
2652 4058 3059 4122 reprobaverunt
3083 4054 3409 4124 aedificantes
3424 4053 3484 4106 *ἲ

1972 4144 2153 4200 Refut.
2190 4147 2277 4201 55.
2310 4144 2456 4199 Nihil
2491 4145 2545 4199 id
2584 4145 2807 4216 quidem
2848 4160 3047 4200 nocere
3084 4146 3244 4200 nobis
3280 4153 3479 4215 potest.

1902 4234 2145 4292 Tametsi
2190 4237 2335 4291 enim
2383 4236 2563 4290 locum
2608 4237 2777 4292 istum
2807 4237 3090 4300 exemerit,
3135 4251 3246 4290 non
3282 4236 3392 4290 ullo
3426 4236 3479 4290 id

1902 4338 2094 4381 nostro
2120 4327 2320 4382 damno
2350 4327 2594 4393 sustulit,
2629 4326 2724 4383 sed
2756 4327 2858 4383 sibi
2900 4327 3004 4398 ipsi
3042 4327 3267 4398 suisque
3300 4326 3479 4384 fraudi

1902 4419 2086 4488 potius
2115 4418 2232 4473 fuit.
2266 4418 2656 4489 Compluribus
2694 4419 2837 4473 enim
2873 4419 3205 4505 testimoniis
3231 4419 3363 4476 satis
3393 4436 3485 4499 su:

1837 4536 1877 4590 ο
1904 4525 2107 4579 perque
2132 4509 2421 4567 refellitur.

1977 4601 2162 4655 Schol.
2333 4600 2538 4657 Delevit
2567 4603 2701 4657 illud
2734 4620 2748 4658 :
2778 4602 2921 4670 Quia
2945 4620 3060 4658 vero
3091 4603 3285 4658 mortui
3306 4619 3486 4658 resur-

1904 4701 2053 4761 gunt,
2094 4688 2305 4762 Moyses
2338 4693 2568 4746 ostendit
2608 4708 2755 4747 secus
2792 4691 3002 4756 rubum,
3049 4692 3184 4745 sicut
3215 4691 3342 4745 dicit
3371 4690 3485 4745 Do-

1905 4785 2109 4837 minum
2146 4783 2312 4837 Deum
2341 4783 2631 4851 Abraham,
2665 4783 2824 4839 Isaac
2853 4794 2901 4839 et
2922 4783 3114 4840 Iacob.
3146 4783 3284 4838 Deus
3313 4791 3487 4839 autem

1904 4885 1982 4929 est
2014 4878 2269 4939 vivorum,
2301 4891 2404 4929 non
2440 4885 2767 4929 mortuorum
2796 4877 2837 4929 ⁵.

1978 4986 2159 5042 Refut.
2222 4987 2309 5041 56.
2370 4988 2739 5043 Admirandus
2800 4990 2958 5058 plane
3009 4990 3187 5045 insani
3246 4962 3518 5045 hominis.

1903 5089 2111 5149 stupor.
2148 5081 2286 5147 Quid
2330 5081 2512 5134 enim?
2559 5096 2679 5136 non.
2715 5081 2847 5136 illud
2893 5082 3359 5147 animadvertisse,
3390 5096 3488 5151 par

1908 5173 2053 5227 istud
2091 5187 2213 5228 esse
2256 5172 2628 5227 testimonium
2678 5174 2850 5229 altero
2886 5174 2962 5227 illi
3002 5174 3069 5227 de
3103 5173 3353 5229 mendico
3394 5172 3490 5227 La-

1910 5276 2073 5325 zaro,
2130 5276 2343 5316 necnon
2413 5270 2469 5315 et
2525 5275 2715 5317 eorum
2769 5261 3036 5330 parabolae
3074 5261 3275 5330 quibus
3334 5261 3486 5329 regni

1912 5355 2091 5409 aditus
2124 5353 2543 5409 intercluditur?
2574 5353 2817 5420 Quarum
2854 5351 3071 5423 quidem
3104 5352 3488 5423 parabolarum

1910 5445 2171 5515 reliquias
2203 5445 2461 5525 servavit,
2490 5460 2592 5500 nec
2628 5455 2684 5500 ut
2720 5445 2822 5499 alia
2851 5445 3111 5515 pleraque
3140 5444 3378 5500 sustulit.
3413 5443 3492 5500 lta

314 5616 329 5646 ’
365 5617 496 5675 Luc.
536 5636 647 5685 xix,
678 5606 765 5674 29.
843 5620 863 5649 ¹
893 5617 1023 5675 ibid.
1057 5618 1147 5675 46.
1229 5620 1249 5650 ³
1282 5616 1413 5674 Luc.
1450 5636 1537 5685 xx,
1576 5620 1656 5677 ιθτ.
1736 5622 1759 5653 ’⁸
1792 5622 1923 5677 ibid.
1952 5623 2061 5713 17;,
2095 5624 2233 5694 psal.
2271 5624 2562 5691 cxvn,.2‘2.
2642 5626 2663 5656 ⁸
2696 5621 2828 5680 Luc.
2864 5639 2953 5691 xx,
2988 5624 3079 5694 37,
3121 5622 3208 5681 58.

307 5796 421 5869 {75)
456 5799 596 5869 Περὶ
630 5799 736 5871 τῆς
768 5801 982 5866 βάτου.
1021 5802 1174 5874 Αρυὰ
1212 5800 1412 5857 Lucam
1443 5802 1577 5874 lege.
1612 5802 1702 5855 ἐπὶ
1739 5802 1837 5873 τῆς
1877 5800 2060 5872 βάτου.
