3934 6420
236 413 356 470 765
917 420 1292 479 ADVERSUS
1323 420 1671 478 HERESES
1710 422 1819 479 LIB

1950 425 2116 482 ΤΟΜ.
2147 424 2309 480 lll.—
2328 422 2606 479 ΗᾸΞΒΕΞ.
2650 424 2810 482 XLII.

226 536 434 609 ἑτέραν
467 536 565 590 καὶ
597 537 809 608 ἐτέραν,
857 537 961 590 κᾶν
992 555 1052 591 τε
1079 540 1146 609 τῇ
1194 538 1323 610 ἀξίᾳ
1357 540 1452 593 καὶ
1498 539 1686 612 τρόπῳ
1714 540 1823 611 ἔχοι

1939 543 2083 596 notio
2118 557 2182 596 ac
2217 546 2465 611 potestas
2500 538 2702 611 aﬂingi,
2735 538 2955 594 tametsi
2990 538 3132 610 quod
3179 538 3247 593 ad
3281 539 3519 612 dignita-

225 629 338 700 τὴν
361 630 645 700 διαφοράν.
679 630 749 682 Ἦ
776 629 847 699 γά
856 647 885 701 ρ
906 628 1100 694 δώσεις
1121 630 1218 684 καὶ
1241 632 1367 696 τοὺς
1389 631 1594 686 δώδεκα
1610 633 1823 704 δοκήσει

1939 642 2037 689 lem
2068 648 2132 689 ac
2169 632 2394 687 modum
2426 632 2628 686 attinet
2658 632 2912 687 nonnihil
2943 632 3177 686 intersit.
3214 631 3322 687 Aut
3355 633 3522 704 igitur

3421 425 3523 484 766
3580 454 3584 469 ο

226 720 715 784 ἀναπεπτωκέναι,
755 721 789 793 ἦ
834 723 928 775 καὶ¹
956 722 1120 776 αὐτὸν
1155 724 1389 796 ἀληθείᾳ
1418 725 1596 796 σάρκα
1637 725 1827 796 ἔχοντα

226 811 511 883 ἀληθινῶς
529 813 1006 870 ἀναπεπτωκέναι.
1032 814 1141 869 Kal
1167 816 1451 885 ἐπιθυμίᾳ
1476 817 1827 886 ἐπεθύμησα

222 904 418 958 τοῦτο
457 904 524 959 τὸ
565 905 782 975 Πάσχα
831 905 1047 976 φαγεῖν
1076 909 1207 975 μεθ’
1239 907 1409 978 ὑμῶν
1454 908 1568 977 πρὸ
1616 909 1725 963 τοῦ
1750 928 1827 978 με

228 995 475 1058 παθεῖν,
517 997 603 1049 ἵνα
637 997 786 1070 δείξῃ
811 999 1008 1069 Πάσχα
1036 998 1148 1069 (79)
1183 1000 1290 1070 πρὸ
1316 998 1411 1052 τοῦ
1435 1000 1638 1064 πάθους
1660 1002 1824 1054 αὐτοῦ

229 1089 295 1139 ἐν
337 1087 413 1158 τῷ
435 1088 586 1159 νόμῳ
613 1090 891 1160 προτυπού
900 1107 1081 1161 μενον,
1112 1091 1206 1143 καὶ¹
1229 1091 1510 1161 γινόμενον
1531 1092 1591 1144 τὸ
1610 1091 1825 1162 βὲὗαιον

229 1178 404 1233 αὐτοῦ
426 1180 520 1232 τοῦ
543 1180 767 1244 πάθους,
798 1181 893 1233 καὶ
922 1181 1299 1252 ἐντελέστερον
1328 1182 1821 1253 προσκαλούμενον

230 1272 333 1325 καὶ
373 1271 760 1337 ὑποδεικνύων,
813 1272 889 1337 ὡς
928 1274 1022 1327 καὶ¹
1065 1274 1094 1326 6
1136 1274 1290 1343 ἆγιος
1318 1275 1614 1339 ἁπόστολός
1654 1293 1822 1349 φησί’

232 1365 596 1434 Παιδαγωγδς
630 1368 760 1436 ἡμῖν
791 1366 1057 1435 γέγονενί
1091 1369 1120 1420 6
1167 1366 1332 1437 νόμος
1362 1369 1441 1430 εἰς
1467 1369 1726 1439 Χριστόν.
1761 1369 1824 1421 Ei.

230 1456 292 1509 δὲ
334 1456 678 1527 παιδαγωγὸς
721 1460 750 1511 6
789 1457 952 1530 νόμος
993 1460 1073 1523 είς
1108 1459 1369 1530 Χριστὸν,
1411 1460 1512 1512 οὐκ
1549 1459 1827 1531 ἀλλότριος

231 1544 476 1621 Χριστοῦ
505 1546 534 1600 6
566 1546 747 1622 νόμος.

312 1803 471 1872 Σχόλ.
502 1802 602 1872 ξγ’.
630 1804 916 1876 Παρέκοψε
933 1806 994 1859 τό
1013 1824 1026 1837 ·
1064 1808 1225 1877 Λέγω
1261 1804 1425 1874 ὑμῖν
1454 1811 1539 1863 οὐ
1548 1810 1635 1879 μὴ
1657 1809 1825 1879 φάγω

1930 725 2206 780 fatendum
2237 723 2336 778 tibi
2364 732 2469 789 est,
2498 723 2788 779 duodecim
2815 738 3033 794 quoque
3058 723 3363 793 discipulos
3390 741 3512 795 spe-

1927 817 2012 872 cie
2046 825 2206 871 tenus
2235 815 2583 878 accubuisse,
2634 822 2730 868 aut
2779 814 2959 884 ipsum
3002 815 3094 882 qui
3128 831 3254 870 vere
3293 831 3516 871 carnem

1928 909 2201 970 induerat,
2233 922 2361 962 vere
2391 907 2627 976 idipsum
2662 907 2860 977 egisse.
2891 906 2995 973 Qui
3029 907 3111 963 sic
3146 908 3269 962 ideo
3299 909 3517 963 locutus

1926 1006 2055 1053 est:
2090 995 2368 1050 Desideria
2422 995 2721 1050 desideravi
2776 996 2873 1049 hoc
2930 995 3140 1049 Pascha
3194 996 3518 1049 manducare

1927 1089 2192 1142 vobiscum
2234 1097 2513 1156 antequam
2545 1088 2745 1154 patiar,
2799 1095 2858 1141 ιιι
2901 1094 2955 1141 et
2986 1086 3198 1141 Pascha
3227 1086 3357 1141 illud
3390 1095 3520 1142 ante

1927 1181 2236 1251 passionem
2301 1194 2456 1233 suam
2537 1181 2763 1249 ligurate
2835 1181 2889 1234 in
2969 1181 3086 1250 lege
3151 1181 3514 1235 constitutum

1927 1271 2274 1337 ostenderet;
2296 1278 2349 1325 et
2375 1271 2604 1324 alterum
2636 1271 2974 1327 successisse
2996 1280 3345 1336 monstraret,
3370 1271 3514 1343 quod

1926 1371 1981 1416 et
2029 1363 2099 1417 ad
2145 1361 2497 1417 astruendam
2548 1360 2868 1416 Passionem
2920 1378 3075 1418 suam
3129 1370 3422 1432 spectaret,
3463 1370 3518 1417 et

1926 1452 2224 1523 perfectius
2253 1454 2645 1524 appellaretur.
2675 1452 2849 1506 Simul
2884 1453 3017 1507 illud
3054 1453 3338 1509 iudicans:
3369 1454 3516 1524 quod

1927 1544 2210 1614 apostolus
2239 1541 2444 1599 Paulus
2484 1543 2693 1605 docuit,
2727 1544 2901 1614 legem
2933 1542 3210 1614 paedagogi
3247 1543 3407 1599 nobis
3431 1544 3517 1597 in-

1926 1644 2040 1690 star
2076 1635 2130 1689 in
2157 1634 2381 1690 Christo
2412 1634 2585 1691 fuisse
2612 1636 2654 1688 ³.
2687 1634 2846 1703 Quod
2886 1636 2932 1693 si
2968 1636 3297 1708 paulagogus
3331 1643 3519 1691 noster

1928 1726 2012 1779 lev
2048 1728 2103 1779 in
2134 1726 2359 1781 Christo
2401 1725 2524 1790 fuit,
2562 1740 2591 1778 a
2626 1726 2850 1782 Christo
2886 1727 3111 1782 minime
3141 1728 3245 1780 erit
3282 1727 3482 1781 aliena.

1999 1816 2183 1870 Schol.
2229 1817 2317 1871 65.
2354 1816 2626 1872 Prmterea
2674 1817 2791 1872 hmo
2826 1817 2896 1871 ab
2938 1817 3032 1872 illo
3083 1818 3329 1872 detracta
3367 1826 3515 1873 sunt.

229 1894 383 1948 αὐτὸ
399 1893 637 1964 ἀπάρτι,
655 1895 765 1962 ἕως
794 1893 871 1951 ἂν
894 1899 1178 1970 πληρωθῇ
1205 1901 1275 1955 ἐν
1298 1900 1376 1971 τῇ
1397 1902 1690 1971 βασιλείᾳ
1716 1901 1822 1957 τοῦ

1939 1908 2058 1961 Dico
2083 1910 2220 1961 enim
2251 1908 2391 1962 vobis
2416 1907 2579 1962 :Non
2607 1908 2759 1963 edam
2786 1908 2923 1963 illud
2954 1909 3205 1976 amplius,
3236 1910 3399 1964 donec
3420 1911 3520 1963 im—

233 1987 407 2041 Θεοῦ.
1707 2028 1712 2047 ι

312 2078 535 2149 Ἐλεγχ.
571 2078 668 2148 Er.
707 2080 878 2135 Τοῦτο
905 2084 1167 2156 περιεῖλε,
1196 2085 1289 2138 καὶ
1336 2086 1820 2160 ἐρῤᾳδιούργησεν,

232 2171 326 2224 tua
351 2170 514 2240 δῆθεν
549 2171 623 2244 μὴ
655 2166 852 2245 ποιήσῃ
888 2177 945 2228 ἐν
973 2178 1038 2247 τῇ
1074 2175 1319 2249 βασιλείᾳ
1349 2178 1440 2231 τοῦ
1469 2179 1604 2232 Θεοῦ
1636 2177 1821 2250 βρωτὰ

233 2263 266 2332 ἢ
311 2263 479 2315 ποτά·
506 2264 605 2317 οὐκ
641 2263 797 2329 εἰδὼς
835 2268 863 2318 6
897 2266 1195 2338 κτηνώδης,
1232 2269 1314 2322 ὅτι
1344 2270 1693 2342 άντιμίμημα
1715 2267 1823 2321 τῶν

232 2355 497 2423 ἐπιγείων
524 2354 749 2409 δύναται
795 2352 936 2410 εἶναι
982 2358 1330 2429 πνευματικὰ
1374 2360 1465 2413 καὶ
1503 2359 1821 2429 ἐπουράνια,

235 2445 762 2518 μεταλαμϐανόμενα
808 2448 883 2513 ὡς
914 2451 1078 2521 ἡμεῖς
1104 2452 1205 2504 οὐκ
1238 2449 1481 2521 οἴδαμεν.
1538 2452 1826 2521 Μαρτυρεῖ

243 2537 344 2607 γὰρ
371 2537 531 2591 πάλιν
569 2540 597 2591 6
631 2538 840 2610 Σωτὴρ,
890 2542 985 2595 καὶ
1030 2541 1197 2611 λέγει,
1239 2544 1322 2597 ὃτι
1354 2544 1688 2598 Καθίσεσθε
1725 2542 1822 2595 ἐπὶ

230 2623 349 2692 τῆς
376 2626 664 2694 τραπέῠις
695 2645 835 2697 μου,
872 2630 1181 2697 ἐσθίοντες
1212 2633 1309 2685 καί
1346 2634 1625 2698 πίνοντες
1654 2632 1724 2685 ἐν
1750 2628 1827 2699 τῇ

231 2717 525 2784 ,ϐασιλείᾳ
547 2718 666 2771 τῶν
699 2719 989 2787 οίιρανῶν.
1025 2723 1096 2775 ’Ἡ
1133 2723 1409 2794 παρέκοψε
1438 2722 1598 2777 πάλιν
1631 2721 1824 2789 ταῦτα,

236 2810 328 2867 ἵνα
358 2809 518 2880 δῆθεν
550 2813 751 2884 ποιήσῃ
773 2812 842 2866 τὰ
880 2816 937 2866 ἐν
969 2814 1046 2885 τῷ
1071 2816 1220 2887 νόμῳ
1253 2818 1326 2888 μὴ
1354 2818 1546 2899 ἔχοντα
1572 2817 1736 2870 τόπον
1767 2819 1825 2870 ἐν

229 2903 304 2970 τῇ
335 2899 582 2972 βασιλείᾳ
608 2901 716 2954 τῶν
738 2903 1001 2974 οὐρανῶν.
1024 2904 1194 2959 Πόθεν
1223 2903 1316 2959 οὖν
1345 2907 1532 2970 Ἠλίας
1556 2908 1650 2959 καὶ
1670 2907 1828 2959 Μωῦ-

235 2993 339 3060 σῆς
365 2990 628 3063 ὤφθησαν
662 2996 780 3063 μετ’
819 2993 986 3047 αὐτοῦ
1022 2997 1080 3048 ἐν
1111 2997 1189 3066 τῷ
1221 2997 1337 3068 ὄρει
1369 3000 1427 3051 ἐν
1471 2996 1594 3068 δόξῃ
1623 3013 1636 3060 ;
1688 2995 1826 3049 Ἀλλ’

232 3085 393 3138 οὐδὲν
431 3085 721 3158 δυνήσεταί
748 3104 834 3152 τις
859 3087 997 3161 πρὸς
1023 3089 1122 3159 τὴν
1156 3090 1434 3163 ἀλήθειαν.

1919 2001 2130 2070 pleatur
2160 2001 2212 2053 in
2241 2016 2401 2069 regno
2432 1999 2526 2054 Dei
2546 2008 2588 2055 ⁵.

2193 2089 2377 2144 Refut.
2421 2092 2511 2146 65.
2566 2090 2703 2161 Mala
2755 2091 2859 2147 ista
2915 2090 3020 2146 ﬁde
3076 2091 3376 2153 subtraxit,
3444 2105 3513 2143 ne

1923 2183 2131 2236 scilicet
2176 2182 2346 2234 ullum
2395 2180 2450 2233 in
2500 2194 2669 2250 regno
2731 2180 2824 2234 Dei
2871 2188 3058 2250 potum
3107 2195 3171 2236 ae
3203 2181 3385 2234 cibum
3433 2178 3518 2232 his

1925 2272 2105 2326 verbis
2135 2278 2413 2341 pateretur
2444 2271 2701 2340 exprimi.
2744 2268 2854 2324 Nec
2898 2270 3031 2324 illud
3068 2271 3232 2324 homo
3262 2269 3518 2339 stupidus

1925 2361 2182 2432 agnovit,
2212 2368 2557 2414 terrenarum
2589 2359 2768 2415 simile
2797 2358 3060 2430 quiddam
3090 2359 3142 2413 in
3173 2359 3512 2428 spiritalibus

1926 2468 1990 2507 ac
2042 2451 2364 2506 cmlestibus
2425 2451 2640 2514 inesse,
2705 2466 2939 2520 quorum
3003 2450 3511 2521 participandorum

1927 2542 2143 2597 occulta
2189 2541 2349 2595 nobis
2378 2548 2462 2594 est
2492 2540 2655 2593 ratio.
2705 2539 2784 2592 Ita
2825 2541 2970 2594 enim
3000 2548 3054 2594 et
3107 2538 3360 2593 Salvator
3401 2538 3519 2608 ipse

1930 2641 2164 2685 testatus
2211 2637 2329 2692 est,
2383 2644 2448 2683 ac
2499 2629 2640 2682 dixit
2686 2647 2701 2683 :
2753 2627 3014 2683 Sedebitis
3064 2630 3118 2681 in
3166 2644 3350 2682 mensa
3401 2644 3517 2681 mea

1927 2724 2137 2778 edentes
2185 2731 2234 2777 et
2274 2721 2509 2775 bibentes
2554 2723 2611 2776 in
2658 2739 2817 2793 regno
2855 2723 3127 2776 caelorum.
3173 2720 3278 2775 Sed
3311 2730 3365 2775 et
3388 2736 3517 2791 pro-

1929 2827 2113 2884 pterea
2170 2814 2276 2867 ista
2327 2812 2573 2875 sustulit,
2627 2814 2836 2866 nullum
2887 2819 2946 2865 ut
2995 2811 3064 2867 iis
3098 2827 3221 2881 qua:
3252 2811 3316 2865 ad
3347 2812 3518 2880 legem

1930 2905 2206 2975 pertinent
2237 2905 2292 2956 in
2323 2917 2492 2972 regno
2537 2904 2803 2957 cmlorum
2855 2902 3035 2956 locum
3085 2902 3373 2955 tribueret.
3400 2898 3520 2954 Un-

1931 2994 2129 3048 denam
2173 2992 2337 3061 igitur
2372 2989 2520 3046 Elias
2563 3005 2628 3045 ac
2674 2991 2890 3061 Moyses
2920 2991 2975 3044 in
3019 3000 3206 3045 monte
3236 3006 3359 3044 cum
3400 2991 3520 3059 ipso

1931 3090 2304 3154 apparuerunt
2349 3084 2406 3136 in
2458 3081 2629 3151 gloria
2646 3070 2685 3135 ’ἴ
2709 3080 2812 3136 Sed
2855 3097 3018 3137 nemo
3064 3091 3148 3138 est
3190 3081 3282 3152 qui
3320 3093 3514 3136 contra

1930 3174 2218 3229 veritatem
2249 3172 2448 3226 virium
2484 3172 2783 3241 quidquam
2816 3173 3035 3227 habeat.

307 3266 463 3337 Σχόλ.
495 3267 589 3333 ξδ’.
619 3266 905 3339 Παρέκοψε
925 3267 1014 3321 τό·
1043 3268 1183 3322 "Ore
1205 3268 1527 3323 ἐπέστειλα
1546 3268 1723 3338 ὑμᾶς,
1743 3267 1823 3336 μή

2006 3260 2190 3317 Schol.
2225 3261 2313 3316 64.
2356 3262 2489 3316 ltein
2521 3262 2651 3316 illud
2681 3262 2896 3316 induxit
2930 3279 2943 3315 :
2997 3261 3225 3327 Quando
3256 3262 3379 3316 misi
3406 3279 3516 3326 vos,

231 3375 399 3423 τινος
414 3358 813 3426 ὑστερήσατε,
837 3372 935 3412 και
970 3358 1044 3411 τὰ
1074 3357 1251 3427 ἑξῆς·
1282 3359 1370 3413 διὰ
1395 3359 1483 3412 τό·
1508 3358 1620 3413 Kal
1652 3359 1829 3413 τοῦτο

232 3449 304 3504 τὸ
348 3446 755 3519 γεγραμμένον
794 3448 889 3502 δεῖ
931 3448 1320 3517 τελεσθῆναι,
1367 3449 1458 3503 τό·
1516 3449 1626 3505 Kal.
1680 3451 1830 3519 μετὰ

233 3543 479 3610 ἀνόμων
514 3541 950 3610 συνελογίσθη.
1272 3592 1277 3595 .

311 3635 530 3704 Ἐλεγχ.
566 3632 656 3697 ξδ’.
680 3631 799 3686 Κᾶν
831 3630 1158 3702 παρακόψῃς
1197 3630 1265 3684 τὰ
1317 3633 1555 3703 ῥήματα,
1601 3631 1707 3685 ἀπὸ
1734 3632 1828 3685 τοῦ

234 3725 401 3798 ἔργου
436 3724 717 3793 φαίνονται
747 3722 927 3776 αὐτῶν
954 3724 1003 3775 ot
1040 3723 1218 3787 τόποι,
1250 3722 1585 3794 προάγοντος
1613 3721 1706 3775 τοῦ
1740 3724 1829 3781 v6-

239 3834 363 3886 μου,
400 3814 496 3868 καὶ
538 3811 1029 3885 προκηρυττόντων
1077 3810 1184 3865 τῶν
1234 3807 1551 3880 προφητῶν,
1587 3808 1682 3862 καὶ
1718 3811 1827 3863 Κυ-

239 3908 357 3978 ρίου
384 3903 741 3976 πληροῦντας.

312 3994 462 4065 Σχόλ.
493 3994 589 4060 ξει.
632 3992 1023 4061 Ἀπεσπάσθη
1072 3993 1175 4047 ἀπ’
1197 3989 1398 4046 αὐτῶν
1451 3990 1592 4047 ὡσεὶ
1652 3991 1827 4045 λίθου

230 4086 468 4154 βολήν·
502 4085 600 4143 καὶ
633 4086 757 4153 θείς
788 4086 863 4140 τὰ
886 4087 1109 4155 γόνατα
1142 4085 1540 4153 προσηύχετο.

312 4177 534 4247 Ἐλεγχ.
572 4176 665 4241 ξε’.
697 4176 822 4240 Θεις
870 4177 939 4230 τά
985 4177 1208 4245 γόνατα,
1243 4175 1455 4246 ὁρατῶς
1491 4175 1676 4245 ἔθηκε,
1735 4174 1828 4228 καὶ

238 4269 514 4340 αίσθητῶς
557 4269 895 4323 ἐπετέλεσεν.
922 4270 987 4322 Ei
1017 4269 1075 4322 δὲ
1114 4267 1388 4337 αἰσθητῶς
1422 4268 1567 4327 κατὰ
1589 4267 1649 4320 τὸ
1689 4264 1827 4330 εἶδος

235 4359 301 4411 τὸ
324 4358 481 4430 ἔργον
502 4359 726 4428 ἐποίησε
752 4359 853 4428 τῆς
877 4357 1245 4427 γονυκλισίας,
1270 4359 1371 4410 οὐκ
1399 4358 1508 4427 ἄρα
1540 4357 1670 4411 ἄνευ
1694 4374 1827 4427 σαρ-

237 4450 336 4513 κὸς
363 4450 695 4522 ἐνεδήμησεν
718 4452 746 4503 6
775 4451 1106 4522 Μονογενής.
1134 4449 1293 4521 Αὐτῷ
1317 4448 1425 4521 γὰρ
1455 4448 1677 4518 κάμψει
1704 4447 1827 4502 πᾶν

241 4541 390 4611 γόνυ
440 4543 834 4611 ἐπουρανίων,
877 4542 977 4596 καὶ
1030 4542 1326 4611 ἐπιγείων,
1377 4541 1476 4595 καί
1532 4544 1820 4609 καταχθο-

238 4631 417 4705 νίων..
435 4632 861 4700 Ἐπουρανιων,
888 4633 1274 4702 πνευματικῶν
1298 4651 1309 4661 ·
1331 4632 1624 4702 ἐπιγείων,
1645 4630 1831 4702 αἰσθη-

238 4721 380 4774 τῶψ
418 4723 852 4792 καταχθονίων,
879 4721 958 4792 τῷ
996 4722 1110 4794 ἰδίῳ
1134 4723 1284 4779 εἴδει.
1308 4715 1436 4776 Ὧδε
1470 4722 1527 4775 δέ
1556 4722 1623 4776 τὰ
1653 4721 1831 4775 πάντα

238 4818 303 4870 ἐν
332 4814 557 4887 ἀληθείᾳ
603 4814 850 4868 ἐπετέλει
899 4814 1196 4886 ὁρώμενος,
1242 4817 1337 4870 καὶ
1377 4815 1481 4868 ὑπὸ
1524 4815 1668 4886 ἁφὴν
1718 4818 1829 4878 τοῖς

244 4906 516 4978 μαθηταῖς
539 4906 949 4978 εὑρισκόμενος,
979 4907 1074 4960 καὶ
1105 4906 1179 4978 μὴ
1210 4905 1484 4976 φαντάξου
1518 4909 1560 4959 ¹.

1934 3352 2171 3423 nunquid
2212 3354 2384 3422 defuit
2428 3353 2569 3408 vobis
2594 3354 2639 3419 ⁸,
2673 3361 2780 3409 etc.
2813 3352 2895 3409 0b
2925 3369 2985 3409 ea
3014 3369 3135 3425 quae
3168 3362 3513 3425 sequuntur:

1935 3445 2002 3498 Et
2049 3440 2146 3500 hoc
2184 3445 2322 3517 quod
2368 3447 2626 3515 scriptam
2660 3456 2759 3503 est.
2787 3455 2991 3516 oportet
3016 3446 3219 3515 impleri
3258 3456 3352 3501 :et
3400 3463 3520 3500 cum

1932 3537 2130 3606 iniquis
2165 3537 2449 3606 deputatus
2472 3546 2550 3591 est
2577 3538 2618 3591 ⁸.

2004 3629 2189 3684 Beiut.
2221 3629 2311 3683 64.
2347 3630 2715 3695 Quantumvis
2745 3632 2911 3687 verba
2948 3629 3251 3693 subducas,
3289 3645 3375 3684 res
3401 3630 3520 3699 ipsa

1931 3728 2117 3775 tamen
2167 3721 2420 3790 proprios
2466 3721 2710 3790 ipsorum
2766 3723 2918 3779 locos
2958 3722 3182 3793 aperiet.
3236 3722 3516 3791 Siquidem

1932 3819 2254 3881 antegressa
2282 3813 2366 3866 lex
2397 3820 2501 3875 est,
2527 3828 2590 3868 ac
2622 3814 2903 3885 prophetae
2932 3816 3293 3881 nuntiarunt;
3314 3821 3379 3884 _at
3402 3813 3519 3883 ipse

1932 3904 2151 3957 tandem
2184 3902 2449 3957 Dominus
2485 3903 2751 3974 implevit.

2003 3986 2184 4046 Schol.
2224 3993 2315 4047 65.
2356 3992 2585 4047 Avulsus
2624 3995 2808 4063 estab
2838 3996 2983 4060 .illis,
3034 4005 3290 4066 quantum
3334 3995 3517 4064 jactus

1927 4089 2005 4141 est
2032 4080 2227 4149 lapidis
2258 4098 2275 4135 :
2305 4100 2352 4136 ei
2383 4083 2570 4152 positis
2600 4084 2821 4153 genibus
2861 4085 3051 4139 ambat
3076 4087 3115 4137 ".

1999 4167 2189 4223 Refut.
2219 4169 2314 4225 65.
2356 4170 2580 4231 Positis,
2611 4173 2809 4241 inquit,
2846 4174 3084 4244 genibus.
3119 4172 3195 4227 Ita
3219 4173 3422 4243 posuit,
3458 4182 3519 4227 ut

1929 4257 1982 4313 id
2012 4259 2183 4315 videri
2208 4269 2413 4330 posset,
2452 4260 2615 4333 idque
2664 4264 2845 4333 ipsum
2891 4264 3137 4318 sensibili
3184 4264 3346 4318 modo
3380 4279 3518 4333 pra:-

1928 4350 2087 4407 stitit.
2134 4350 2291 4417 Quod
2332 4353 2377 4407 si
2427 4369 2604 4424 genua
2651 4356 2723 4409 ita
2781 4355 2950 4420 ﬂexit,
2989 4364 3047 4410 ut
3075 4356 3266 4411 sentiri
3306 4366 3515 4427 posset,

1930 4443 2179 4514 adeoque
2214 4452 2271 4498 ut
2304 4446 2538 4502 actionis
2567 4447 2731 4517 huius
2761 4458 2958 4502 natura
3006 4449 3342 4518 postulabat,
3387 4464 3517 4519 pro-

1930 4532 2075 4589 fecto
2107 4540 2215 4589 non
2243 4535 2362 4591 sine
2385 4551 2551 4591 carne
2581 4534 2835 4591 Salvator
2870 4537 2925 4591 in
2954 4537 3057 4593 hoc
3085 4550 3353 4592 terrarum
3381 4538 3515 4595 orbe

1934 4634 2188 4682 versatus
2236 4636 2343 4684 est.
2400 4627 2539 4683 Huic
2586 4630 2729 4684 enim
2782 4646 2933 4684 omne
2965 4647 3097 4700 genu
3122 4630 3383 4700 ﬂectetur,
3415 4646 3517 4685 cat-

1937 4719 2176 4784 lestium,
2228 4722 2557 4775 terrestrium
2621 4730 2670 4775 et
2727 4722 3055 4791 infernarum
3088 4721 3150 4776 ⁸;
3208 4721 3515 4777 Caelestium

1937 4828 2126 4883 porro,
2175 4815 2280 4868 hoe
2330 4822 2416 4869 est
2465 4814 2838 4884 spiritalium;
2893 4816 3240 4879 terrestrium,
3298 4816 3402 4870 hoc
3431 4821 3517 4870 est

1933 4923 2122 4962 eorum
2147 4923 2269 4977 qua:
2302 4909 2405 4963 sub
2446 4924 2644 4964 sensus
2690 4910 2933 4975 cadunt;
2985 4910 3313 4979 infernarum
3363 4911 3517 4963 deni-

240 5015 370 5069 que,
403 5015 470 5055 eo
494 4999 655 5054 modo
694 4999 786 5069 qui
836 5000 1054 5054 illorum
1084 5009 1168 5055 est
1196 4999 1473 5068 proprius.
1506 4998 1607 5053 Hic
1645 5008 1825 5053 autem
1868 5016 1932 5057 ex
1968 5003 2042 5054 rei
2104 5002 2336 5055 veritate
2376 4999 2613 5055 faciebat
2680 5002 2885 5064 omnia,
2935 5018 3057 5056 cum
3103 5011 3153 5058 et
3198 5013 3516 5058 cerneretur

241 5089 442 5148 oculis,
475 5097 530 5141 et
556 5102 584 5140 a
615 5088 902 5157 discipulis
934 5096 1392 5153 contrectaretor,
1425 5104 1602 5158 neque
1625 5091 1828 5159 spectri
1864 5090 2038 5144 instar
2077 5092 2346 5145 illuderet.
3328 5114 3329 5117 η
3432 5104 3437 5109 ·

311 5178 468 5250 Σχόλ.
503 5177 609 5244 ξς’.
630 5178 741 5233 Καὶ
778 5177 992 5248 ήγγισε
1021 5177 1430 5248 καταφιλῆσαι
1464 5179 1653 5233 αὑτὸν
1687 5180 1832 5233 Ἰού-

238 5272 376 5336 δας.
408 5270 510 5323 καὶ
537 5266 726 5325 εἶπεν.

323 5391 341 5420 ¹
380 5408 470 5459 πο.
491 5390 720 5457 γένοιτο.
795 5394 817 5424 ⁸
843 5390 969 5444 For.
1006 5391 1291 5459 φαντάζων

1411 5387 1433 5422 ³
1467 5390 1641 5445 Galat.
1689 5406 1783 5453 Ill,
1816 5391 1906 5444 24.

2015 5181 2199 5232 Schol.
2251 5181 2338 5233 ()6.
2400 5180 2466 5234 Et
2512 5181 2733 5235 accessit
2783 5192 2838 5233 ut
2881 5184 3212 5237 oscularetur
3271 5200 3411 5248 cum,
3461 5194 3514 5237 et

1932 5272 2066 5324 dixit
2094 5274 2133 5324 ⁵.

2013 5390 2036 5422 ⁴
2072 5390 2202 5447 Luc.
2251 5408 2360 5446 xxii
2387 5434 2402 5457 ,
2453 5390 2539 5446 16.

2641 5392 2662 5424 ⁸
2690 5391 2822 5448 ibid.
3050 5389 3071 5420 ⁸
3098 5393 3224 5447 ibid.
3260 5394 3364 5459 57;
3409 5394 3510 5452 Isti.

244 5475 370 5526 Lm,
397 5461 478 5515 19..
556 5462 576 5493 "
606 5460 742 5517 Luc.
780 5477 915 5524 xxu,
957 5461 1046 5514 41.
1121 5462 1142 5491 ³
1169 5462 1402 5530 Philipp.
1446 5477 1505 5524 ιι,
1550 5462 1634 5516 10.
1713 5464 1733 5492 ⁸
1765 5459 1823 5514 LI

1939 5477 2067 5526 mi,
2096 5464 2166 5516 48

319 5575 601 5645 (ἸθλἽνα
622 5575 790 5645 δείξῃ
812 5576 1049 5645 Πάσχα.
1107 5577 1493 5631 Suhohseurus
1545 5575 1634 5629 hic
1674 5575 1830 5630 locus

246 5642 354 5701 est.
418 5642 555 5707 Sed,
616 5656 676 5699 ut
727 5642 859 5699 mihi
915 5642 1151 5707 videtur,
1210 5645 1421 5701 Pascha
1477 5645 1604 5699 illud
1659 5645 1834 5714 legiti-

249 5730 399 5770 mum
432 5715 873 5786 προ-τυπούμενον
902 5716 1068 5771 fuisse
1098 5716 1253 5779 dicit,
1286 5715 1388 5769 hoc
1412 5723 1497 5770 est
1528 5718 1607 5779 είς
1635 5714 1828 5786 τόπον,

249 5800 315 5853 ac
353 5785 578 5853 ﬁguram
610 5783 835 5841 alterius
866 5787 1203 5851 adhibitum;
1234 5786 1321 5839 cui
1350 5787 1619 5840 successit
1648 5784 1708 5838 τὸ
1736 5783 1826 5853 βέ-

248 5852 407 5909 ὅλων
431 5853 596 5909 αὐτοῦ
624 5856 848 5926 πάθους,
879 5859 981 5913 hoc
1007 5864 1091 5913 est
1113 5870 1353 5928 perenne
1383 5870 1447 5913 ac
1471 5852 1817 5927 perpetuum,

1943 5575 2087 5642 quod
2120 5575 2394 5646 passionis
2427 5591 2541 5631 sua:
2572 5576 2823 5646 ﬁguram,
2857 5586 2915 5646 et
2952 5584 3355 5632 sacramentum
3392 5594 3518 5631 con-

1938 5651 2106 5717 tinet;
2142 5644 2257 5701 sive
2300 5647 2479 5717 malis,
2524 5644 2668 5716 quod
2712 5645 2959 5702 eamdem
3002 5649 3175 5717 ipsam
3207 5647 3516 5717 passionem

1939 5714 2253 5780 allirmaret,
2286 5716 2514 5840 eiusque
2542 5714 2808 5783 fructum,
2851 5714 3039 5781 usum,
3083 5731 3145 5770 ac
3180 5714 3517 5771 recordatio-

1939 5800 2061 5839 nem
2100 5792 2274 5840 ratam
2328 5788 2536 5840 'acerct.
2572 5795 2627 5840 et
2658 5787 2727 5840 ad
2763 5787 3153 5840 sempiternam
3194 5786 3513 5840 memoriam

1937 5800 2061 5839 nem
2100 5792 2274 5840 ratam
2314 5786 2536 5855 faceret,
2572 5795 2627 5843 et
2658 5787 2727 5844 ad
2763 5787 3153 5858 sempiternam
3194 5786 3513 5843 memoriam

1928 5864 2271 5928 prepagarct.
