3934 6484
507 469 604 523 767

502 676 677 733 Iudas
706 676 961 739 accessit,
1006 690 1131 729 cum
1180 675 1269 729 ille
1314 689 1519 746 corpus
1563 674 1868 738 induisset;
1916 673 2080 728 nimi-

506 782 627 821 rum
660 781 788 820 vera
825 774 883 820 ut
915 769 1260 821 oscularetur
1296 765 1461 831 labia,
1508 781 1617 820 non
1652 781 1774 835 qua:
1802 764 2079 833 ejusmodi

503 858 769 912 duntaxat
796 865 1144 927 apparerent,
1182 870 1245 910 ac
1280 856 1627 912 ludiﬁcarent
1649 856 1865 912 oculos.

578 948 765 1005 Schol.
802 948 889 1003 67.
919 947 1135 1003 Recidit
1170 948 1222 1003 id
1256 949 1400 1019 quod
1432 964 1462 1002 a
1494 947 1660 1005 Petro
1689 955 1904 1020 gestum
1936 949 2076 1005 dici-

502 1045 609 1100 tur,
643 1052 763 1091 cum
792 1040 1069 1105 percussit,
1104 1046 1154 1092 et
1181 1040 1471 1109 amputavit
1493 1039 1791 1092 auriculam
1817 1039 1858 1092 ί.

573 1130 738 1202 346
776 1128 958 1186 Refut.
990 1130 1081 1185 67.
1122 1129 1385 1196 Quamvis
1429 1140 1486 1185 ut
1526 1131 1722 1185 honori
1766 1129 1911 1185 Petri
1943 1145 2077 1185 con-

501 1223 731 1289 suleret,
769 1222 1147 1293 suppressisse
1177 1223 1281 1278 ista
1308 1224 1579 1287 videatur,
1613 1223 1716 1278 hoc
1742 1223 1862 1293 ipso
1893 1232 2075 1279 tamen

499 1311 644 1381 quod
694 1327 886 1366 revera
947 1326 1160 1382 gestum
1212 1320 1317 1377 est,
1357 1322 1412 1369 et
1444 1314 1512 1367 ad
1554 1314 1857 1370 Salvatoris
1907 1315 2075 1370 decus

502 1403 844 1473 gloriamque
872 1405 1131 1473 pertinet,
1165 1406 1447 1459 occultare
1478 1414 1709 1461 conatus
1738 1415 1841 1461 est.
1878 1405 2071 1461 Verum

501 1492 636 1545 nihil
677 1492 903 1546 omnino
959 1492 1209 1562 perfecit.
1263 1492 1398 1547 Nam
1449 1495 1553 1550 etsi
1605 1496 1695 1550 ille
1741 1497 2071 1550 mentionem

502 1582 667 1651 hujus
710 1581 787 1635 rei
823 1583 1132 1647 sustulerit,
1165 1581 1257 1638 Dei
1288 1593 1469 1639 tamen
1497 1585 1762 1639 miracula
1788 1588 2075 1655 cognosci-

500 1688 643 1727 nms.
700 1673 960 1729 Abscissa
1013 1674 1177 1743 igitur
1220 1674 1489 1740 auricula,
1530 1690 1650 1729 eam
1693 1677 1926 1730 subinde
1965 1676 2071 1730 Do-

502 1765 685 1819 minus
729 1766 1004 1835 accipiens
1039 1765 1091 1819 in
1125 1766 1395 1836 integrum
1430 1767 1685 1829 restituit.
1723 1776 1780 1821 ut
1816 1767 1984 1823 Deum
2013 1785 2071 1824 se

501 1871 623 1911 csse
644 1871 707 1910 ac
738 1856 982 1911 divinum
1013 1871 1151 1925 opus
1181 1857 1419 1912 edidisse
1450 1869 1799 1914 monstraret.

1896 463 1951 519 S.
1998 462 2067 517 ΕΙ

2179 450 2336 517 lANII
3610 470 3687 525 763

577 579 760 637 Betui.
793 574 880 635 66.
916 578 996 633 Ad
1021 578 1305 633 Dominum
1339 593 1402 633 ac
1432 577 1601 633 Deum
1627 592 1848 633 carnem
1877 577 2079 634 factum
2110 583 2155 640 Α

2257 579 2473 648 Ἔλεγχ.
2504 577 2610 642 εἷς’.
2630 580 2862 647 Ἥγγισε
2890 578 3054 649 σαρκὶ
3079 580 3192 633 ὄντι
3217 580 3450 653 Δεσπότῃ
3483 582 3567 636 καῖ
3581 583 3689 656 Θεῷ,

2185 672 2342 740 σῶμα
2379 671 2618 735 λαϐόντι,
2675 670 3039 739 καταφιλῆσαι
3069 670 3311 742 ἀληθινὰ
3342 671 3503 744 χείλη,
3537 674 3618 727 καὶ
3646 678 3693 729 οὐ

2179 763 2395 817 δοκήσει
2420 763 2549 815 ὅντα
2575 763 2669 816 καὶ
2693 762 3051 832 φαντάζοντα.

2253 939 2407 1009 Σχόλ.
2441 939 2537 1004 εἷ’.
2561 939 2848 1009 Παρέκοψε
2880 939 2909 993 ὃ
2942 940 3163 1011 ἐποίησε
3204 939 3429 1012 Πέτρος,
3463 943 3543 995 ὅτε
3583 943 3697 998 ἐπά-

2178 1031 2341 1096 ταξε,
2377 1032 2475 1085 καὶ
2496 1032 2773 1102 ἀφείλετο
2796 1034 2860 1086 τὸ
2891 1032 3001 1099 οὺς
3030 1033 3137 1087 τοῦ
3175 1033 3395 1090 δούλου
3426 1036 3525 1090 τοῦ
3544 1038 3700 1107 ἀρχιε-

2170 1122 2321 1191 ρέως
2331 1163 2341 1174 .

2252 1212 2469 1282 Ἕλεγχ.
2505 1212 2600 1279 εἶ’.
2645 1213 2827 1267 Δοκῶν
2861 1215 2941 1278 εἰς
2982 1213 3147 1287 τιμὴν
3177 1216 3380 1287 Πέτρου
3427 1218 3454 1269 ὁ
3491 1195 3703 1272 ἀπατεὼν

2177 1305 2440 1371 κρύπτειν
2461 1305 2522 1358 τὸ
2544 1306 2600 1358 ἐν
2627 1306 2855 1377 ἀληθείᾳ
2878 1307 3167 1377 γενόμενον
3196 1308 3294 1378 τῆς
3321 1308 3603 1376 δοξολογίας
3628 1309 3702 1360 τοῦ

2177 1392 2447 1463 Σωτῆρος,
2479 1392 2541 1445 τὸ
2595 1394 2759 1465 ῥητὸν
2805 1392 2986 1463 τεμὼν
3035 1393 3371 1465 ἀπέκρυψεν.
3422 1393 3569 1449 mm
3608 1395 3704 1448 οὐδὲ

2174 1483 2465 1554 ὠφελήσει.
2500 1485 2677 1539 Κᾶντε
2705 1485 2814 1556 γὰρ
2849 1485 3008 1551 αὐτὸς
3042 1486 3315 1556 amem,
3347 1488 3503 1559 ἡμεῖς
3521 1485 3705 1553 οἴδαμεν

2174 1576 2241 1628 τὰ
2284 1574 2602 1646 θεοσήμεια.
2657 1577 2811 1630 Μετὰ
2859 1577 2969 1648 γὰρ
3001 1577 3062 1630 τὸ
3107 1577 3376 1647 ἀποκόψαι
3416 1578 3475 1630 τὸ
3510 1576 3707 1643 (intem

2174 1666 2377 1737 Κύριος
2412 1666 2572 1749 πςὶλιν
2602 1666 2781 1720 λαϐὼν
2809 1668 3018 1732 ἰάσατο,
3045 1668 3132 1721 ἵνα
3171 1668 3482 1740 ἀποδειχθῇ,
3505 1669 3579 1723 ὃτι
3600 1669 3707 1731 Θεὸς

2174 1754 2311 1817 ἐστι,
2349 1755 2443 1807 καὶ
2471 1754 2605 1807 Θεοῦ
2637 1754 2795 1826 ἔργον
2826 1754 3164 1809 ἐπετέλεσεν.

572 1945 754 2000 Schol.
791 1946 879 2002 68.
939 1945 1001 2000 Et
1049 1917 1138 2017 qui
1174 1947 1411 2001 tenebant
1456 1949 1770 2013 itludebant,
1816 1952 2067 2005 credentes

2245 1917 2399 2029 216)..
2432 1959 2531 2030 ξη’.
2570 1962 2635 2013 Οἱ
2664 1959 3031 2028 συνέχοντες
3072 1959 3401 2027 ἐνέπαιζον,
3455 1961 3710 2030 δέροντες,

498 2047 547 2090 et
594 2039 939 2104 percutientes
985 2039 1227 2093 dicebant
1260 2053 1277 2090 :
1314 2038 1629 2108 Proptetiza
1657 2042 1774 2112 quis
1804 2056 1880 2096 est
1907 2044 1998 2111 qui
2029 2052 2075 2097 te

498 2129 750 2195 percussit
783 2130 844 2184 '?

570 2241 749 2298 liel‘ut.
778 2243 866 2299 68.
904 2242 1027 2299 [hac
1048 2246 1250 2311 omnia,
1274 2245 1364 2311 qui
1396 2244 1657 2303 tenebant.
1676 2254 1729 2298 et
1756 2243 2075 2309 illudebant;

500 2333 653 2397 item,
673 2336 871 2389 ccedere
890 2344 945 2389 et
975 2345 1277 2405 percutere;
1318 2345 1393 2401 ct,
1426 2334 1743 2406 Prophetiza
1783 2318 1932 2389 nobis
1953 2339 2071 2405 quis

494 2432 569 2474 est
606 2423 694 2491 qui
735 2433 781 2475 te
812 2423 1104 2491 percussit;
1156 2423 1291 2485 haec,
1339 2423 1584 2493 inquam,
1631 2438 1740 2475 non
1786 2423 2075 2476 adumbra-

497 2522 605 2566 tam
658 2513 926 2566 duntaxat
982 2514 1219 2582 Speciem
1265 2514 1547 2579 referunt,
1600 2516 1694 2570 sed
1755 2522 2067 2569 contactum

494 2605 788 2670 quemdam
825 2618 891 2657 ac
934 2618 1252 2673 corpoream
1295 2622 1662 2677 carneamque
1705 2607 2068 2661 substantiam

496 2693 832 2765 signiﬁcant.
878 2692 1046 2764 quue
1088 2693 1225 2749 adeo
1267 2693 1559 2749 manifesto
1594 2695 1772 2750 cuivis
1802 2701 2066 2765 apparet.

495 2782 715 2839 tametsi
764 2798 875 2853 prae
926 2798 990 2840 ea
1040 2799 1160 2855 qua:
1214 2784 1267 2837 in
1322 2790 1374 2839 te
1426 2791 1511 2839 est
1571 2784 1737 2838 animi
1791 2785 2067 2847 caecitate,

497 2873 724 2939 Marcio,
779 2874 1122 2943 perspicuam
1175 2871 1270 2930 Dei
1331 2873 1618 2929 veritatem
1671 2873 1925 2929 conﬁteri
1976 2876 2070 2931 de-

493 2973 716 3018 trectes.

565 3052 751 3109 Schol.
784 3054 872 3110 69.
905 3051 1034 3108 Post
1061 3053 1199 3109 ista:
1239 3052 1392 3108 Ilunc
1434 3056 1724 3109 invenimus
1761 3057 2065 3110 subverten-

493 3158 595 3200 tem
626 3158 828 3217 gentem
852 3158 1089 3202 nostram
1115 3148 1157 3215 ³,
1185 3146 1420 3209 addidit,
1449 3158 1497 3203 et
1532 3148 1882 3203 des-(ruentem
1908 3150 2067 3221 legem

490 3257 552 3293 ac
585 3240 892 3310 prephetas.

558 3330 743 3387 Refut.
774 3333 866 3388 69.
897 3330 1088 3387 Nonne
1138 3332 1249 3386 vias
1288 3329 1502 3386 Domini
1539 3342 1828 3400 pervertere
1850 3331 1871 3363 ⁸
1907 3330 2065 3386 undi-

488 3437 597 3492 que
628 3422 1054 3492 deprehenderis
1084 3436 1149 3477 ac
1178 3422 1569 3478 convinceris?
1609 3421 1744 3478 Nam
1781 3438 1904 3477 cum
1940 3423 2068 3477 huic

490 3510 613 3565 loco
639 3512 788 3582 quod
828 3512 1051 3567 minime
1076 3513 1340 3581 scriptum
1365 3521 1448 3567 est
1472 3511 1688 3583 adjicis,
1727 3527 1790 3567 ac
1822 3511 2067 3567 tibimet-

488 3603 617 3673 ipsi,
654 3618 831 3674 neque
873 3604 1017 3659 enim
1050 3602 1279 3658 Domino
1323 3603 1573 3672 dixerim,
1610 3596 1940 3659 calumniam
1989 3604 2063 3658 fa-

488 3695 590 3757 cis,
619 3697 695 3747 ita
735 3693 983 3749 scribens
1013 3712 1026 3747 :
1062 3691 1217 3746 Hunc
1265 3693 1556 3748 invenimus
1620 3702 1931 3747 evertentem
1992 3694 2069 3746 le-

488 3800 607 3854 gem
639 3800 701 3838 ac
731 3784 1037 3854 prophetas,
1064 3785 1341 3839 contraria
1370 3793 1422 3840 te
1465 3784 1594 3838 huic
1624 3783 1948 3850 Salvatoris,
1981 3784 2063 3838 in-

491 3889 643 3940 sane,
668 3875 941 3946 jugulabit
968 3877 1180 3932 oratio:
1212 3875 1337 3931 Non
1367 3878 1484 3931 seni
1512 3876 1712 3932 solvere
1746 3876 1931 3947 legem,
1970 3886 2063 3931 aut

488 3964 789 4034 praphetas,
844 3966 937 4021 sed
985 3967 1202 4036 implere
1223 3968 1265 4021 ⁸.
1314 3966 1434 4022 Νοη
1493 3968 1661 4040 igitur
1711 3976 1889 4039 potest
1920 3967 2063 4023 idem

488 4056 601 4121 ille,
631 4058 725 4128 qui
753 4072 812 4113 se
853 4074 964 4125 non
989 4058 1269 4113 evertendi
1322 4059 1497 4131 gratia
1549 4060 1767 4115 venisse
1808 4066 2060 4124 testatur,

487 4145 736 4200 accusari
765 4146 911 4216 quod
933 4148 1206 4203 everterit.
1256 4144 1441 4218 Neque
1466 4163 1593 4202 vero
1630 4148 1713 4201 ita
1734 4147 1785 4201 in
1817 4145 2062 4217 Evange-

486 4233 560 4288 lio
592 4235 840 4307 legimus,
872 4237 966 4292 sed
993 4238 1172 4307 potius
1201 4256 1215 4292 :
1248 4236 1404 4291 Hunc
1440 4237 1733 4292 invenimus
1757 4235 2061 4290 subverten-

486 4331 588 4378 tem
615 4325 888 4394 populum,
912 4324 1169 4381 dicentem
1195 4344 1246 4381 se
1276 4327 1544 4382 Christum
1572 4343 1765 4398 regem.

556 4460 744 4553 Schol.
785 4496 872 4555 70.
931 4499 1093 4555 Aliud
1144 4515 1362 4571 quoque
1417 4508 1539 4570 post
1595 4500 1708 4554 hate
1754 4500 1913 4554 verba
1946 4518 1958 4553 :
1991 4498 2058 4554 Et

2173 2049 2523 2114 τύπτοντες,
2544 2047 2644 2102 καί
2663 2046 2945 2117 λέγοντες
2964 2065 2977 2078 ·
3001 2049 3450 2118 Προφήτευσον,
3473 2052 3557 2117 τίς
3573 2051 3711 2104 ἐστιν

2174 2142 2206 2191 ό
2234 2139 2461 2204 παίσας
2484 2156 2592 2203 σε;

2248 2231 2468 2300 Ἔλεγχ.
2501 2230 2587 2301 ξη.
2619 2232 2741 2286 Ὅτι
2768 2230 2849 2296 τὸ,
2885 2232 3272 2303 συνέχοντες,
3304 2237 3399 2289 καὶ
3423 2236 3499 2301 τὺ,
3518 2236 3714 2291 ἐνέπαι-

2173 2320 2290 2387 ζον,
2318 2322 2513 2387 καὶτὸ,
2557 2322 2765 2391 δεῖραι,
2807 2325 2900 2377 nati.
2928 2325 3009 2385 τὺ,
3042 2326 3245 2394 τύψαι,
3278 2329 3373 2381 κα)⁸
3408 2329 3488 2390 τὸ,
3518 2328 3712 2397 προφή.

2172 2429 2394 2466 τευσον
2425 2414 2513 2479 τίς
2542 2417 2574 2467 ὀ
2604 2416 2829 2481 παίσας
2853 2430 2929 2470 σε
2950 2434 2964 2447 ’
2997 2416 3153 2470 τοῦτο
3172 2419 3233 2471 οὐ
3255 2419 3475 2490 δόκησις
3493 2417 3573 2491 ἦν,
3603 2420 3715 2474 ἀλλᾶ

2172 2505 2315 2576 ἁφῆς
2343 2507 2458 2558 ἐστι
2504 2508 2597 2559 καὶ
2628 2508 2945 2579 σωματικῆς
2976 2510 3071 2562 καὶ
3105 2510 3375 2581 ὲνσάρκου
3405 2513 3714 2573 ὑποστάσεως

2170 2594 2485 2664 δηλωτικόν.
2524 2598 2634 2650 Καὶ
2671 2599 2833 2652 παντί
2866 2615 2945 2668 τῳ
2977 2599 3133 2670 δῆλόν
3165 2603 3303 2666 ἐστι,
3347 2603 3448 2657 κᾶν
3467 2620 3523 2657 τε
3556 2604 3615 2656 σὺ
3642 2620 3715 2663 1U-

2172 2686 2425 2754 φλωθεὶς,
2458 2688 2745 2760 Μαρκίων,
2788 2690 2862 2761 μὴ
2890 2690 3065 2755 θέλοις
3096 2693 3382 2762 ὁμολογεῖν
3411 2695 3508 2768 τὴν
3540 2693 3715 2766 ἐναργῆ

2170 2776 2304 2830 Θεοῦ
2340 2776 2622 2845 ἀλήθειαν,
2932 2802 2939 2809 ·

2241 3038 2392 3108 Σχόλ,
2421 3039 2516 3103 ξθ’.
2551 3042 2850 3112 Προοέθετο
2881 3042 3021 3109 μετὰ
3049 3043 3224 3097 τοῦτο’
3258 3046 3479 3101 Τοῦτον
3502 3046 3719 3115 εὕρομεν

2170 3129 2606 3199 διαστρέφοντα
2644 3133 2708 3185 τὸ
2738 3132 2935 3199 ἔθνος,
2980 3134 3077 3188 καὶ
3102 3139 3484 3192 καταλύοντα
3509 3139 3606 3193 τὸν
3637 3139 3718 3191 νό-

2166 3236 2284 3289 μον
2311 3219 2409 3272 καὶ
2442 3219 2583 3285 τοὺς
2615 3220 2944 3289 προφήτας.

2243 3310 2459 3381 Ἐλεγχ.
2482 3310 2575 3375 ξθν.
2599 3312 2768 3365 Πόθεν
2815 3313 2877 3365 οὐ
2908 3311 3231 3385 φωραθήσῃ,
3264 3314 3433 3368 πόθεν
3475 3315 3569 3368 οὐκ
3592 3313 3713 3381 ἐλεγ-

2170 3403 2366 3474 χθήση,
2395 3402 2732 3473 διαστρέφων
2764 3405 2863 3472 τὴν
2890 3404 3007 3457 ὁδὸν
3038 3406 3280 3476 Κυρίους
3315 3406 3488 3462 Ὅταν
3515 3406 3613 3475 γὰρ
3645 3406 3713 3455 ἐν·

2168 3495 2342 3549 ταῦθα
2382 3495 2681 3567 προσθείης
2723 3495 2784 3548 τὸ
2818 3496 2892 3566 μὴ
2942 3497 3348 3568 γεγραμμένον,
3399 3495 3716 3568 συκοφαντῶν

2170 3586 2415 3650 σεαυτὸν,
2444 3586 2525 3655 (οὐ
2554 3586 2661 3657 γὰρ
2698 3586 2763 3641 ἂν
2804 3585 3013 3657 εἴποιμι
3046 3588 3140 3642 τὸν
3162 3589 3413 3660 Κύριον.)
3450 3590 3631 3658 λέγων,
3653 3589 3717 3640 ὅτι

2175 3676 2393 3729 Τοῦτον
2428 3675 2681 3744 εὕρομεν
2710 3678 3087 3730 καταλύοντα
3119 3679 3224 3732 τὸν
3253 3681 3448 3749 νόμον
3481 3680 3573 3734 καί
3603 3676 3718 3741 τοὺς

2167 3767 2476 3836 προφήτας
2499 3785 2511 3799 ·
2543 3769 2603 3822 τὸ
2634 3766 2920 3836 ἀντίζυγον
2964 3768 3154 3823 τούτου
3204 3769 3420 3839 ἐλέγξει
3451 3788 3529 3830 σε.
3558 3765 3600 3824 ὦ
3635 3786 3716 3839 μα-

2165 3862 2436 3927 ταιόπονε,
2478 3863 2644 3916 αὐτοῦ
2681 3863 2774 3917 τοῦ
2805 3863 3053 3933 Σωτῆρος
3084 3863 3335 3932 λέγοντος
3360 3882 3375 3897 ·
3399 3867 3523 3920 Οὐκ
3558 3861 3719 3934 ἦλθεν

2166 3954 2503 4009 καταλῦσαι
2541 3956 2646 4009 τὸν
2692 3962 2879 4025 νόμον
2926 3956 2964 4023 ἢ
3010 3956 3153 4023 τοὺς
3199 3957 3533 4026 προφήτας,
3584 3952 3717 4010 ἀλλὰ

2166 4042 2502 4111 πληρῶσαι.
2543 4045 2618 4098 Οὐ
2659 4044 2881 4099 δύναται
2920 4046 3097 4100 τοίνυν
3120 4047 3151 4099 ὁ
3176 4046 3340 4111 αὐτὸς
3378 4047 3584 4117 λέγων,
3626 4044 3716 4099 Οὐκ

2162 4128 2325 4203 ἦλθον
2353 4135 2684 4197 καταλῦσαι.
2725 4136 2811 4189 διὰ
2872 4137 2932 4190 τὸ
2977 4137 3263 4191 καταλύειν
3299 4137 3716 4210 κατηγορεῖσθαι.

2160 4212 2239 4279 Οὐ
2272 4226 2379 4300 γὰρ
2406 4223 2552 4299 εἶχεν
2584 4228 2755 4293 οὕτως
2777 4230 2837 4282 τὸ
2867 4230 3050 4301 ῥητὸν,
3075 4229 3208 4283 ἀλλὰ
3236 4231 3510 4301 Εὗρομεν
3532 4230 3716 4285 τοῦτον

2163 4316 2597 4387 διαστρέφοντα
2630 4320 2737 4375 τὸν
2768 4321 2941 4384 λαὸν,
2967 4321 3224 4391 λέγοντα
3244 4324 3470 4399 ἑαυτὸν
3490 4323 3717 4392 Χριστὸν

2158 4409 2440 4472 βασιλέα.

2232 4500 2387 4570 Σχόλ.
2422 4508 2484 4556 o'.
2516 4503 2805 4575 Προσθήκη
2852 4504 2952 4558 τό·
3004 4505 3340 4559 Κελεύοντα
3386 4507 3605 4575 φόρους
3646 4501 3717 4570 μὴ

480 4590 837 4659 prohibentem
868 4593 1070 4647 tributa
1106 4595 1236 4648 dare
1257 4592 1301 4661 ⁸,
1336 4595 1599 4663 subjecit:
1650 4593 1717 4647 Et
1746 4603 2058 4646 avertentem

2174 4590 2395 4657 δοῦναι,
2436 4593 2519 4657 τὸ,
2555 4594 3010 4664 ἀποστρέφοντα
3059 4596 3163 4662 τὰς
3202 4595 3497 4664 γυναῖκας
3532 4595 3620 4648 καὶ
3660 4591 3717 4644 τὰ

484 4697 673 4737 uxores
701 4699 763 4737 ac
791 4683 999 4738 liberos.

555 4772 740 4830 Ιὶείιιι.
762 4773 851 4829 70.
883 4775 1016 4842 Quis
1070 4774 1309 4844 scipsum
1337 4773 1393 4830 in
1438 4790 1678 4845 praeceps
1715 4775 1942 4844 impellit
1965 4776 2058 4829 im-

483 4866 703 4937 pletque
722 4865 867 4936 quod
889 4852 1154 4937 scriptum
1184 4877 1302 4923 est:
1330 4868 1433 4935 Qui
1464 4866 1565 4922 sibi
1597 4884 1818 4937 nequam
1849 4879 1948 4933 est,
1969 4872 2055 4924 cui

482 4957 649 5013 bonus
669 4959 769 5013 erit
788 4960 838 5013 "?
856 4959 949 5015 Est
965 4961 1109 5015 enim
1132 4960 1235 5016 hoc
1258 4960 1514 5017 inauditae
1535 4962 1820 5033 cujusdam
1843 4966 2057 5019 temeri-

480 5056 610 5113 tatis
643 5071 708 5111 ac
738 5055 958 5127 ﬂagitii,
990 5057 1104 5111 sive
1134 5057 1455 5127 periculosa:
1504 5058 1904 5129 salebrosmque
1948 5061 2049 5116 via:

479 5150 702 5217 evidens
731 5160 1133 5221 argumentum,
1166 5151 1345 5206 delere
1374 5168 1493 5221 qua:
1516 5153 1717 5221 scripta
1756 5162 1902 5218 sunt,
1932 5170 2052 5224 qua:

483 5253 751 5308 nusquam
788 5241 990 5309 scripta
1026 5251 1185 5294 erant
1217 5240 1414 5296 addere
1447 5260 1459 5295 :
1497 5241 1660 5311 idque
1707 5242 1760 5294 in
1817 5241 2055 5313 Evange-

422 5314 429 5323 ’
484 5327 553 5382 lio
606 5331 946 5399 potissimum
991 5330 1152 5402 347
1201 5332 1565 5397 committere,
1627 5333 1770 5401 quod
1811 5334 1863 5387 in
1899 5342 2053 5388 teter-

482 5432 611 5470 num
646 5419 839 5474 stabile
865 5411 930 5474 ac
963 5420 1176 5475 tirumm
1224 5437 1349 5477 esse
1393 5430 1662 5490 oporteat.
1721 5424 1874 5478 Adde
1906 5427 2048 5494 quod

484 5504 576 5558 illa
633 5506 750 5573 ipsa
800 5524 923 5576 qum
974 5517 1104 5563 sunt
1149 5511 1332 5565 addita
1391 5527 1565 5581 neque
1607 5514 1785 5567 locum
1821 5514 2043 5582 habent,

483 5600 660 5664 neque
706 5597 1013 5665 mnigmatis
1051 5602 1225 5656 instar
1252 5604 1458 5673 aliquid
1499 5604 1825 5674 signiﬁcant.
1867 5606 2050 5677 Neque

2166 4680 2365 4739 τέκνα.

2239 4774 2457 4846 Ἕλεγχ.
2483 4781 2542 4830 ο¹.
2567 4775 2663 4839 Τίς
2697 4776 2846 4846 αὐτῷ
2862 4778 3103 4849 κρημνὸν
3132 4782 3411 4849 περιποιεί
3438 4777 3647 4851 πληρῶν
3669 4774 3716 4827 τὸ

2165 4865 2564 4934 γεγραμμένον,
2591 4864 2681 4917 τό·
2728 4865 2791 4919 '0
2831 4864 3022 4930 ἐαυτῷ
3069 4867 3333 4935 πονηρὸς
3374 4868 3495 4922 τίνι
3522 4863 3716 4935 ἀγαθὸς

2164 4956 2371 5020 ﬁatut;
2407 4957 2592 5026 Πάσης
2613 4956 2720 5028 γὰρ
2749 4957 2955 5029 τόλμης
2994 4959 3088 5011 καὶ
3145 4955 3716 5029 πονηρίαςνὺπόδειγμά

2166 5048 2303 5111 ἐστι,
2332 5048 2423 5101 καὶ
2444 5048 2796 5111 κινδυνὼδους
2823 5048 3149 5119 ὁδοιπορίας,
3178 5048 3239 5103 τὸ
3268 5050 3335 5102 τὰ
3366 5050 3469 5119 μὲν
3504 5065 3717 5118 γεγραμ·

2165 5141 2301 5211 μένα
2326 5141 2719 5211 παρακόπτειν,
2753 5140 2787 5194 ἆ
2816 5140 2874 5193 δὲ
2912 5140 2985 5212 μὴ
3015 5142 3319 5212 γέγραπται
3368 5141 3712 5211 προστιθέναι,

2164 5232 2398 5301 μάλιστα
2454 5234 2511 5285 ὲν
2563 5231 2879 5302 Εὑαγγελίῳ
2921 5232 3247 5303 ἀκαταλὺτῳ
3300 5234 3416 5287 ὄντι
3480 5238 3558 5298 είς
3609 5233 3716 5290 τοὺς

2160 5325 2382 5388 αἰῶνας.
2423 5325 2530 5377 Καὶ
2559 5326 2697 5378 αὐτὰ
2722 5325 2778 5377 δὲ
2820 5324 2891 5377 τὰ
2915 5324 3015 5395 τῆς
3046 5325 3361 5396 προσθήκης
3402 5326 3527 5379 οὔτε
3574 5324 3714 5377 τόπον

2164 5416 2295 5485 ἔχει,
2322 5415 2444 5468 οὔτε
2469 5416 2720 5486 αἴνιγμα.
2768 5417 2842 5469 Οὐ
2870 5415 2979 5486 γὰρ
3015 5416 3355 5486 ἀπέστρεψεν
3401 5417 3601 5489 Ἰησοῦς
3632 5433 3711 5482 γν-

2162 5512 2324 5563 ναῖκα
2355 5509 2388 5579 ἢ
2419 5510 2603 5563 τέκνα.
2642 5510 2813 5572 Αὐτὸς
2857 5509 2966 5579 γὰρ
3006 5508 3108 5578 ἔφη
3131 5524 3147 5549 -'
3184 5510 3324 5578 Tt'ya
3369 5510 3480 5580 τὸν
3514 5507 3713 5575 πατέρα

2166 5604 2261 5656 καὶ
2304 5604 2416 5669 τὴν
2447 5602 2667 5671 μητέρα
2688 5620 2700 5631 ·
2734 5604 2826 5654 καὶ
2857 5605 2929 5654 Ἀ
2962 5604 2995 5655 d
3033 5601 3175 5666 Θεὸς
3214 5600 3589 5666 συνέζευξεν,
3620 5599 3709 5650 ἄν·

478 5689 626 5741 cnim
656 5684 912 5739 Christus
942 5704 1138 5745 uxores
1170 5694 1363 5747 avertit
1392 5703 1483 5746 aut
1519 5694 1739 5759 liberos,
1771 5710 1892 5749 cum
1936 5697 2052 5767 ipse

2174 5702 2394 5763 Θριάσιος
2422 5697 2505 5764 μὴ
2559 5694 2859 5763 χωριζέτω.
2907 5693 3063 5747 Ἀλλᾶ
3111 5692 3213 5745 κᾶν
3255 5696 3411 5764 sing“
3464 5694 3597 5747 Ἐὰν
3635 5684 3709 5757 μή

551 5826 563 5854 ’
598 5820 735 5872 Luc.
781 5833 914 5875 uti.
944 5820 1026 5873 50.

474 5890 492 5922 ⁷
522 5887 699 5947 Eccli.
734 5900 841 5949 XIV,
878 5886 909 5937 δ

1134 5828 1150 5856 ²
1182 5827 1305 5882 ibid.
1349 5832 1435 5883 63.
1514 5831 1533 5862 ³
1603 5831 1730 5885 Luc.
1772 5849 1924 5895 nni,
1958 5834 2010 5887 2.

2174 5834 2291 5887 Act.
2333 5850 2447 5887 xm.
2492 5834 2575 5887 10.
2677 5833 2695 5863 ⁵
2725 5831 2913 5886 Matth.
2948 5850 2996 5887 ν.
3042 5834 3123 5886 i7.
3246 5834 3265 5864 ‘
3295 5830 3423 5884 [.uc.
3452 5842 3602 5893 unt,
3630 5823 3706 5880 35.
