3934 6438
472 463 569 519 771

1884 442 1941 500 S.
1979 437 2324 497 EPIPHANII

3606 430 3694 486 772

544 574 739 632 Schol.
778 570 864 624 75.
907 567 971 621 Et
1005 570 1311 620 revertentes
1342 560 1586 615 mulieres
1619 557 1879 612 siluerunt
1911 555 2047 610 Sab-

2222 550 2376 621 Σχόλ.
2404 553 2497 602 σε’.
2541 545 2647 601 Καὶ
2678 544 3139 613 ὑποστρέψασαι
3168 543 3229 596 ai
3259 539 3534 612 γυναῖκες
3568 541 3696 611 ἡσύ-

470 664 593 721 bato
619 661 901 718 secundum
929 658 1240 712 mandatum
1267 655 1307 706 ί.

541 755 724 811 Refut.
767 753 853 807 75.
882 749 1053 813 Unde,
1086 761 1290 820 qiueso,
1325 745 1582 800 mulieres
1610 755 1839 797 reversa!
1885 736 2050 793 sunt?

471 858 567 905 aut
600 863 700 903 cur
727 846 944 900 demum
984 841 1205 897 siluisse
1250 847 1561 898 narrantur,
1592 834 1696 891 nisi
1737 840 1796 887 ut
1831 831 2048 885 illarum

472 940 806 1002 testimonia,
861 934 1060 1005 quibus
1093 932 1307 987 insania
1348 941 1438 985 tua
1492 926 1859 997 redarguitur,
1901 919 2052 976 Serio

471 1042 633 1104 ptura
676 1025 1024 1085 declararet?
1067 1023 1208 1079 Ecce
1239 1023 1336 1078 tibi
1369 1022 1627 1076 mulieres
1665 1022 1958 1077 testantur,
1997 1021 2051 1067 et

472 1123 726 1194 apostoli,
767 1128 819 1176 et
859 1118 1054 1181 Judaei,
1105 1126 1161 1173 et
1216 1115 1416 1187 angeli,
1454 1121 1507 1167 et
1542 1111 1742 1181 Juseph
1788 1109 1925 1174 ipse,
1958 1104 2051 1173 qui

476 1214 763 1270 tractabile
796 1227 1000 1282 corpus
1032 1226 1063 1265 e
1104 1224 1269 1264 cruce
1303 1205 1545 1267 demisit,
1580 1199 1916 1258 etobvolvit.
1947 1195 2053 1251 γε-

473 1320 597 1359 rum
644 1304 760 1373 quis
800 1319 918 1356 eum
965 1300 1218 1381 corrigat,
1245 1298 1334 1366 qui
1366 1296 1591 1361 seipsum
1623 1308 1717 1345 suo
1745 1288 1953 1359 judicio
1992 1303 2055 1340 ac

474 1397 740 1452 voluntate
768 1392 1057 1463 pervertit?
1082 1392 1157 1445 uti
1183 1389 1447 1458 scriptum
1486 1384 1772 1454 legimus’.

548 1486 729 1541 Schol.
766 1485 863 1541 76.
900 1484 1158 1538 Dixerunt
1189 1483 1278 1553 qui
1306 1488 1455 1534 erant
1482 1479 1535 1531 in
1564 1485 1700 1530 veste
1733 1473 1855 1528 alba
1875 1487 1894 1525 .'
1916 1469 2055 1538 Quid

476 1580 715 1650 quaeritis
749 1579 998 1633 viventem
1042 1592 1159 1629 rum
1212 1573 1469 1627 mortuis?
1499 1568 1762 1625 Surrexit.
1792 1563 2057 1618 Recorda-

479 1670 609 1723 mini
658 1685 775 1740 qua:
816 1669 1021 1721 locutus
1070 1674 1169 1728 est,
1216 1680 1335 1718 cum
1383 1661 1555 1715 adhuc
1598 1656 2060 1723 esset:Quoniam

480 1769 681 1829 oportet
712 1759 883 1828 [ilium
907 1758 1133 1811 hominis
1162 1756 1275 1822 pati
1300 1762 1347 1807 et
1372 1753 1514 1806 tradi
1535 1752 1576 1808 ³.

554 1928 735 1985 Reiut.
781 1926 865 1981 76.
907 1925 1093 1980 Fidem
1149 1923 1245 1978 tibi
1283 1921 1461 1977 facere
1513 1935 1581 1975 ne
1626 1918 1800 1988 angeli
1839 1916 2056 1986 quidem

483 2025 574 2081 isti
598 2027 848 2093 possunt,
875 2033 906 2072 ο
927 2016 1156 2069 Marcio!
1183 2015 1311 2068 dum
1340 2013 1518 2082 ipsum
1546 2010 1728 2065 triduo
1752 2009 1893 2062 inter
1913 2021 2061 2059 mor-

485 2128 608 2170 tuos
642 2118 919 2167 versatum
958 2123 1081 2162 esse
1127 2105 1444 2175 praedicant,
1473 2101 1835 2169 eumdemque
1874 2106 2062 2169 postea

486 2205 809 2267 redivivum,
858 2214 958 2254 nec
1001 2197 1234 2266 amplius
1283 2202 1593 2254 mortuum;
1639 2191 1732 2260 qui
1779 2190 2064 2245 divinitate

485 2297 705 2367 quidem
764 2294 882 2363 ipsa
933 2295 1195 2360 perp'tuo
1248 2286 1418 2352 vivat,
1479 2299 1654 2353 neque
1707 2291 1937 2337 mortem
1995 2283 2065 2336 sit

483 2392 744 2457 expurtus
772 2378 1085 2452 aliquando,
1125 2392 1292 2433 carne
1324 2390 1455 2431 vero
1486 2375 1669 2428 triduo
1709 2382 1959 2426 mortuus
1981 2373 2066 2440 ja-

487 2478 681 2540 cuerit,
722 2490 788 2528 ac
816 2473 997 2528 denuo
1027 2470 1208 2524 virere
1230 2466 1478 2537 coeperit.
1516 2464 1607 2547 Sic
1632 2464 1776 2519 enim
1813 2464 2067 2517 mulieres

490 2562 1200 2637 alloquuntur:Surrexit;
1255 2575 1356 2612 non
1416 2564 1495 2610 est
1540 2556 1644 2608 hic.
1701 2551 1841 2620 Quid
1890 2561 2067 2607 autem

479 2654 636 2714 'aliud
663 2656 920 2727 surgendi
963 2669 1090 2715 vox,
1130 2650 1233 2704 nisi
1256 2663 1380 2703 eum
1421 2645 1716 2701 dormiisse
1758 2643 2070 2713 signiﬁcat?

491 2752 649 2818 Quod
690 2749 909 2818 quidem
952 2742 1295 2798 manifestius
1335 2746 1522 2809 postea
1553 2737 1855 2792 declarant.
1890 2735 2072 2789 Recor-

2150 658 2350 712 χασαν
2386 639 2452 692 τὸ
2484 638 2787 692 σάϐϐατον
2810 636 2961 690 κατὰ
2991 635 3099 688 τὸν
3126 635 3331 702 νόμον.

2225 734 2444 801 Ἐλεγχ.
2473 736 2567 783 σε’.
2604 727 2776 781 Πόθεν
2801 724 3145 798 ὑπέστρεψαν
3164 725 3221 777 αί
3244 725 3531 793 γυναῖκες;
3562 722 3639 775 διὰ
3659 723 3700 775 τί

2149 825 2208 879 δὲ
2240 823 2336 877 καὶ¹
2381 822 2444 874 τὸ
2488 820 2766 892 ἡσύχασαν
2817 818 3164 889 γέγραπται;
3206 815 3319 868 ἀλλ’
3366 814 3454 867 ἵνα
3493 811 3631 885 δείξῃ
3674 816 3701 883 ἡ

2152 913 2341 986 Γραφὴ
2373 912 2468 983 τὴν
2525 910 2704 965 αὐτῶν
2752 908 3081 979 μαρτυρίαν,
3132 906 3459 975 ὲλέγχουσάν
3494 922 3581 957 σου
3622 904 3704 975 τὴν

2152 1007 2357 1070 ἄνοιαν,
2385 997 2430 1056 ὧ
2469 1000 2755 1072 Μαρκίων.
2794 999 2924 1052 Ἰδοὺ
2954 997 3062 1067 γὰρ
3098 998 3192 1049 καὶ
3221 999 3477 1064 γυναῖκες
3520 1012 3705 1065 μαρτυ-

2155 1095 2308 1168 ροῦσι
2334 1138 2349 1162 ,
2391 1093 2486 1147 καὶ
2541 1089 2850 1152 ἀπόστολοι,
2910 1089 3006 1142 καὶ
3054 1086 3314 1148 Ἰουδαῖοι,
3365 1084 3460 1139 καὶ
3493 1085 3706 1152 ἄγγελοι,

2155 1187 2250 1238 καὶ
2292 1183 2490 1253 Ἰωσὴφ
2517 1184 2543 1234 ὁ
2582 1179 2901 1252 ψηλαφητὸν
2933 1178 3101 1240 ὅντως
3143 1176 3302 1246 σῶμα
3352 1172 3606 1238 καθελὼν,
3631 1175 3710 1225 καὶ

2154 1274 2455 1344 ἐνειλήσας.
2499 1274 2593 1337 Τίς
2622 1269 2692 1324 δέ
2735 1268 3034 1339 κοσμήσει
3082 1268 3189 1320 τόν
3230 1264 3714 1332 αὑτοκατακρίτως

2156 1366 2375 1419 ἑαυτὸν
2406 1361 2843 1431 διαστρέφοντα
2859 1376 2887 1426 ,1
2905 1360 2981 1422 ὡς
3010 1360 3126 1411 ἐστι
3156 1357 3560 1429 γεγραμμένον.

2228 1456 2383 1526 Σχόλ.
2412 1460 2517 1519 ος’.
2558 1450 2756 1507 Εἶπαν
2785 1448 2841 1505 bi
2878 1452 2948 1505 ἐν
2978 1449 3191 1518 ἐσθῆτι
3231 1445 3478 1517 λαμπρᾷ
3502 1466 3514 1477 ·
3556 1448 3611 1501 Ti
3636 1446 3715 1513 ξη-

2158 1548 2309 1602 τεῖτε
2336 1546 2444 1600 τὸν
2465 1544 2649 1606 ζῶντα
2673 1545 2825 1613 μετὰ
2852 1541 2972 1597 τῶν
2996 1541 3257 1610 νεκρῶν;
3299 1539 3557 1608 Ἠγέρθη.
3584 1538 3719 1605 Μνή-

2158 1643 2343 1708 σθητε
2382 1638 2497 1692 ὅσα
2528 1637 2838 1704 ἐλάλησεν
2869 1636 2955 1688 ἐτι
3001 1634 3085 1687 ὢν
3108 1635 3236 1703 μεθ’
3275 1629 3464 1701 ὑμῶν’
3499 1632 3617 1683 Ὀτι
3645 1629 3719 1682 δεῖ

2161 1731 2268 1783 τεν
2311 1730 2447 1783 Υιὸν
2471 1728 2576 1781 τοῦ
2607 1726 2922 1794 ἀνθρώπου
2950 1726 3151 1779 πολλὰ
3172 1724 3408 1789 παθεῖν,
3441 1722 3541 1777 καὶ
3566 1736 3719 1787 πορι-

2163 1820 2433 1888 δοθῆναι.
3516 1808 3523 1809 ί

2238 1913 2459 1982 Ἔλεγχ.
2496 1918 2603 1975 (ις’.
2629 1909 2764 1964 Οὐδὲ
2792 1902 2939 1962 οὗτοί
2969 1925 3026 1961 σε
3051 1907 3330 1961 πείθουσιν
3361 1909 3412 1962 οἱ
3435 1904 3658 1975 ἄγγελοι,
3685 1892 3722 1956 ὦ

2166 2005 2449 2075 Μαρκίων,
2478 2001 2864 2074 ὁμολογοῦντες
2899 2000 2998 2071 μὲν
3033 1999 3195 2054 αὑτὸν
3222 2001 3521 2070 τριήμερόν
3549 1997 3721 2066 μεταξὺ

2166 2094 2374 2165 νεκρῶν
2398 2092 2750 2161 γεγενῆσθαι,
2777 2090 2953 2155 ζῶντα
2980 2090 3035 2141 δὲ
3068 2089 3273 2151 λοιπὸν,
3312 2089 3409 2141 καὶ
3441 2087 3616 2140 οὐκέτι
3654 2102 3723 2138 νε·

2169 2188 2331 2256 κρὺν·
2376 2186 2462 2238 ἀεὶ
2504 2184 2600 2254 μὲν
2640 2182 2819 2243 ζῶντα
2848 2184 2906 2234 ὲν
2938 2184 3003 2251 τῇ
3041 2180 3276 2251 θεότητι,
3326 2179 3422 2233 καὶ
3463 2179 3581 2249 μηδ’
3612 2177 3726 2237 ὅλως

2168 2275 2531 2347 νεκρωθέντα,
2575 2272 2920 2345 νεκρωθέντα
2950 2272 3008 2326 δὲ
3037 2273 3179 2326 κατὰ
3222 2273 3404 2343 σάρκα
3433 2271 3496 2324 τὸ
3526 2270 3726 2342 τριήμε-

2174 2385 2285 2440 ρον,
2316 2367 2411 2421 καὶ
2442 2367 2600 2420 πάλιν
2626 2365 2825 2430 ζῶντα.
2845 2365 3074 2433 Λέγουσι
3093 2363 3203 2434 γὰρ
3223 2364 3419 2427 αὑταῖς
3438 2379 3452 2392 ο
3490 2360 3724 2423 Ἀνέστη·

2166 2467 2276 2518 οὐκ
2304 2464 2480 2516 ἔστιν
2516 2456 2653 2517 ὧδε.
2687 2461 2760 2513 Τὸ
2791 2461 2847 2514 δὲ
2872 2458 3099 2527 ἀνέστη
3127 2459 3178 2512 τί
3209 2460 3329 2510 ἐστι
3359 2457 3410 2507 εἰ
3440 2453 3513 2526 μὴ
3548 2454 3623 2506 ὅτι
3651 2444 3727 2503 καὶ

2167 2556 2471 2626 ὲκοιμήοη;
2510 2554 2852 2623 Σαφέστερον
2894 2552 3004 2622 γὰρ
3038 2550 3170 2603 αὐτὸ
3221 2546 3557 2619 διηγοῦνται.
3594 2540 3727 2609 Μνή-

2167 2650 2351 2715 σθητε
2401 2648 2530 2718 γὰρ,
2572 2646 2759 2717 φησὶν,
2806 2644 2896 2697 ὅτι
2938 2644 3026 2697 ἐτι
3064 2641 3281 2712 περιὼν
3320 2639 3511 2693 ταῦτα
3552 2638 3727 2702 ἔλεγεν

2170 2738 2313 2807 ὑμῖν
2329 2755 2342 2769 ⁶
2382 2741 2511 2792 Ὀτι
2542 2737 2635 2791 δεῖ
2658 2736 2871 2791 παθεῖν
2897 2735 3005 2789 τὸν
3030 2734 3168 2789 Tit)?
3189 2734 3298 2787 τοῦ
3321 2729 3644 2798 ἀνθρώπου.

491 2844 696 2898 damiui
734 2842 878 2896 enim
901 2880 914 2904 ,
948 2838 1218 2908 inquiunt,
1265 2818 1516 2917 quoniam
1544 2846 1663 2885 cum
1688 2829 1860 2884 adhuc
1891 2831 2074 2885 viveret
2117 2834 2250 2888 (alia
2276 2836 2482 2889 locutus
2515 2845 2593 2888 est
2626 2833 2769 2887 vobis
2794 2847 2813 2886 :
2845 2831 2989 2896 Quia
3029 2839 3231 2899 oportet
3268 2830 3385 2899 pati
3436 2825 3626 2880 Filium
3659 2814 3733 2869 ho-

494 2956 676 2994 mtms.

570 3029 752 3084 Schol.
790 3028 880 3081 77.
924 3024 1066 3091 Quin
1101 3037 1160 3076 ea
1190 3020 1432 3083 sustulit,
1472 3034 1593 3088 quae
1646 3017 1898 3089 Cleoplise
1926 3017 2065 3086 ejus-

2250 3013 2401 3085 Σχόλ.
2431 3011 2524 3076 οξ.
2544 3011 2827 3083 Παρέκοψε
2851 3006 2910 3064 τὸ
2931 3008 3217 3082 εἰρημένον
3244 3007 3385 3078 πρὸς
3408 3005 3645 3061 Κλεόπαν
3657 3003 3729 3057 καὶ

493 3133 600 3190 que
629 3116 782 3172 socio
812 3115 956 3169 dicta
986 3119 1134 3175 sunt,
1169 3126 1293 3164 cum
1336 3110 1444 3165 illis
1468 3110 1711 3163 occurrit
1735 3108 1814 3164 :0
1839 3109 1991 3162 stulti
2028 3116 2075 3162 et

2184 3106 2271 3160 τὸν
2313 3106 2492 3171 ἄλλον,
2539 3107 2630 3159 ὅτε
2670 3105 3005 3175 συνήντησεν
3050 3102 3256 3163 αὐτοῖς,
3286 3100 3386 3153 τό·
3412 3095 3483 3152 Ὦ
3522 3099 3729 3165 ἀνόητοι

496 3208 639 3262 tardi
686 3206 840 3259 corde
883 3203 950 3257 ad
1010 3201 1323 3256 credendum
1370 3201 1426 3253 in
1473 3199 1714 3253 omnibus
1757 3215 1874 3267 qua:
1916 3198 2077 3251 locuti

493 3308 616 3361 sunt
658 3296 955 3367 prophetw!
989 3293 1175 3348 Nonne
1227 3291 1339 3347 haec
1391 3292 1624 3358 oportuit
1657 3286 1841 3357 pati“?
1868 3290 1943 3343 Ac
1975 3304 2078 3359 pro

494 3392 604 3453 his,
633 3391 687 3443 in
714 3387 954 3443 omnibus
979 3403 1095 3456 qua:
1131 3384 1295 3437 locuti
1332 3391 1455 3436 sunt
1493 3381 1757 3450 propheta:
1781 3422 1795 3444 ,
1834 3381 2076 3449 scripsit,

496 3482 551 3534 in
581 3480 747 3552 349
768 3481 1008 3532 omnibus
1058 3493 1173 3546 quia
1209 3477 1414 3529 locutus
1439 3491 1556 3528 sum
1583 3473 1752 3528 vobis.
1779 3472 1887 3527 Sed
1919 3488 1983 3526 ex
2016 3488 2081 3526 eo

497 3572 861 3641 redarguitur,
911 3567 1057 3639 quod
1098 3582 1221 3621 cum
1271 3582 1460 3635 panem
1506 3565 1686 3634 fregit,
1738 3566 1908 3633 aperti
1959 3574 2082 3618 sunt

500 3664 639 3718 oculi
670 3679 873 3724 eorum,
904 3669 951 3714 et
981 3667 1330 3729 cognoverunt
1355 3657 1507 3710 illum
1529 3658 1572 3711 ⁵.

575 3755 758 3811 llefut.
790 3754 876 3807 77.
921 3752 1074 3807 Unde
1124 3748 1214 3805 illa
1264 3750 1424 3820 panis
1480 3747 1713 3802 fraetio?
1766 3742 1874 3810 dic,
1925 3747 2084 3801 sodes

502 3848 724 3903 Marcio.
752 3845 892 3899 Num
939 3844 1008 3898 ab
1056 3842 1202 3896 inani
1235 3842 1413 3911 aliqua
1445 3839 1650 3906 forma;
1686 3853 1756 3891 an
1789 3854 1818 3891 a
1855 3852 2085 3908 corpore

505 3939 646 3993 mole
675 3937 854 4003 aliqua
891 3940 1198 3996 constante,
1227 3946 1292 3985 ac
1324 3944 1513 3986 revera
1545 3928 1692 3984 istud
1737 3936 1933 3998 agente
1962 3940 2087 3996 pro-

504 4032 646 4087 fecta
679 4028 801 4084 est?
826 4027 961 4081 Cum
988 4026 1132 4081 enim
1167 4031 1474 4093 resurgeret
1502 4036 1533 4076 a
1567 4022 1820 4085 mortuis,
1843 4034 1969 4073 cum
2002 4034 2089 4074 eo-

505 4123 628 4177 dem
681 4121 771 4175 illo
815 4116 1164 4174 sanctissimo
1204 4128 1432 4183 corpore
1480 4112 1659 4181 reipsa
1715 4108 1974 4164 surrexit.
2007 4105 2089 4160 Tu

507 4227 635 4268 vero
669 4228 766 4283 pro
792 4210 876 4264 bis
898 4208 1080 4263 verbis
1109 4224 1121 4260 :
1156 4204 1347 4259 Nonne
1375 4204 1484 4258 haec
1506 4210 1628 4257 sunt
1648 4218 1767 4272 quia
1786 4198 1949 4255 loculi
1969 4206 2092 4254 sunt

506 4304 807 4373 propheta'?
850 4299 1173 4355 Rescribere
1224 4312 1393 4351 ausus
1434 4310 1494 4351 es
1528 4313 1541 4349 :
1577 4290 1767 4348 Nonne
1814 4291 1926 4346 [nec
1969 4298 2091 4345 sunt

508 4410 624 4464 qua:
655 4394 861 4447 locutus
895 4407 1010 4444 sum
1036 4389 1216 4444 vobis?
1246 4386 1410 4457 Atqui
1448 4385 1494 4442 si
1541 4385 1643 4440 hoc
1680 4384 1788 4438 illis
1815 4382 2046 4437 dixisset
2075 4399 2089 4434 :

2180 3199 2276 3252 ml
2304 3197 2554 3267 βραδεῖς
2589 3196 2698 3250 τοῦ
2744 3195 3051 3247 πιστεύειν
3097 3190 3285 3246 πᾶσιν
3322 3185 3419 3257 οἷς
3456 3189 3731 3256 ἐλάλησαν

2179 3295 2231 3347 οἱ
2264 3288 2604 3361 προφῆταιν
2643 3287 2779 3357 οὐχὶ
2827 3283 3013 3339 ταῦτα
3057 3283 3177 3339 ἔδει
3219 3282 3466 3345 παθεῖν;
3500 3282 3587 3333 καὶ
3630 3277 3729 3332 ἀντὶ

2181 3384 2296 3446 τοῦ,
2326 3381 2420 3451 ἐφ’
2465 3376 2556 3447 οἷς
2576 3376 2894 3447 ἐλάλησαν
2925 3376 2977 3431 οἱ
3012 3373 3334 3444 προφῆται,
3367 3374 3632 3442 ἐποίησεν,
3660 3366 3729 3435 ἐφ’

2182 3468 2271 3540 οἷς
2301 3469 2582 3539 ἐλάλησα
2634 3469 2797 3540 ὑμῖν.
2835 3468 3149 3537 Ἐλέγχεται
3179 3465 3255 3525 δὲ,
3285 3466 3390 3528 ὅτι,
3421 3466 3507 3518 ὅτε
3543 3463 3727 3517 tum

2181 3567 2289 3619 τὸν
2313 3563 2516 3632 ἄρτον,
2560 3562 2943 3631 ἠνοίχθησαν
2984 3558 3184 3613 αὐτῶν
3226 3560 3280 3610 οὶ
3324 3549 3728 3626 ὀφθαπμοὶ,κσὶ

2183 3657 2538 3727 ἐπέγνωσαν
2566 3656 2772 3710 αὐτόν.

2260 3749 2479 3818 Ἕλεγχ.
2512 3746 2604 3811 oC'.
2664 3745 2834 3798 Πόθεν
2878 3744 2913 3815 ἡ
2957 3741 3147 3806 κλάσις
3185 3740 3279 3795 τοῦ
3310 3740 3479 3810 ἄρτου
3520 3738 3730 3806 ἐγένετος

2186 3836 2334 3909 λέγε,
2364 3827 2410 3892 ὦ
2466 3834 2752 3909 Μαρκίων.
2799 3828 2933 3889 ‘Ant
2975 3833 3276 3905 φαντασίας
3309 3832 3343 3904 ἢ
3376 3826 3488 3885 ἀπὸ
3518 3827 3729 3897 σώματος

2188 3929 2539 4003 ἐνεργοῦντος
2568 3925 2809 4002 όγκηροῦ
2855 3925 3001 3981 κατὰ
3042 3924 3331 3997 ἀλήθειαν;
3381 3918 3629 3979 ’Δναστὰς
3647 3913 3731 3982 γὰρ

2190 4024 2254 4076 ὲκ
2279 4022 2385 4075 τῶν
2418 4021 2650 4092 νεκρῶν,
2684 4023 2741 4073 ὲν
2772 4017 2920 4089 αὐτῷ
2949 4017 3027 4089 τῷ
3064 4014 3203 4087 ἁγίῳ
3231 4012 3447 4085 σώματι
3486 4005 3665 4074 ἀνέστη
3687 4005 3729 4053 ἐν

2192 4115 2438 4186 ἀληθείᾳ.
2491 4112 2779 4183 Ἐποίησας
2830 4104 2908 4175 δὲ,
2969 4103 3015 4163 ὦ
3054 4102 3345 4182 Μαρκίων,
3395 4106 3518 4161 ἀντὶ
3559 4101 3641 4156 τοῦ
3668 4098 3730 4150 Οὐ

2190 4205 2377 4262 ταῦτά
2407 4205 2579 4259 ἐστιν
2599 4202 2638 4258 ἃ
2664 4203 2982 4272 ἐλάλησαν
3010 4204 3067 4256 οἱ
3095 4194 3395 4269 προφῆται
3419 4211 3438 4262 ;
3480 4194 3558 4250 οὐ
3584 4186 3731 4247 ταῦτὰ

2191 4299 2362 4351 ἐστιν
2390 4293 2429 4348 ἁ
2458 4293 2736 4361 ἐλάλησα
2761 4291 2926 4363 ὑμῖν;
2957 4293 3021 4345 Et
3058 4286 3115 4344 δὲ
3145 4285 3294 4343 εἶπεν
3330 4289 3515 4350 αὐτοῖς
3534 4304 3547 4315 ·
3592 4274 3729 4336 Ἐλά-

2192 4394 2358 4457 λησα
2413 4387 2578 4457 ὑμῖν,
2620 4387 2795 4457 πάντη
2856 4386 3151 4453 ἐγίνωσκον
3199 4378 3365 4435 αὑτὸν
3412 4381 3478 4434 ἂν
3508 4375 3608 4431 ἀπὸ
3659 4366 3731 4423 τοῦ

511 4485 740 4542 Locutus
775 4499 893 4537 sum
923 4481 1088 4544 vobis,
1124 4495 1190 4534 ex
1220 4479 1288 4533 iis
1322 4479 1509 4547 utique
1542 4476 1724 4532 verbis
1774 4475 1954 4543 ipsum
2001 4485 2075 4527 co-

2195 4481 2354 4550 λόγου
2381 4478 2474 4534 τοῦ
2495 4480 2777 4548 ἐλάλησα
2807 4477 2969 4548 ὑμῖν.
3005 4476 3132 4540 Πῶς
3163 4469 3255 4529 οὖν
3279 4474 3339 4526 ὲν
3362 4475 3429 4543 τῇ
3466 4470 3639 4524 κλάσει
3659 4458 3731 4514 τοῦ

508 4592 773 4648 gnoscere
815 4575 1135 4630 debuerant.
1167 4573 1275 4626 Cur
1322 4571 1488 4641 igitur
1521 4570 1575 4623 in
1622 4566 1922 4637 frangendo
1959 4580 2075 4634 pane

2195 4572 2363 4644 ἄρτου
2428 4571 2611 4640 λέγει’
2666 4569 3064 4639 Ἠνοίχθησαν
3121 4564 3321 4621 αὐτῶν
3366 4566 3419 4617 οὶ
3457 4551 3729 4648 ὀφθαλμοὶ.

512 4669 755 4737 sulijicit,
790 4666 971 4734 Aperti
1017 4672 1138 4718 sunt
1183 4662 1399 4716 illorum
1452 4659 1612 4725 oculi,
1658 4666 1706 4712 et
1749 4666 2097 4728 cognoverunt

511 4779 629 4816 eum
646 4764 676 4814 ’:
700 4769 749 4814 et
780 4757 1035 4812 evanuit?
1058 4756 1132 4809 Ita
1161 4753 1364 4823 quippe
1389 4752 1555 4807 Deum
1581 4751 1828 4814 decebat,
1860 4748 1952 4818 qui
1978 4762 2101 4801 cor-

513 4871 614 4925 pus
644 4869 802 4909 suum
852 4851 907 4903 in
956 4848 1200 4919 spiritale
1233 4845 1619 4907 convertisset,
1651 4857 1838 4898 verum
1874 4839 2096 4911 quidem

514 4947 647 5002 illud
677 4942 991 5015 ostendere,
1026 4939 1118 4994 sed
1153 4938 1368 5009 quoties
1396 4945 1577 5015 tamen
1609 4932 1861 4990 libuisset
1893 4939 2097 4986 morta-

514 5040 646 5093 lium
664 5013 842 5091 oculis
865 5031 1192 5089 subtrahere
1217 5043 1231 5082 :
1254 5028 1475 5099 quando
1505 5013 1639 5082 nihil
1664 5035 1749 5082 est
1776 5024 1919 5096 quod
1952 5023 2097 5077 illius

516 5132 835 5199 potestatem
887 5122 1132 5193 eﬂ‘ugiat.
1161 5118 1297 5174 Nam
1337 5119 1393 5174 ét
1413 5118 1646 5173 Elisaeus
1668 5117 1933 5189 propheta
1974 5128 2097 5168 eum

2195 4661 2294 4717 καὶ
2346 4660 2701 4733 ἐπέγνωσαν
2753 4659 2973 4713 αὐτόν’
3038 4656 3137 4710 καὶ
3188 4655 3449 4724 ἄφαντος
3501 4644 3731 4733 ἐγένετο

2199 4757 2448 4827 Ἔπρεπε
2464 4727 2579 4823 γὰρ
2604 4747 2753 4821 αὐτῷ
2775 4748 2894 4819 Θεῷ
2918 4748 3052 4809 ὄντι,
3080 4744 3173 4801 καὶ
3197 4744 3573 4817 μεταϐάλλοντι
3598 4727 3731 4827 αύτοῦ

2194 4846 2256 4899 τὸ
2292 4824 2451 4916 σῶμα
2470 4846 2549 4907 είς
2587 4841 2982 4913 πνευματικὸν,
3025 4837 3293 4892 δεικνύναι
3334 4834 3432 4906 μὲν
3460 4830 3582 4887 αὐτὸ
3605 4824 3733 4892 σῶμα

2194 4937 2469 5009 ἀληθινὸν,
2521 4930 2896 5007 ἀφαντοῦσθαι
2944 4930 3001 4985 δὲ
3042 4933 3130 4984 ότε
3167 4924 3444 4983 ἐϐούλετοο
3482 4925 3559 4978 ὅτι
3590 4918 3732 4973 πάντα

2154 5054 2167 5063 ·
2194 5006 2342 5100 αὑτῷ
2372 5027 2595 5081 δυνατά.
2627 5026 2737 5081 Καὶ
2755 5025 2863 5096 γὰρ
2904 5023 2998 5076 καὶ
3038 5019 3335 5082 Ἐλισσαῖος
3362 5016 3630 5088 προφήτης
3650 5006 3729 5100 ὢν.

2197 5121 2294 5173 καὶ
2316 5097 2381 5173 ἐκ
2403 5118 2538 5171 Θεοῦ
2560 5116 2740 5171 λαϐὼν
2768 5115 2866 5186 τὴν
2906 5114 3087 5185 χάριν,
3118 5110 3286 5183 ᾔτησε
3314 5106 3461 5180 παρὰ
3484 5101 3607 5158 Θεοῦ
3634 5097 3731 5156 τοὺς

515 5228 681 5284 es‘set,
705 5227 759 5275 et
789 5233 818 5272 a
847 5215 957 5271 Deo
987 5192 1251 5269 beneﬂcio
1276 5209 1545 5280 ejusmodi
1575 5215 1722 5264 esset
1747 5205 1994 5267 aﬂ‘eetus,
2033 5204 2075 5257 al

2199 5211 2358 5266 αὐτὸν
2427 5209 2726 5281 ζητοῦντας
2784 5204 3121 5275 παταχθῆναι
3172 5199 3439 5273 ἀορασίᾳ’
3498 5195 3586 5249 καὶ
3624 5192 3731 5284 ἔξω

474 5320 479 5326 ’
516 5316 705 5370 eodem
731 5308 1044 5381 postulavit,
1072 5315 1133 5360 ut
1161 5304 1253 5373 qui
1279 5317 1339 5358 se
1363 5307 1690 5372 quaererent,
1722 5298 1849 5353 caeci
1881 5303 2102 5365 repente

522 5405 712 5459 tierent
739 5421 752 5455 :
787 5401 932 5471 quod
964 5399 1037 5453 ita
1060 5404 1271 5469 gestum
1299 5401 1404 5456 est,
1432 5402 1493 5447 ut
1519 5407 1645 5447 eum
1674 5391 1753 5444 illi
1788 5386 2093 5456 cuiusmodi

520 5502 637 5546 erat
668 5491 855 5545 videre
885 5505 994 5544 non
1040 5494 1264 5557 possent
1280 5485 1322 5539 ⁸.
1364 5483 1675 5550 Quinetiam
1711 5480 1967 5536 Sodomis
2000 5493 2097 5532 an-

435 5624 443 5631 .
521 5582 624 5651 geli
660 5581 779 5634 Loti
807 5582 1006 5634 ostium
1037 5578 1344 5633 subducere
1388 5575 1564 5629 oculis
1605 5578 1922 5642 potuerunt,
1962 5568 2098 5622 adeo

523 5685 582 5727 ut
611 5670 813 5727 intueri
842 5670 974 5723 illud
1006 5667 1300 5723 Sodomita:
1325 5664 1732 5735 nequiverim".
1768 5659 2095 5715 Utrumnam

596 5787 770 5842 'Luc.
806 5799 961 5844 mu,
1012 5781 1103 5834 56.
1193 5786 1213 5815 ²
1252 5784 1431 5838 Eccle.
1475 5798 1513 5848 I,
1559 5782 1637 5835 l5.

524 5854 549 5890 ⁷
584 5856 718 5916 Gen.
754 5872 866 5925 nx,
899 5854 958 5908 Η
985 5862 1112 5918 sqq.

1718 5778 1891 5833 'Luc.
1930 5794 2074 5843 xxiv,
2110 5780 2163 5834 5.

2204 5300 2503 5372 τάχθησαν,
2547 5298 2639 5352 καὶ
2671 5297 2771 5350 οὐκ
2802 5295 3029 5348 ἔϐλεπον
3059 5292 3220 5345 αὑτὸν
3247 5289 3480 5344 τοιοῦτον
3506 5284 3621 5359 ὄντα
3644 5269 3729 5335 οἷς

2192 5368 2485 5461 ἧνίἊλλὰ
2522 5388 2618 5441 καὶ
2653 5387 2711 5440 ὲν
2753 5384 3011 5454 Σοδόμοις
3052 5383 3152 5451 τὴν
3186 5379 3357 5451 θύραν
3382 5375 3471 5430 τοῦ
3506 5368 3726 5461 Mota?

2197 5455 2443 5553 έκρυψαν
2477 5480 2527 5533 oi
2557 5477 2800 5547 ἄγγελοι,
2828 5475 2923 5528 xui.
2961 5474 3061 5527 οὐκ
3097 5471 3321 5525 ἔϐλεπον
3351 5465 3512 5553 αὐτὴν
3536 5462 3582 5553 gl

2203 5543 2375 5641 μίταί.
2403 5568 2498 5639 Μὴ
2532 5543 2627 5620 καί.
2645 5543 2708 5638 ’ἡ
2733 5564 2873 5635 θύρα
2896 5562 2990 5616 τοῦ
3021 5561 3143 5615 Λὼτ
3174 5560 3392 5628 δόκησις
3422 5550 3506 5626 ἦν,
3530 5543 3725 5641 ὧΑΜεξρ·

2201 5633 2375 5726 κίων;
2415 5633 2516 5730 οὐχ
2571 5633 2922 5710 ὑπολείπεται
2971 5654 3028 5707 δέ
3077 5668 3160 5706 σοι
3198 5647 3472 5716 ἀντιλογία
3517 5633 3720 5706 οὐδεμία·

2242 5779 2424 5837 ‘ibid.
2464 5778 2527 5832 15
2554 5792 2675 5847 sqq.
2754 5776 2775 5807 ι
2810 5773 2941 5829 ibid.
2971 5772 3061 5827 δι.
3137 5766 3251 5822 σιν
3284 5765 3507 5835 Beg.v1,
3544 5753 3721 5813 135ml-
