3934 6420
211 452 322 510 773

764 431 771 435 ’
850 445 1221 504 ADvsnsus
1258 443 1600 501 umnssss
1638 444 1764 498 LIB.
1804 443 1846 501 ι.
1887 444 2049 501 TOM.
2087 443 2249 500 lll.—
2286 441 2561 498 HERES.
2604 440 2765 497 xm.

3377 439 3483 496 ’ἔτι

214 566 457 622 Ἐκλασε
473 564 680 639 γὰρτὺν
701 564 861 638 άρτον
890 564 1099 635 σαφῶς,
1126 563 1219 618 καὶ
1254 562 1474 618 διέδωκε
1502 563 1615 625 τοῖς
1635 559 1798 615 αὑτοῦ

1910 560 2069 632 igitur
2099 559 2219 614 Loti
2252 558 2419 629 ianua
2449 570 2589 612 vana
2621 554 2869 625 quaedam
2911 553 3123 624 species
3148 551 3271 617 fuit,
3301 552 3492 607 oMar-

216 658 513 731 μαθηταῖς.

287 916 444 987 Σχόλ.
474 924 574 988 οην.
616 918 675 972 Τί
697 912 1117 986 τεταραγμένοι
1148 914 1322 981 dare;
1345 914 1523 970 Ἴδετε
1544 914 1651 982 τὰς
1679 915 1800 985 χεῖ-

207 1006 458 1077 ρὰςμου
496 1008 595 1063 καί
652 1008 794 1075 τοὺς
850 1008 1042 1076 πόδας
1065 1024 1212 1078 μου’
1255 1008 1345 1062 ὅτι
1384 1006 1620 1077 πνεῦμα
1646 1007 1800 1063 ὀστᾶ

214 1095 328 1148 οὐκ
354 1094 502 1164 ἔχει,
529 1095 724 1162 καθὼς
748 1096 853 1166 ἐμὲ
877 1096 1144 1166 θεωρεῖτε
1166 1096 1404 1165 ἔχοντα.
1550 1148 1553 1151 η

290 1188 513 1258 Ἐλεγχ.
558 1195 658 1260 οη’.
685 1189 782 1252 Τίς
811 1190 911 1243 οὐκ
960 1189 1028 1243 ἂν
1075 1189 1422 1261 καταγελάσῃ
1464 1190 1561 1244 τοῦ
1607 1188 1795 1261 λήρου,

212 1283 274 1335 ἐν
304 1280 591 1354 ἀφροσύνῃ
613 1282 806 1335 ἑαυτὸν
840 1283 935 1337 καὶ
960 1283 1162 1353 ἑτέρων
1192 1281 1370 1351 ψυχὰς
1409 1281 1827 1344 κατασπῶντος,

213 1375 294 1437 είς
338 1372 502 1443 ᾇδηνς
567 1368 630 1425 Εἰ
684 1374 779 1443 μὲν
827 1374 933 1444 γὰρ
970 1375 1069 1444 οὐχ
1112 1373 1428 1444 ὡμολόγητο
1459 1376 1589 1447 παρ’
1631 1371 1796 1427 αὑτοῦ

213 1468 247 1535 ἡ
279 1464 476 1535 πλάνη,
507 1462 600 1518 καὶ
642 1462 969 1535 συγγνώμην
1015 1461 1158 1535 εἶχον
1187 1466 1236 1517 οἱ
1269 1465 1360 1517 ὑπ’
1390 1465 1554 1519 αὐτοῦ
1586 1466 1798 1536 ἠπατη-

218 1556 369 1627 μένοι
390 1569 405 1584 ο
460 1555 555 1609 νῦν
594 1555 650 1609 δὲ
710 1555 897 1627 ἐπειδὴ
944 1557 1151 1619 ἐκεῖνος
1202 1555 1544 1627 ὡμολόγησε,
1595 1555 1690 1610 καὶ
1735 1556 1794 1610 οὐ

215 1647 447 1720 περιῆρε
481 1647 550 1701 τὰ
579 1646 717 1718 ρητά
746 1647 937 1714 ταῦτα,
970 1647 1403 1717 ἀναγινώσκουσι
1444 1649 1501 1702 δὲ
1544 1649 1681 1703 αὐτὰ
1702 1649 1797 1702 καὶ

211 1741 261 1794 oi
295 1738 484 1805 αὐτοῦ,
514 1741 547 1811 ἡ
574 1740 817 1812 άμαρτία
840 1739 1003 1794 αὐτοῦ
1043 1740 1137 1794 καὶ
1163 1741 1272 1795 τῶν
1300 1741 1479 1796 αὐτῶν
1505 1742 1676 1812 μένει,
1703 1741 1798 1795 καὶ

212 1832 589 1903 ἀπαραίτητον
621 1832 681 1885 τὸ
710 1831 874 1885 αὐτοῦ
926 1832 1021 1886 καὶ
1051 1833 1114 1885 τὸ
1143 1832 1323 1886 αὐτῶν
1355 1832 1489 1905 πῦρ,
1526 1833 1798 1887 άναπαλο-

212 1927 403 1996 γήτοις
449 1920 568 1978 οὖσι
590 1941 605 1955 ⁸
656 1923 842 1994 σαφῶς
882 1923 976 1977 τοῦ
1007 1924 1261 1996 Σωτῆρος
1297 1903 1628 1991 διδάξαντος,
1654 1923 1793 1994 μετὰ
1828 1903 1871 1958 Β

211 2019 509 2073 ἀνάστασιν
545 2016 679 2070 ὀστᾶ
709 2017 802 2070 καὶ
832 2015 1011 2087 σάρκα
1037 2016 1151 2087 ἔχει
1181 2017 1221 2080 ⁸,
1249 2017 1324 2080 ῶς
1351 2016 1512 2080 αὐτὸς
1541 2015 1790 2105 ἐμαρτύ-

209 2126 349 2182 ρησε
408 2108 581 2178 λέγων
599 2125 612 2139 ·
664 2109 757 2175 Ὦς
785 2108 892 2180 ἐμὲ
915 2107 1089 2178 ὁρᾶτε
1116 2107 1356 2178 ἔχοντα.

283 2368 433 2441 Αὕτη
483 2369 630 2423 ἐστὶν
654 2372 710 2442 ιή
761 2370 882 2423 κατ’
918 2367 1083 2422 αὑτοῦ
1115 2368 1222 2423 ἀπὸ
1252 2368 1358 2423 τῶν
1383 2368 1650 2439 λειψάνων
1687 2367 1793 2422 τῶν

213 2459 346 2530 παρ’
375 2456 523 2529 αὐτῷ
569 2456 889 2529 σωζομένων
927 2458 992 2511 ὲκ
1033 2457 1126 2511 τοῦ
1163 2456 1496 2526 Εὐαγγελίου
1538 2457 1794 2522 ὑπόθεσις

211 2550 316 2618 τῆς
345 2547 501 2621 ἡμῶν
525 2549 902 2619 πεποιημένης
925 2548 990 2600 δι’
1008 2547 1170 2602 αὐτὸν
1201 2548 1601 2619 πραγματείας,
1626 2547 1702 2611 ῶς
1730 2563 1794 2616 γε

210 2639 416 2712 νομίζω
446 2638 644 2703 ἱκανῶς
677 2639 820 2709 ἔχειν
852 2639 987 2710 πρὸς
1027 2638 1297 2693 ἀντίθεσιν
1338 2640 1435 2711 τῆς
1461 2639 1625 2693 αὑτοῦ
1655 2640 1798 2693 ἀπά-

210 2751 332 2805 της.
376 2733 699 2805 Ἐλεύσομαι
736 2732 792 2787 δὲ
816 2734 911 2787 καὶ
937 2734 1017 2796 είς
1049 2736 1116 2788 τὰ
1138 2733 1264 2804 ἑξῆς
1285 2732 1391 2787 τῶν
1424 2732 1796 2787 άποστολικῶν

212 2827 396 2900 ῥητῶν
443 2828 574 2898 παρ’
621 2824 771 2897 αὑτῷ
809 2825 891 2879 ἔτι
935 2825 1361 2897 σωμαξομένων,
1399 2825 1493 2879 καὶ
1524 2826 1589 2878 δι’
1639 2823 1795 2896 ἡμῶν

214 2920 379 2974 πάλιν
432 2918 607 2982 οὕτως
645 2917 1108 2988 ἀναλελεγμένων.
1167 2918 1254 2971 Ἐν
1292 2916 1528 2988 πρώτοις
1565 2917 1622 2971 δὲ
1664 2919 1796 2987 ἡμῖν

211 3015 311 3066 καὶ
356 3010 481 3067 καθ’
526 3010 718 3081 εἱρμὸν
765 3010 829 3081 δὴ
873 3009 996 3063 ὅλου
1029 3006 1201 3071 οὕτως
1241 3006 1655 3079 προταχθέντων
1687 3007 1797 3061 άπὸ

211 3103 316 3173 τῆς
344 3103 481 3175 πρὸς
526 3101 772 3166 Γαλάτας
818 3100 1126 3171 ἐπιστολῆς.
1164 3099 1310 3172 Αὕτη
1340 3100 1449 3171 γὰρ
1491 3100 1623 3171 παρ’
1646 3098 1797 3171 αὐτῷ

213 3196 407 3268 πρώτη
436 3197 633 3249 κεῖται.
675 3195 867 3266 Ἡμεῖς
887 3193 945 3247 δὲ
967 3192 1063 3263 τὴν
1097 3193 1363 3263 άναλογὴν
1383 3193 1502 3246 τότε
1537 3193 1798 3264 ἐποιησά-

214 3285 381 3356 μεθα,
406 3286 504 3356 οὐχ
541 3285 616 3349 ῶς
662 3285 792 3356 παρ’
820 3283 988 3354 αὐτῷ,
1023 3284 1136 3337 ἀλλ’
1176 3283 1252 3347 ῶς
1279 3282 1393 3354 ἔχει
1425 3284 1486 3337 τὸ
1514 3284 1795 3338 ἀποστολιο

212 3377 312 3431 κὺν
350 3377 538 3448 ῥητὸν,
572 3376 672 3447 τὴν
720 3375 855 3447 πρὸς
888 3376 1194 3447 Ῥωμαίους
1236 3375 1496 3443 τάξαντες
1539 3375 1797 3448 πρώτηνο

212 3461 319 3520 ὧδε
350 3467 406 3520 δὲ
446 3465 588 3520 κατὰ
610 3466 701 3521 τὸν
738 3466 904 3521 αὐτοῦ
938 3466 1261 3538 χαρακτῆρα
1284 3507 1299 3533 ,
1349 3466 1522 3532 οὕτως
1567 3486 1801 3541 παρατι-

214 3558 440 3631 θέμεθα.

334 3851 469 3906 Ἀπὸ
501 3848 613 3920 τῆς
642 3848 792 3920 πρὸς
814 3847 956 3917 τοὺς
988 3849 1268 3916 Γαλάτας
1303 3851 1688 3922 Ἐπιστολῆς.

289 3963 443 4035 Σχόλ.
474 3970 542 4017 α’.
576 3961 828 4026 Μάθετε,
860 3961 949 4016 ὅτι
975 3964 1009 4016 ό
1048 3961 1277 4028 δίκαιος
1307 3963 1376 4017 ἐκ
1419 3965 1678 4030 πίστεως
1705 3962 1797 4030 ζῆ-

211 4070 408 4109 σετειι.
443 4053 616 4106 Ὅσοι
648 4050 760 4121 γὰρ
797 4051 917 4105 ὑπὸ
941 4053 1148 4121 νόμον,
1179 4052 1300 4105 ὑπὸ
1325 4052 1591 4123 κατάραν
1614 4055 1792 4109 εἰσίν.

224 4145 284 4197 Ὁ
304 4142 371 4196 δὲ
386 4141 648 4210 ποιήσας
669 4140 824 4195 αὐτὰ
845 4139 1084 4209 ζήσεται
1110 4139 1181 4194 ἐν
1209 4140 1433 4206 αὐτοῖς.

292 4235 513 4306 Ἐλεγχ.
537 4241 607 4289 α’.
638 4235 681 4287 Τ
684 4233 732 4295 δ,
757 4232 1007 4299 Μάθετε,
1032 4232 1122 4286 ὅτι
1145 4235 1178 4287 ό
1199 4232 1429 4299 δίκαιος
1447 4233 1515 4287 ἐκ
1539 4234 1798 4301 πίστεως
1829 4289 1835 4295 ,

209 4329 479 4398 ζήσεται,
508 4327 648 4381 κατὰ
663 4326 729 4379 τὰ
762 4326 866 4379 ὑπὸ
889 4324 983 4379 τοῦ
1018 4323 1341 4378 Ἀποστόλου
1364 4324 1631 4396 εἰρημένα
1656 4326 1798 4397 Γρα-

212 4423 326 4492 φῆς
375 4422 491 4475 ὲστι
548 4420 790 4483 Παλαιᾶς
839 4417 1083 4472 δεκτικά.
1120 4417 1308 4472 ’Ἁτινά
1354 4419 1470 4471 ἐστι
1519 4417 1670 4488 παρὰ
1703 4415 1797 4470 τοῦ

227 4511 554 4566 Ἀποστόλου
602 4512 684 4574 είς
716 4510 990 4581 ἡμετέραν
1031 4508 1175 4579 ζωὴν
1214 4509 1321 4563 ἀπὸ
1364 4508 1460 4562 τοῦ
1499 4508 1665 4581 νόμου
1704 4508 1800 4562 καὶ

213 4606 329 4659 τῶν
361 4602 656 4677 προφητῶν
680 4574 948 4676 εἰρημένα
976 4603 1105 4673 περὶ
1132 4574 1343 4673 Καινῆς
1382 4574 1677 4672 Διαθήκης,
1702 4599 1798 4654 καὶ
1829 4574 1876 4632 D

216 4698 437 4769 σύζυγα
463 4697 593 4752 ὅντα
620 4699 721 4767 τῆς
753 4695 912 4767 ήμῶν
950 4693 1187 4759 ἐλπίδος.
1220 4693 1331 4747 Καὶ
1355 4692 1436 4757 τὸ,
1465 4691 1586 4748 ὑπὸ
1619 4690 1799 4748 κατά-

206 4807 338 4863 ραν
385 4789 525 4853 εἰσί,
568 4789 753 4861 φησὶν,
792 4789 877 4842 ὅτι
912 4787 972 4840 ὲν
1014 4785 1092 4857 τῷ
1117 4786 1268 4857 νόμῳ
1295 4785 1491 4856 ἀπειλὴ
1530 4783 1802 4855 ἐτύγχανε

216 4884 368 4939 κατὰ
388 4883 488 4953 τῆς
511 4880 606 4936 τοῦ
646 4881 816 4952 Ἀδὰμ
832 4881 1134 4955 παρακοῆς,
1168 4879 1274 4943 ἕως
1300 4880 1387 4933 ὅτε
1414 4875 1576 4950 ἦλθεν
1597 4880 1626 4932 ὁ
1658 4877 1801 4932 ἄνω-

213 4975 315 5027 θεν
354 4971 543 5035 ἐλθὼν,
594 4969 691 5024 καὶ
735 4969 924 5023 ἑαυτὸν
981 4968 1089 5022 ὰπὸ
1121 4966 1217 5021 τοῦ
1269 4967 1440 5038 Ἀδὰμ
1483 4967 1803 5037 φυράματος

210 5062 384 5135 σῶμα
433 5063 738 5134 ἀμφιάσας,
789 5058 1051 5131 μετέϐαλε
1094 5058 1194 5130 τὴν
1228 5058 1473 5129 κατάραν
1533 5058 1614 5120 είς
1652 5056 1802 5111 εὐλο-

208 5156 367 5225 γίαν.

291 5245 448 5317 Σχόλ.
480 5244 543 5315 β’.
591 5239 1048 5308 Ἐπικατάρατος
1079 5238 1200 5307 πᾶς
1232 5242 1265 5293 ό
1304 5237 1667 5308 κρεμάμενος
1699 5236 1798 5291 ἐπί

209 5341 435 5407 ξύλου.
473 5338 527 5391 Ὀ
572 5335 641 5389 δὲ
668 5336 738 5389 ἐκ
784 5332 898 5402 τῆς
926 5331 1288 5402 ἐπαγγελίας
1333 5330 1430 5384 διὰ
1470 5329 1582 5398 τῆς
1628 5330 1800 5383 ἐλευ-

210 5431 418 5501 θέρας.

296 5522 520 5592 Ἐλεγχ.
552 5518 615 5589 βπ.
652 5516 880 5580 Δεικνὺς
908 5514 1068 5570 πάλιν
1098 5516 1129 5568 ὁ
1158 5513 1310 5583 ἅγιος
1348 5513 1669 5577 Ἀπόστολος
1696 5513 1797 5585 τὴν

210 5613 535 5685 οἰκονομίαν
560 5610 663 5681 τῆς
690 5608 955 5679 ὲνσάρκου
981 5606 1283 5679 παρουσίας
1313 5606 1406 5659 καὶ
1437 5605 1531 5673 τοῦ
1566 5604 1799 5677 σταυροῦ

213 5708 319 5763 ἐπὶ
346 5708 412 5776 τῇ
435 5705 587 5759 λύσει
614 5702 714 5773 τῆς
738 5699 982 5768 κατάρας
1002 5699 1315 5771 γινομένην,
1344 5695 1517 5770 ταύτῃ
1544 5696 1601 5749 δὲ
1639 5714 1801 5767 προσ-

1901 649 2027 704 cio?
2053 648 2172 704 Non
2202 648 2361 703 video
2394 644 2524 716 quid
2558 653 2751 699 contra
2777 644 2892 698 haec
2924 643 3136 699 hiscere
3165 641 3366 713 possis.
3401 639 3488 695 Si-

1900 737 2121 809 quidem
2165 751 2361 807 panem
2411 732 2703 788 manifeste
2756 730 2939 802 fregit,
2970 739 3027 787 et
3076 731 3133 785 in
3183 729 3490 801 discipulos

1900 844 2034 885 suos
2063 827 2367 884 distribuit.
2524 818 2533 826 ”

1973 916 2159 972 Schol.
2179 917 2265 971 78.
2310 915 2451 982 Quid
2477 915 2675 969 turbati
2697 914 2867 969 estis?
2899 910 3083 966 Videte
3107 927 3297 965 manus
3321 927 3488 975 meas,

1897 1021 1947 1065 et
1976 1011 2129 1079 pedes
2168 1025 2327 1071 meos,
2355 1009 2481 1079 quia
2504 1008 2724 1077 spiritus
2749 1022 2872 1060 ossa
2896 1021 2999 1058 non
3022 1003 3198 1069 habet,
3238 1005 3373 1058 sicut
3410 1020 3491 1057 me

1900 1099 2083 1155 videtis
2121 1098 2370 1153 habere’.

1970 1191 2154 1248 Refut.
2184 1190 2271 1245 78.
2312 1189 2445 1257 Quis
2470 1187 2899 1260 nugacissimum
2926 1185 3073 1240 hunc
3097 1199 3207 1238 non
3239 1184 3486 1247 irrideat,

1899 1286 1992 1356 qui
2015 1283 2314 1339 stoliditate
2345 1296 2445 1338 sua
2468 1296 2591 1336 cum
2619 1278 2994 1347 semetipsum,
3024 1283 3137 1330 tum
3163 1284 3491 1331 cteterorum

1900 1377 2113 1432 animas
2143 1374 2211 1429 ad
2234 1372 2439 1430 inferos
2468 1369 2754 1427 detrudat?
2788 1368 2922 1422 Nam
2956 1368 3058 1423 nisi
3095 1367 3211 1422 haec
3245 1368 3493 1422 ille'con-

1903 1467 2145 1524 ﬁteretur
2162 1467 2368 1532 omnia,
2397 1465 2621 1520 haberet
2644 1463 2765 1532 ejus
2786 1476 2942 1516 error
2966 1460 3204 1514 colorem
3231 1461 3490 1530 aliquem,

1900 1574 1965 1615 ac
1991 1560 2146 1616 venia
2173 1558 2322 1629 digni
2352 1567 2633 1627 utcunque
2656 1553 2855 1616 lbi-ent,
2880 1552 2974 1622 qui
3000 1567 3061 1606 se
3092 1552 3162 1606 ab
3183 1553 3276 1607 illo
3308 1551 3491 1622 decipi

1899 1659 2238 1723 paterentur.
2271 1651 2429 1705 Nunc
2455 1664 2579 1704 cum
2611 1656 2665 1702 et
2692 1648 2798 1703 iste
2824 1647 2991 1702 verba
3027 1647 3116 1699 illa
3156 1662 3255 1716 pro
3286 1661 3495 1717 germa-

1901 1747 1989 1799 nis
2015 1744 2232 1808 habeat,
2264 1757 2366 1797 nec
2390 1757 2455 1821 ea
2482 1742 2768 1796 sustulerit
2797 1758 2810 1793 :
2847 1748 2903 1795 et
2947 1740 3015 1794 ab
3054 1738 3300 1809 ejusdem
3326 1737 3495 1793 disci-

1901 1836 2044 1906 pulis
2076 1836 2489 1904 legantur,cum
2516 1839 2875 1900 utrorumque
2904 1830 3188 1895 delictum,
3225 1837 3339 1883 tum
3364 1844 3493 1883 vero

1900 1927 2043 1999 ignis
2081 1926 2172 1981 ille
2199 1932 2403 1991 manet,
2432 1938 2594 1994 quem
2616 1922 2764 1976 nulla
2795 1920 3176 1993 tergiversatio
3211 1921 3388 1991 possit
3407 1919 3466 1975 ef
3479 1951 3491 1961 ι

1897 2018 2086 2089 fugere
2110 2032 2125 2069 :
2154 2024 2342 2087 utpote
2367 2016 2568 2086 quibus
2589 2014 2771 2070 omnis
2798 2014 3051 2084 adempta
3078 2013 3151 2068 sit
3174 2013 3484 2068 excusatio.

1895 2110 2031 2165 Nam
2064 2094 2141 2164 id
2166 2118 2356 2180 aperte
2400 2108 2654 2162 Salvator
2682 2106 2938 2171 edocuit;
2972 2114 3096 2176 post
3132 2105 3496 2160 resurrectio-

1899 2217 2021 2259 nem
2052 2202 2271 2257 ossibus
2301 2215 2360 2256 se
2389 2214 2454 2254 ac
2481 2214 2649 2255 carne
2679 2207 2959 2262 constare,
2991 2196 3137 2268 quod
3173 2196 3288 2250 haec
3319 2196 3496 2266 ipsius

1897 2295 2063 2353 verba
2086 2293 2470 2349 demonstrant
2503 2312 2516 2348 :
2548 2291 2698 2348 Sicut
2729 2308 2811 2345 me
2841 2291 3027 2345 videtis
3067 2289 3278 2344 habere.

1971 2387 2150 2456 Atque
2177 2385 2282 2440 hoc
2306 2384 2453 2440 illius
2475 2382 2658 2453 operis
2695 2388 3075 2453 argumentum
3091 2389 3195 2448 est,
3226 2379 3372 2451 quod
3407 2380 3495 2435 ad-

1897 2493 2094 2533 versus
2126 2477 2456 2531 Marcionem
2493 2475 2925 2538 elaboraveram,
2978 2473 3234 2543 quodque
3282 2488 3351 2528 ex
3388 2472 3496 2528 illis

1896 2567 2174 2639 Evangelii
2205 2566 2368 2638 350
2411 2564 2678 2635 reliquiis.
2722 2578 2861 2635 quas
2902 2564 3082 2619 adhuc
3125 2563 3344 2628 retinet,
3376 2578 3500 2618 car-

1898 2660 2032 2729 ptim
2062 2673 2122 2715 se
2154 2658 2413 2728 legeram.
2441 2656 2599 2723 Quod
2631 2656 2850 2727 quidem
2866 2655 2933 2710 ad
2968 2655 3320 2711 refutandum
3346 2656 3496 2710 illius

1897 2765 2141 2806 errorem
2157 2749 2404 2804 sufﬁcere
2416 2747 2857 2804 arbitror.Vcnio
2872 2762 3018 2802 nunc
3029 2746 3098 2803 ad
3113 2747 3354 2817 reliquas
3372 2763 3500 2817 apo-

1899 2842 2024 2898 stoli
2053 2840 2377 2903 sententias,
2405 2854 2544 2910 quas
2572 2839 2798 2909 perinde
2816 2837 3207 2894 adsciscendas
3238 2838 3449 2908 putavit
3478 2856 3492 2890 :

1897 2946 2000 3001 ego
2031 2939 2377 3000 verovestra
2405 2945 2572 2984 causa
2607 2929 2953 3000 potissimum
2981 2929 3252 2998 excerpsi,
3281 2929 3335 2983 in
3361 2928 3497 2983 iiscc

1898 3021 2270 3093 proponendis
2295 3022 2547 3076 eumdem
2583 3035 2693 3091 quo
2730 3020 2820 3076 ille
2847 3035 2980 3075 Usus
3009 3027 3113 3085 est,
3141 3020 3388 3074 ordinem
3415 3036 3497 3075 se-

1899 3113 2145 3184 riemque
2180 3113 2350 3177 tenui,
2389 3120 2448 3166 ut
2481 3112 2549 3167 ab
2574 3127 2639 3167 ea
2676 3127 2799 3181 quae
2830 3112 2895 3166 ad
2928 3110 3150 3167 Galatas
3182 3113 3386 3183 scripta
3411 3121 3496 3169 est

1900 3204 2114 3260 initium
2150 3203 2408 3259 facerem.
2443 3202 2597 3257 Hanc
2623 3203 2768 3256 enim
2802 3204 2978 3273 primo
3008 3202 3099 3257 ille
3144 3203 3265 3257 loco
3297 3219 3495 3273 prOpn-

1902 3296 2033 3352 suit.
2068 3293 2173 3349 Sed
2219 3310 2321 3351 nos
2369 3295 2498 3348 olim
2544 3301 2799 3364 excerpta
2842 3300 3029 3349 nostra
3065 3294 3146 3349 sic
3177 3294 3495 3350 instituera-

1899 3402 2044 3455 mus,
2081 3402 2187 3442 non
2238 3396 2298 3441 ut
2346 3387 2492 3441 illius
2534 3384 2780 3441 ordinem
2831 3402 3206 3457 sequeremur,
3238 3387 3335 3442 sed
3367 3405 3491 3443 eum

1901 3495 2062 3549 quem
2093 3479 2390 3549 apostolica
2420 3477 2624 3548 scripta
2649 3486 3064 3547 repraesentant,
3100 3479 3359 3534 nimirum
3386 3481 3495 3550 pri-

1902 3587 2048 3625 mum
2080 3578 2140 3624 ut
2171 3571 2350 3625 locum
2386 3584 2449 3624 ea
2478 3584 2602 3640 quae
2633 3571 2697 3623 ad
2729 3569 3008 3624 Romanos
3037 3570 3242 3640 scripta
3275 3578 3360 3626 est
3392 3571 3493 3626 ob-

1901 3662 2116 3716 tineret.
2147 3660 2305 3717 Nunc
2338 3668 2521 3716 autem
2552 3661 2737 3716 omnia
2769 3661 2833 3714 ad
2871 3661 3021 3716 illius
3051 3676 3154 3716 nos
3180 3659 3409 3715 formam
3438 3669 3495 3717 et

1898 3753 2209 3824 exemplum
2240 3753 2653 3807 accommodata
2681 3766 3069 3823 proponemus.

2323 3865 2407 3922 Ea:
2442 3865 2687 3936 Epistola
2715 3866 2784 3920 ad
2819 3865 3066 3923 Galatas.

1971 3978 2157 4034 Schol.
2195 3980 2242 4032 Ι.
2285 3977 2491 4033 Discite
2519 3980 2646 4049 quia
2682 3979 2869 4048 justus
2906 3995 2972 4034 ea:
3001 3979 3106 4048 [ide
3148 3982 3291 4036 vivet.
3325 3981 3495 4048 Quot-

1897 4077 2021 4141 quot
2056 4069 2195 4123 enim
2225 4068 2319 4122 sub
2353 4069 2463 4138 lege
2487 4077 2632 4131 sunt,
2660 4069 2755 4121 sub
2782 4068 3066 4123 maledicto
3093 4080 3255 4141 sunt;
3268 4071 3373 4137 Qui
3392 4088 3492 4125 au-

1901 4172 2001 4215 tem
2028 4162 2207 4229 fecerit
2234 4161 2362 4223 ista,
2395 4160 2529 4213 uiuet
2563 4161 2618 4213 in
2646 4161 2721 4213 eis
2740 4160 2782 4212 ⁸.
3206 4128 3255 4176 Ι

1969 4251 2156 4308 Refut.
2193 4253 2245 4307 1.
2288 4250 2415 4305 Ha'c
2444 4251 2563 4319 ipsa
2594 4252 2758 4307 verba
2784 4269 2797 4305 :
2838 4251 3039 4306 Discite
3072 4252 3199 4323 quia
3216 4250 3399 4319 justus
3427 4266 3494 4305 ea:

1900 4343 2004 4413 ﬁde
2030 4343 2176 4402 vivet,
2211 4343 2279 4397 ab
2304 4342 2565 4411 Apostolo
2593 4349 2852 4412 usurpata
2883 4340 3297 4396 Testamentum
3327 4340 3492 4399 Vetus

1900 4436 2278 4502 comprobant.
2311 4432 2439 4489 Haec
2465 4435 2611 4488 enim
2645 4434 2714 4490 ab
2750 4434 2840 4488 illo
2870 4442 3001 4489 sunt
3029 4450 3094 4488 ex
3124 4434 3242 4505 lege
3271 4448 3335 4489 ac
3364 4450 3491 4504 pro-

1903 4527 2083 4599 phetis
2120 4526 2185 4582 ad
2219 4528 2385 4597 vitam
2418 4526 2577 4583 nobis
2608 4526 3008 4581 conciliandam
3039 4525 3107 4581 de
3129 4527 3282 4580 Novo
3304 4523 3492 4581 Testa-

1902 4629 2085 4675 mento
2111 4619 2487 4690 pronuntiata,
2521 4629 2573 4674 et
2603 4619 2822 4690 quidem
2858 4633 2981 4673 cum
3014 4633 3110 4688 Spe
3143 4629 3332 4675 nostra
3366 4634 3494 4675 con-

1899 4720 2182 4769 sentanea.
2213 4712 2366 4779 Quod
2403 4722 2585 4766 autem
2632 4710 2729 4766 sub
2773 4712 3056 4766 maledicto
3096 4728 3208 4766 esse
3239 4711 3392 4777 dicit,
3425 4726 3492 4765 eo

1899 4804 2247 4860 referendum
2278 4812 2382 4868 est,
2409 4800 2561 4872 quod
2587 4803 2853 4858 adversus
2882 4803 3077 4857 Adami
3106 4803 3367 4858 delictum
3393 4802 3489 4857 Dei

1899 4893 2362 4947 comminationes
2396 4892 2449 4944 in
2488 4892 2606 4962 lege
2635 4891 3084 4954 continebantur,
3116 4892 3293 4946 donec
3323 4909 3355 4946 e
3381 4906 3492 4947 cm-

1901 4985 1953 5039 lo
1982 4985 2185 5039 missus
2235 4982 2522 5036 adveniret
2548 4981 2825 5045 Christus,
2857 4983 2952 5053 qui
2981 4997 3044 5037 ex
3080 4981 3274 5035 Adami
3306 4996 3489 5038 massa

1909 5074 2204 5128 formatum
2237 5074 2337 5128 sibi
2369 5088 2571 5143 corpus
2603 5074 2836 5129 induens
2865 5073 3214 5127 maledictum
3243 5073 3300 5126 in
3331 5072 3493 5128 bene-

1907 5166 2203 5221 dictionem
2234 5166 2526 5221 convertit.

1982 5254 2165 5311 Schol.
2199 5255 2256 5309 2.
2299 5252 2621 5308 Maledictus
2663 5254 2833 5306 omnis
2878 5253 2969 5322 qui
3001 5251 3184 5322 pendet
3224 5254 3281 5307 in
3323 5252 3487 5323 ligno.

1908 5344 2012 5411 Qui
2047 5353 2224 5397 autent
2256 5358 2321 5398 ea:
2345 5343 2748 5413 repromissione
2767 5351 2865 5406 est,
2890 5357 2955 5395 ea:
2977 5342 3143 5396 libera
3160 5343 3200 5399 ‘.

1975 5514 2159 5570 Refut.
2196 5514 2249 5568 2.
2292 5514 2427 5570 Cum
2460 5513 2566 5569 hoc
2594 5512 2717 5569 loco
2739 5527 2936 5569 rursus
2963 5513 3259 5584 Apostolus
3288 5513 3488 5587 signiti-

1906 5614 2011 5672 cet,
2047 5613 2317 5674 susceptaa
2346 5603 2532 5662 carnis
2578 5601 3107 5658 administrationem
3156 5618 3393 5670 omnem,
3423 5613 3488 5656 ac

1908 5711 2128 5753 crucem
2181 5697 2249 5752 ad
2299 5697 2596 5752 tollendum
2637 5694 2986 5750 maledictum
3022 5697 3379 5767 pertinuisse;
3408 5694 3487 5749 id-

300 5868 318 5899 ¹
344 5863 471 5924 For.
505 5863 668 5935 ἔχειν,
696 5862 782 5918 vel
810 5862 893 5917 ὅτι
926 5860 1058 5931 ἔχει.
1138 5860 1160 5891 ²
1189 5855 1322 5913 Luc.
1350 5869 1502 5923 mv,
1530 5853 1616 5910 39.
1696 5854 1717 5885 ³
1746 5853 1799 5908 δέ

1911 5895 1925 5910 .
1956 5869 2038 5923 m,
2067 5853 2136 5910 10
2166 5868 2289 5924 sqq.
2370 5851 2391 5885 ⁸
2417 5850 2551 5910 ibid.
2578 5851 2678 5919 M;
2713 5851 2870 5911 Deut.
2909 5869 3024 5921 xxi,
3057 5853 3147 5910 25.
