  <div class='ocr_page' id='page_1' title='image "/cluster/home/n/w/nwhite01/storage/ocr_20150623/41:no.1/coo.31924054869387/395.png"; bbox 0 0 3934 6472; ppageno 0'>
   <div class='ocr_carea' id='block_1_1' title="bbox 534 438 3723 546">
    <p class='ocr_par' dir='ltr' id='par_1_1' title="bbox 534 438 3723 546">
     <span class='ocr_line' id='line_1_1' title="bbox 534 438 3723 546; baseline -0.006 0"><span class='ocrx_word' id='word_1_1' title='bbox 534 438 639 546; x_wconf 75' lang='lat' dir='ltr'><strong>17s</strong></span> <span class='ocrx_word' id='word_1_2' title='bbox 1908 479 1966 534; x_wconf 89' lang='lat' dir='ltr'><strong>s.</strong></span> <span class='ocrx_word' id='word_1_3' title='bbox 2009 475 2355 533; x_wconf 78' lang='lat' dir='ltr'><strong>EI&#39;IPllANll</strong></span> <span class='ocrx_word' id='word_1_4' title='bbox 2734 479 2741 489; x_wconf 69' lang='grc'><em>’</em></span> <span class='ocrx_word' id='word_1_5' title='bbox 3646 487 3723 545; x_wconf 61' lang='grc' dir='ltr'>ηδ</span> 
     </span>
    </p>
   </div>
   <div class='ocr_carea' id='block_1_2' title="bbox 536 578 2089 675">
    <p class='ocr_par' dir='ltr' id='par_1_2' title="bbox 536 592 2089 675">
     <span class='ocr_line' id='line_1_2' title="bbox 536 592 2089 675; baseline -0.009 -17"><span class='ocrx_word' id='word_1_6' title='bbox 536 618 637 675; x_wconf 85' lang='lat' dir='ltr'><strong>que</strong></span> <span class='ocrx_word' id='word_1_7' title='bbox 673 601 852 671; x_wconf 88' lang='lat' dir='ltr'><strong>ipsum</strong></span> <span class='ocrx_word' id='word_1_8' title='bbox 881 609 932 654; x_wconf 90' lang='lat' dir='ltr'><strong>et</strong></span> <span class='ocrx_word' id='word_1_9' title='bbox 964 598 1017 651; x_wconf 91' lang='lat' dir='ltr'><strong>in</strong></span> <span class='ocrx_word' id='word_1_10' title='bbox 1055 597 1168 666; x_wconf 83' lang='lat' dir='ltr'><strong>lege</strong></span> <span class='ocrx_word' id='word_1_11' title='bbox 1214 604 1371 649; x_wconf 55' lang='lat' dir='ltr'><strong>antea</strong></span> <span class='ocrx_word' id='word_1_12' title='bbox 1403 592 1666 663; x_wconf 88' lang='lat' dir='ltr'><strong>scriptum</strong></span> <span class='ocrx_word' id='word_1_13' title='bbox 1692 607 1754 645; x_wconf 88' lang='lat' dir='ltr'><strong>ac</strong></span> <span class='ocrx_word' id='word_1_14' title='bbox 1790 592 2089 661; x_wconf 61' lang='lat' dir='ltr'><strong>prtedictun</strong></span> 
     </span>
    </p>
   </div>
   <div class='ocr_carea' id='block_1_3' title="bbox 2167 578 3720 675">
    <p class='ocr_par' dir='ltr' id='par_1_3' title="bbox 2167 578 3720 675">
     <span class='ocr_line' id='line_1_3' title="bbox 2167 578 3720 675; baseline 0.011 -32"><span class='ocrx_word' id='word_1_15' title='bbox 2167 599 2183 651; x_wconf 58' lang='grc' dir='ltr'>λ</span> <span class='ocrx_word' id='word_1_16' title='bbox 2214 590 2523 662; x_wconf 80' lang='grc' dir='ltr'>γέγραπται</span> <span class='ocrx_word' id='word_1_17' title='bbox 2552 592 2572 623; x_wconf 80' lang='grc'><strong><em>⁵</em></strong></span> <span class='ocrx_word' id='word_1_18' title='bbox 2604 592 2661 644; x_wconf 82' lang='grc' dir='ltr'>ἐν</span> <span class='ocrx_word' id='word_1_19' title='bbox 2692 588 2769 664; x_wconf 82' lang='grc' dir='ltr'>τῷ</span> <span class='ocrx_word' id='word_1_20' title='bbox 2799 593 2950 665; x_wconf 79' lang='grc' dir='ltr'>νόμῳ</span> <span class='ocrx_word' id='word_1_21' title='bbox 2974 595 3069 650; x_wconf 74' lang='grc' dir='ltr'>καὶ</span> <span class='ocrx_word' id='word_1_22' title='bbox 3102 598 3558 668; x_wconf 74' lang='grc' dir='ltr'>προπεφητεῦσθαι</span> <span class='ocrx_word' id='word_1_23' title='bbox 3581 578 3720 675; x_wconf 69' lang='grc' dir='ltr'>ἐσθμέ-</span> 
     </span>
    </p>
   </div>
   <div class='ocr_carea' id='block_1_4' title="bbox 536 680 2089 765">
    <p class='ocr_par' dir='ltr' id='par_1_4' title="bbox 536 684 2089 756">
     <span class='ocr_line' id='line_1_4' title="bbox 536 684 2089 756; baseline -0.008 -7"><span class='ocrx_word' id='word_1_24' title='bbox 536 692 737 755; x_wconf 77' lang='lat' dir='ltr'><strong>fuisse;</strong></span> <span class='ocrx_word' id='word_1_25' title='bbox 772 707 834 745; x_wconf 90' lang='lat' dir='ltr'><strong>ac</strong></span> <span class='ocrx_word' id='word_1_26' title='bbox 862 690 1080 743; x_wconf 87' lang='lat' dir='ltr'><strong>demum</strong></span> <span class='ocrx_word' id='word_1_27' title='bbox 1108 689 1163 744; x_wconf 90' lang='lat' dir='ltr'><strong>in</strong></span> <span class='ocrx_word' id='word_1_28' title='bbox 1190 685 1470 742; x_wconf 66' lang='lat' dir='ltr'><strong>Salvatorc</strong></span> <span class='ocrx_word' id='word_1_29' title='bbox 1501 684 1826 756; x_wconf 82' lang='lat' dir='ltr'><strong>perfectum,</strong></span> <span class='ocrx_word' id='word_1_30' title='bbox 1848 684 1993 739; x_wconf 82' lang='lat' dir='ltr'><strong>haud</strong></span> <span class='ocrx_word' id='word_1_31' title='bbox 2021 684 2089 738; x_wconf 87' lang='lat' dir='ltr'><strong>oh</strong></span> 
     </span>
    </p>
   </div>
   <div class='ocr_carea' id='block_1_5' title="bbox 2168 680 3721 765">
    <p class='ocr_par' dir='ltr' id='par_1_5' title="bbox 2218 680 3721 765">
     <span class='ocr_line' id='line_1_5' title="bbox 2218 680 3721 765; baseline 0.009 -29"><span class='ocrx_word' id='word_1_32' title='bbox 2218 701 2335 754; x_wconf 87' lang='grc' dir='ltr'>νην,</span> <span class='ocrx_word' id='word_1_33' title='bbox 2354 680 2471 737; x_wconf 80' lang='grc' dir='ltr'>εἶτα</span> <span class='ocrx_word' id='word_1_34' title='bbox 2494 684 2835 741; x_wconf 85' lang='grc' dir='ltr'>τελεσθεῖσαν</span> <span class='ocrx_word' id='word_1_35' title='bbox 2864 688 2956 740; x_wconf 72' lang='grc' dir='ltr'>ἐπὶ</span> <span class='ocrx_word' id='word_1_36' title='bbox 2978 688 3055 758; x_wconf 80' lang='grc' dir='ltr'>τῷ</span> <span class='ocrx_word' id='word_1_37' title='bbox 3077 689 3305 761; x_wconf 67' lang='grc' dir='ltr'><strong>Σωτῆρι⁷</strong></span> <span class='ocrx_word' id='word_1_38' title='bbox 3328 692 3549 760; x_wconf 76' lang='grc' dir='ltr'>ἐπέδειξε</span> <span class='ocrx_word' id='word_1_39' title='bbox 3567 698 3721 765; x_wconf 70' lang='grc' dir='ltr'>σαφῶς,</span> 
     </span>
    </p>
   </div>
   <div class='ocr_carea' id='block_1_6' title="bbox 528 776 2081 858">
    <p class='ocr_par' dir='ltr' id='par_1_6' title="bbox 528 776 2081 847">
     <span class='ocr_line' id='line_1_6' title="bbox 528 776 2081 847; baseline -0.008 -6"><span class='ocrx_word' id='word_1_40' title='bbox 528 800 690 841; x_wconf 88' lang='lat' dir='ltr'><strong>scure</strong></span> <span class='ocrx_word' id='word_1_41' title='bbox 719 782 982 847; x_wconf 73' lang='lat' dir='ltr'><strong>declarat,</strong></span> <span class='ocrx_word' id='word_1_42' title='bbox 1018 794 1124 833; x_wconf 93' lang='lat' dir='ltr'><strong>non</strong></span> <span class='ocrx_word' id='word_1_43' title='bbox 1171 777 1407 832; x_wconf 87' lang='lat' dir='ltr'><strong>alienam</strong></span> <span class='ocrx_word' id='word_1_44' title='bbox 1462 794 1492 832; x_wconf 92' lang='lat' dir='ltr'><strong>a</strong></span> <span class='ocrx_word' id='word_1_45' title='bbox 1542 776 1829 832; x_wconf 86' lang='lat' dir='ltr'><strong>Salvatore</strong></span> <span class='ocrx_word' id='word_1_46' title='bbox 1872 791 1994 831; x_wconf 86' lang='lat' dir='ltr'><strong>esse</strong></span> <span class='ocrx_word' id='word_1_47' title='bbox 2044 776 2081 829; x_wconf 81' lang='grc' dir='ltr'>ιε</span> 
     </span>
    </p>
   </div>
   <div class='ocr_carea' id='block_1_7' title="bbox 2176 776 3729 858">
    <p class='ocr_par' dir='ltr' id='par_1_7' title="bbox 2218 776 3729 858">
     <span class='ocr_line' id='line_1_7' title="bbox 2218 776 3729 858; baseline 0.007 -31"><span class='ocrx_word' id='word_1_48' title='bbox 2218 776 2300 828; x_wconf 81' lang='grc' dir='ltr'>ὅτι</span> <span class='ocrx_word' id='word_1_49' title='bbox 2332 777 2432 828; x_wconf 87' lang='grc' dir='ltr'><strong>οὐκ</strong></span> <span class='ocrx_word' id='word_1_50' title='bbox 2488 776 2767 849; x_wconf 79' lang='grc' dir='ltr'><strong>ἀλλότριος</strong></span> <span class='ocrx_word' id='word_1_51' title='bbox 2820 780 2848 832; x_wconf 86' lang='grc' dir='ltr'>ὁ</span> <span class='ocrx_word' id='word_1_52' title='bbox 2888 779 3051 847; x_wconf 85' lang='grc' dir='ltr'>νόμος</span> <span class='ocrx_word' id='word_1_53' title='bbox 3096 780 3191 833; x_wconf 83' lang='grc' dir='ltr'><strong>τοῦ</strong></span> <span class='ocrx_word' id='word_1_54' title='bbox 3229 783 3485 853; x_wconf 82' lang='grc' dir='ltr'><strong>Σωτῆρος.</strong></span> <span class='ocrx_word' id='word_1_55' title='bbox 3521 788 3729 858; x_wconf 43' lang='lat' dir='ltr'><strong>[laessi]-</strong></span> 
     </span>
    </p>
   </div>
   <div class='ocr_carea' id='block_1_8' title="bbox 536 866 2089 947">
    <p class='ocr_par' dir='ltr' id='par_1_8' title="bbox 536 868 2089 944">
     <span class='ocr_line' id='line_1_8' title="bbox 536 868 2089 944; baseline -0.005 -16"><span class='ocrx_word' id='word_1_56' title='bbox 536 890 669 944; x_wconf 76' lang='lat' dir='ltr'><strong>gem,</strong></span> <span class='ocrx_word' id='word_1_57' title='bbox 704 883 887 942; x_wconf 85' lang='lat' dir='ltr'><strong>utpote</strong></span> <span class='ocrx_word' id='word_1_58' title='bbox 931 885 1051 940; x_wconf 66' lang='lat' dir='ltr'><strong>quae</strong></span> <span class='ocrx_word' id='word_1_59' title='bbox 1099 868 1168 925; x_wconf 87' lang='lat' dir='ltr'><strong>ab</strong></span> <span class='ocrx_word' id='word_1_60' title='bbox 1220 870 1312 924; x_wconf 91' lang='lat' dir='ltr'><strong>illo</strong></span> <span class='ocrx_word' id='word_1_61' title='bbox 1344 870 1576 938; x_wconf 80' lang='lat' dir='ltr'><strong>gerenda</strong></span> <span class='ocrx_word' id='word_1_62' title='bbox 1609 869 1791 923; x_wconf 81' lang='lat' dir='ltr'><strong>omnia</strong></span> <span class='ocrx_word' id='word_1_63' title='bbox 1821 868 2089 923; x_wconf 83' lang='lat' dir='ltr'><strong>vaticinat:</strong></span> 
     </span>
    </p>
   </div>
   <div class='ocr_carea' id='block_1_9' title="bbox 2177 866 3730 947">
    <p class='ocr_par' dir='ltr' id='par_1_9' title="bbox 2218 866 3730 947">
     <span class='ocr_line' id='line_1_9' title="bbox 2218 866 3730 947; baseline 0.01 -30"><span class='ocrx_word' id='word_1_64' title='bbox 2218 882 2376 918; x_wconf 85' lang='grc' dir='ltr'>τευσε</span> <span class='ocrx_word' id='word_1_65' title='bbox 2415 866 2523 937; x_wconf 85' lang='grc' dir='ltr'><strong>γὰρ</strong></span> <span class='ocrx_word' id='word_1_66' title='bbox 2577 868 2672 922; x_wconf 74' lang='grc' dir='ltr'><strong>καὶ</strong></span> <span class='ocrx_word' id='word_1_67' title='bbox 2706 868 3055 941; x_wconf 77' lang='grc' dir='ltr'><strong>ἐμαρτύρησε</strong></span> <span class='ocrx_word' id='word_1_68' title='bbox 3079 874 3190 934; x_wconf 87' lang='grc' dir='ltr'>τοῖς</span> <span class='ocrx_word' id='word_1_69' title='bbox 3233 871 3326 925; x_wconf 81' lang='grc' dir='ltr'>ὑπ’</span> <span class='ocrx_word' id='word_1_70' title='bbox 3354 874 3506 928; x_wconf 80' lang='grc' dir='ltr'>αὑτοῦ</span> <span class='ocrx_word' id='word_1_71' title='bbox 3530 877 3730 947; x_wconf 66' lang='grc' dir='ltr'>μέλλουσι</span> 
     </span>
    </p>
   </div>
   <div class='ocr_carea' id='block_1_10' title="bbox 533 959 2086 1028">
    <p class='ocr_par' dir='ltr' id='par_1_10' title="bbox 533 959 1583 1021">
     <span class='ocr_line' id='line_1_10' title="bbox 533 959 1583 1021; baseline -0.003 -7"><span class='ocrx_word' id='word_1_72' title='bbox 533 961 713 1021; x_wconf 78' lang='lat' dir='ltr'><strong>luerit,</strong></span> <span class='ocrx_word' id='word_1_73' title='bbox 746 975 809 1015; x_wconf 82' lang='lat' dir='ltr'><strong>ac</strong></span> <span class='ocrx_word' id='word_1_74' title='bbox 836 960 1151 1014; x_wconf 87' lang='lat' dir='ltr'><strong>testimonio</strong></span> <span class='ocrx_word' id='word_1_75' title='bbox 1187 959 1583 1014; x_wconf 71' lang='lat' dir='ltr'><strong>con-roborarit.</strong></span> 
     </span>
    </p>
   </div>
   <div class='ocr_carea' id='block_1_11' title="bbox 1979 959 3532 1028">
    <p class='ocr_par' dir='ltr' id='par_1_11' title="bbox 2217 959 3532 1028">
     <span class='ocr_line' id='line_1_11' title="bbox 2217 959 3532 1028; baseline -0.005 -17"><span class='ocrx_word' id='word_1_76' title='bbox 2217 959 2487 1028; x_wconf 85' lang='grc' dir='ltr'>γίνεσθαι.</span> <span class='ocrx_word' id='word_1_77' title='bbox 3528 1000 3532 1005; x_wconf 83' lang='lat'><strong>.</strong></span> 
     </span>
    </p>
   </div>
   <div class='ocr_carea' id='block_1_12' title="bbox 599 1046 2152 1132">
    <p class='ocr_par' dir='ltr' id='par_1_12' title="bbox 599 1049 2117 1121">
     <span class='ocr_line' id='line_1_12' title="bbox 599 1049 2117 1121; baseline -0.003 -15"><span class='ocrx_word' id='word_1_78' title='bbox 599 1051 785 1107; x_wconf 86' lang='lat' dir='ltr'><strong>Schol.</strong></span> <span class='ocrx_word' id='word_1_79' title='bbox 823 1051 874 1105; x_wconf 77' lang='lat'><strong>3.</strong></span> <span class='ocrx_word' id='word_1_80' title='bbox 921 1049 1201 1120; x_wconf 83' lang='lat' dir='ltr'><strong>Tesliﬁcar</strong></span> <span class='ocrx_word' id='word_1_81' title='bbox 1251 1053 1759 1121; x_wconf 83' lang='lat' dir='ltr'><strong>rursum,quoniam</strong></span> <span class='ocrx_word' id='word_1_82' title='bbox 1808 1050 1962 1103; x_wconf 82' lang='lat' dir='ltr'><strong>homo</strong></span> <span class='ocrx_word' id='word_1_83' title='bbox 2009 1050 2117 1102; x_wconf 87' lang='lat' dir='ltr'><strong>cir-</strong></span> 
     </span>
    </p>
   </div>
   <div class='ocr_carea' id='block_1_13' title="bbox 2180 1046 3733 1132">
    <p class='ocr_par' dir='ltr' id='par_1_13' title="bbox 2288 1050 3733 1132">
     <span class='ocr_line' id='line_1_13' title="bbox 2288 1050 3733 1132; baseline 0.012 -29"><span class='ocrx_word' id='word_1_84' title='bbox 2288 1050 2446 1121; x_wconf 88' lang='grc' dir='ltr'>Σχόλ.</span> <span class='ocrx_word' id='word_1_85' title='bbox 2479 1058 2548 1121; x_wconf 76' lang='grc' dir='ltr'><strong>γ’.</strong></span> <span class='ocrx_word' id='word_1_86' title='bbox 2599 1054 2980 1126; x_wconf 82' lang='grc' dir='ltr'>Μαρτύρομαι</span> <span class='ocrx_word' id='word_1_87' title='bbox 3026 1056 3096 1111; x_wconf 81' lang='grc' dir='ltr'>δὲ</span> <span class='ocrx_word' id='word_1_88' title='bbox 3126 1058 3333 1124; x_wconf 77' lang='grc' dir='ltr'>πάλιν,</span> <span class='ocrx_word' id='word_1_89' title='bbox 3375 1060 3459 1114; x_wconf 85' lang='grc' dir='ltr'>ὅτι</span> <span class='ocrx_word' id='word_1_90' title='bbox 3483 1061 3733 1132; x_wconf 63' lang='grc' dir='ltr'>ἅνθρωπος</span> 
     </span>
    </p>
   </div>
   <div class='ocr_carea' id='block_1_14' title="bbox 525 1140 2078 1225">
    <p class='ocr_par' dir='ltr' id='par_1_14' title="bbox 525 1140 1923 1213">
     <span class='ocr_line' id='line_1_14' title="bbox 525 1140 1923 1213; baseline -0.003 -14"><span class='ocrx_word' id='word_1_91' title='bbox 525 1145 786 1199; x_wconf 81' lang='lat' dir='ltr'><strong>cumcisus</strong></span> <span class='ocrx_word' id='word_1_92' title='bbox 812 1142 1018 1196; x_wconf 78' lang='lat' dir='ltr'><strong>debitor</strong></span> <span class='ocrx_word' id='word_1_93' title='bbox 1048 1153 1125 1197; x_wconf 80' lang='lat' dir='ltr'><strong>est</strong></span> <span class='ocrx_word' id='word_1_94' title='bbox 1152 1144 1407 1196; x_wconf 77' lang='lat' dir='ltr'><strong>nniversw</strong></span> <span class='ocrx_word' id='word_1_95' title='bbox 1442 1140 1567 1213; x_wconf 80' lang='lat' dir='ltr'><strong>legis</strong></span> <span class='ocrx_word' id='word_1_96' title='bbox 1594 1141 1923 1211; x_wconf 75' lang='lat' dir='ltr'><strong>implendw‘.</strong></span> 
     </span>
    </p>
   </div>
   <div class='ocr_carea' id='block_1_15' title="bbox 2178 1140 3731 1225">
    <p class='ocr_par' dir='ltr' id='par_1_15' title="bbox 2220 1144 3731 1225">
     <span class='ocr_line' id='line_1_15' title="bbox 2220 1144 3731 1225; baseline 0.011 -33"><span class='ocrx_word' id='word_1_97' title='bbox 2220 1144 2717 1212; x_wconf 75' lang='grc' dir='ltr'>περιτεμνόμενος</span> <span class='ocrx_word' id='word_1_98' title='bbox 2751 1144 3063 1217; x_wconf 72' lang='grc' dir='ltr'><strong>ὀφειλέτης</strong></span> <span class='ocrx_word' id='word_1_99' title='bbox 3092 1147 3267 1204; x_wconf 75' lang='grc' dir='ltr'>ἐστὶν</span> <span class='ocrx_word' id='word_1_100' title='bbox 3292 1149 3435 1205; x_wconf 78' lang='grc' dir='ltr'>ὅλον</span> <span class='ocrx_word' id='word_1_101' title='bbox 3472 1153 3569 1207; x_wconf 77' lang='grc' dir='ltr'><strong>τὸν</strong></span> <span class='ocrx_word' id='word_1_102' title='bbox 3592 1156 3731 1225; x_wconf 79' lang='grc' dir='ltr'>νόμον</span> 
     </span>
    </p>
   </div>
   <div class='ocr_carea' id='block_1_16' title="bbox 2220 1232 2557 1287">
    <p class='ocr_par' dir='ltr' id='par_1_16' title="bbox 2220 1232 2557 1287">
     <span class='ocr_line' id='line_1_16' title="bbox 2220 1232 2557 1287; baseline 0.015 -5"><span class='ocrx_word' id='word_1_103' title='bbox 2220 1232 2557 1287; x_wconf 70' lang='grc' dir='ltr'>πληρῶσαι.</span> 
     </span>
    </p>
   </div>
   <div class='ocr_carea' id='block_1_17' title="bbox 595 1250 2148 1411">
    <p class='ocr_par' dir='ltr' id='par_1_17' title="bbox 595 1316 2119 1395">
     <span class='ocr_line' id='line_1_17' title="bbox 595 1316 2119 1395; baseline -0.007 -17"><span class='ocrx_word' id='word_1_104' title='bbox 595 1322 753 1395; x_wconf 79' lang='lat'><strong>351</strong></span> <span class='ocrx_word' id='word_1_105' title='bbox 794 1319 979 1376; x_wconf 81' lang='lat' dir='ltr'><strong>Refut.</strong></span> <span class='ocrx_word' id='word_1_106' title='bbox 1015 1320 1066 1375; x_wconf 78' lang='grc'>5.</span> <span class='ocrx_word' id='word_1_107' title='bbox 1106 1316 1261 1384; x_wconf 86' lang='lat' dir='ltr'><strong>Quod</strong></span> <span class='ocrx_word' id='word_1_108' title='bbox 1298 1321 1412 1381; x_wconf 97' lang='lat' dir='ltr'><strong>ait,</strong></span> <span class='ocrx_word' id='word_1_109' title='bbox 1448 1317 1655 1373; x_wconf 84' lang='lat' dir='ltr'><strong>debitor</strong></span> <span class='ocrx_word' id='word_1_110' title='bbox 1698 1327 1798 1383; x_wconf 84' lang='lat' dir='ltr'><strong>est,</strong></span> <span class='ocrx_word' id='word_1_111' title='bbox 1843 1332 1953 1371; x_wconf 90' lang='lat' dir='ltr'><strong>non</strong></span> <span class='ocrx_word' id='word_1_112' title='bbox 1998 1325 2119 1369; x_wconf 84' lang='lat' dir='ltr'><strong>tan-</strong></span> 
     </span>
    </p>
   </div>
   <div class='ocr_carea' id='block_1_18' title="bbox 2185 1250 3738 1411">
    <p class='ocr_par' dir='ltr' id='par_1_18' title="bbox 2220 1250 3738 1411">
     <span class='ocr_line' id='line_1_18' title="bbox 2220 1250 2557 1301; baseline 0.015 -19"><span class='ocrx_word' id='word_1_113' title='bbox 2220 1250 2557 1301; x_wconf 62' lang='grc' dir='ltr'>πληρωσαι.</span> 
     </span>
     <span class='ocr_line' id='line_1_19' title="bbox 2298 1326 3738 1411; baseline 0.01 -34"><span class='ocrx_word' id='word_1_114' title='bbox 2298 1326 2516 1396; x_wconf 85' lang='grc' dir='ltr'>Ἔλεγχ.</span> <span class='ocrx_word' id='word_1_115' title='bbox 2549 1334 2619 1396; x_wconf 84' lang='grc' dir='ltr'><strong>γ’.</strong></span> <span class='ocrx_word' id='word_1_116' title='bbox 2652 1327 2747 1391; x_wconf 84' lang='grc' dir='ltr'><strong>Τὸ,</strong></span> <span class='ocrx_word' id='word_1_117' title='bbox 2777 1329 3091 1400; x_wconf 70' lang='grc' dir='ltr'><strong>ὀφειλέτης</strong></span> <span class='ocrx_word' id='word_1_118' title='bbox 3124 1333 3317 1397; x_wconf 78' lang='grc' dir='ltr'>ἐστὶν,</span> <span class='ocrx_word' id='word_1_119' title='bbox 3347 1336 3519 1391; x_wconf 80' lang='grc' dir='ltr'>οὐκέτι</span> <span class='ocrx_word' id='word_1_120' title='bbox 3542 1338 3608 1402; x_wconf 82' lang='grc' dir='ltr'><strong>ὡς</strong></span> <span class='ocrx_word' id='word_1_121' title='bbox 3643 1340 3738 1411; x_wconf 73' lang='grc' dir='ltr'>περὶ</span> 
     </span>
    </p>
   </div>
   <div class='ocr_carea' id='block_1_19' title="bbox 527 1408 2080 1500">
    <p class='ocr_par' dir='ltr' id='par_1_19' title="bbox 527 1408 2080 1489">
     <span class='ocr_line' id='line_1_20' title="bbox 527 1408 2080 1489; baseline -0.005 -20"><span class='ocrx_word' id='word_1_122' title='bbox 527 1431 693 1489; x_wconf 85' lang='lat' dir='ltr'><strong>quam</strong></span> <span class='ocrx_word' id='word_1_123' title='bbox 734 1414 802 1469; x_wconf 91' lang='lat' dir='ltr'><strong>de</strong></span> <span class='ocrx_word' id='word_1_124' title='bbox 854 1427 914 1467; x_wconf 91' lang='lat' dir='ltr'><strong>re</strong></span> <span class='ocrx_word' id='word_1_125' title='bbox 956 1411 1210 1482; x_wconf 86' lang='lat' dir='ltr'><strong>quapiam</strong></span> <span class='ocrx_word' id='word_1_126' title='bbox 1259 1410 1536 1480; x_wconf 88' lang='lat' dir='ltr'><strong>prohibita</strong></span> <span class='ocrx_word' id='word_1_127' title='bbox 1570 1409 1727 1473; x_wconf 70' lang='lat' dir='ltr'><strong>dixit,</strong></span> <span class='ocrx_word' id='word_1_128' title='bbox 1762 1408 1858 1465; x_wconf 87' lang='lat' dir='ltr'><strong>sed</strong></span> <span class='ocrx_word' id='word_1_129' title='bbox 1896 1408 1962 1464; x_wconf 92' lang='lat' dir='ltr'><strong>de</strong></span> <span class='ocrx_word' id='word_1_130' title='bbox 1996 1424 2080 1479; x_wconf 77' lang='lat' dir='ltr'><strong>gra</strong></span> 
     </span>
    </p>
   </div>
   <div class='ocr_carea' id='block_1_20' title="bbox 2185 1408 3738 1500">
    <p class='ocr_par' dir='ltr' id='par_1_20' title="bbox 2222 1408 3738 1500">
     <span class='ocr_line' id='line_1_21' title="bbox 2222 1408 3738 1500; baseline 0.007 -29"><span class='ocrx_word' id='word_1_131' title='bbox 2222 1418 2596 1489; x_wconf 82' lang='grc' dir='ltr'><strong>ἀπειρημένου</strong></span> <span class='ocrx_word' id='word_1_132' title='bbox 2644 1418 2815 1487; x_wconf 81' lang='grc' dir='ltr'><strong>λέγει,</strong></span> <span class='ocrx_word' id='word_1_133' title='bbox 2856 1421 2994 1474; x_wconf 80' lang='grc' dir='ltr'>ἀλλὰ</span> <span class='ocrx_word' id='word_1_134' title='bbox 3037 1423 3516 1497; x_wconf 80' lang='grc' dir='ltr'>περὶ“βαρυτέρου</span> <span class='ocrx_word' id='word_1_135' title='bbox 3564 1408 3738 1500; x_wconf 74' lang='grc' dir='ltr'>φορτίου</span> 
     </span>
    </p>
   </div>
   <div class='ocr_carea' id='block_1_21' title="bbox 530 1500 2083 1588">
    <p class='ocr_par' dir='ltr' id='par_1_21' title="bbox 530 1500 2083 1588">
     <span class='ocr_line' id='line_1_22' title="bbox 530 1500 2083 1588; baseline -0.003 -27"><span class='ocrx_word' id='word_1_136' title='bbox 530 1510 680 1563; x_wconf 84' lang='lat' dir='ltr'><strong>viore</strong></span> <span class='ocrx_word' id='word_1_137' title='bbox 726 1507 957 1576; x_wconf 85' lang='lat' dir='ltr'><strong>quodam</strong></span> <span class='ocrx_word' id='word_1_138' title='bbox 1017 1518 1203 1566; x_wconf 85' lang='lat' dir='ltr'><strong>onere,</strong></span> <span class='ocrx_word' id='word_1_139' title='bbox 1246 1502 1388 1588; x_wconf 63' lang='lat' dir='ltr'><strong>quod</strong></span> <span class='ocrx_word' id='word_1_140' title='bbox 1446 1501 1719 1556; x_wconf 84' lang='lat' dir='ltr'><strong>sublevari</strong></span> <span class='ocrx_word' id='word_1_141' title='bbox 1763 1509 1962 1571; x_wconf 91' lang='lat' dir='ltr'><strong>potest.</strong></span> <span class='ocrx_word' id='word_1_142' title='bbox 2014 1500 2083 1556; x_wconf 88' lang='lat' dir='ltr'><strong>Se</strong></span> 
     </span>
    </p>
   </div>
   <div class='ocr_carea' id='block_1_22' title="bbox 2186 1500 3739 1588">
    <p class='ocr_par' dir='ltr' id='par_1_22' title="bbox 2222 1509 3739 1585">
     <span class='ocr_line' id='line_1_23' title="bbox 2222 1509 3739 1585; baseline 0.008 -25"><span class='ocrx_word' id='word_1_143' title='bbox 2222 1509 2521 1579; x_wconf 78' lang='grc' dir='ltr'>δυναμένου</span> <span class='ocrx_word' id='word_1_144' title='bbox 2580 1509 2998 1582; x_wconf 80' lang='grc' dir='ltr'>ὲλαφρυνθῆναι.</span> <span class='ocrx_word' id='word_1_145' title='bbox 3040 1514 3190 1578; x_wconf 71' lang='grc' dir='ltr'>Ἔνος</span> <span class='ocrx_word' id='word_1_146' title='bbox 3233 1515 3289 1569; x_wconf 81' lang='grc' dir='ltr'>δὲ</span> <span class='ocrx_word' id='word_1_147' title='bbox 3323 1516 3469 1581; x_wconf 77' lang='grc' dir='ltr'>ὄντος</span> <span class='ocrx_word' id='word_1_148' title='bbox 3499 1520 3739 1585; x_wconf 75' lang='grc' dir='ltr'>Δεσπότου,</span> 
     </span>
    </p>
   </div>
   <div class='ocr_carea' id='block_1_23' title="bbox 526 1593 2079 1678">
    <p class='ocr_par' dir='ltr' id='par_1_23' title="bbox 526 1593 2079 1664">
     <span class='ocr_line' id='line_1_24' title="bbox 526 1593 2079 1664; baseline -0.006 -11"><span class='ocrx_word' id='word_1_149' title='bbox 526 1599 623 1653; x_wconf 84' lang='lat' dir='ltr'><strong>ita.</strong></span> <span class='ocrx_word' id='word_1_150' title='bbox 663 1613 804 1651; x_wconf 85' lang='lat' dir='ltr'><strong>unus</strong></span> <span class='ocrx_word' id='word_1_151' title='bbox 846 1607 905 1649; x_wconf 91' lang='lat' dir='ltr'><strong>ut</strong></span> <span class='ocrx_word' id='word_1_152' title='bbox 941 1596 1011 1649; x_wconf 90' lang='lat' dir='ltr'><strong>sit</strong></span> <span class='ocrx_word' id='word_1_153' title='bbox 1047 1594 1328 1661; x_wconf 84' lang='lat' dir='ltr'><strong>Dominus,</strong></span> <span class='ocrx_word' id='word_1_154' title='bbox 1361 1593 1453 1663; x_wconf 86' lang='lat' dir='ltr'><strong>qui</strong></span> <span class='ocrx_word' id='word_1_155' title='bbox 1483 1605 1537 1648; x_wconf 91' lang='lat' dir='ltr'><strong>et</strong></span> <span class='ocrx_word' id='word_1_156' title='bbox 1570 1608 1801 1648; x_wconf 90' lang='lat' dir='ltr'><strong>onerare</strong></span> <span class='ocrx_word' id='word_1_157' title='bbox 1840 1594 2035 1664; x_wconf 78' lang='lat' dir='ltr'><strong>possit,</strong></span> <span class='ocrx_word' id='word_1_158' title='bbox 2071 1610 2079 1644; x_wconf 74' lang='grc' dir='ltr'><strong>ι</strong></span> 
     </span>
    </p>
   </div>
   <div class='ocr_carea' id='block_1_24' title="bbox 2190 1593 3743 1678">
    <p class='ocr_par' dir='ltr' id='par_1_24' title="bbox 2222 1596 3743 1678">
     <span class='ocr_line' id='line_1_25' title="bbox 2222 1596 3743 1678; baseline 0.009 -29"><span class='ocrx_word' id='word_1_159' title='bbox 2222 1596 2521 1669; x_wconf 80' lang='grc' dir='ltr'>δυναμένου</span> <span class='ocrx_word' id='word_1_160' title='bbox 2580 1600 2675 1653; x_wconf 68' lang='grc' dir='ltr'>καὶ</span> <span class='ocrx_word' id='word_1_161' title='bbox 2737 1602 2990 1674; x_wconf 79' lang='grc' dir='ltr'>βαρύνειν</span> <span class='ocrx_word' id='word_1_162' title='bbox 3042 1604 3138 1656; x_wconf 78' lang='grc' dir='ltr'>καὶ</span> <span class='ocrx_word' id='word_1_163' title='bbox 3184 1606 3502 1675; x_wconf 79' lang='grc' dir='ltr'>ὲλαφρύνειν</span> <span class='ocrx_word' id='word_1_164' title='bbox 3552 1609 3629 1661; x_wconf 81' lang='grc' dir='ltr'>διὰ</span> <span class='ocrx_word' id='word_1_165' title='bbox 3669 1611 3743 1678; x_wconf 83' lang='grc' dir='ltr'>τῆς</span> 
     </span>
    </p>
   </div>
   <div class='ocr_carea' id='block_1_25' title="bbox 528 1684 2081 1769">
    <p class='ocr_par' dir='ltr' id='par_1_25' title="bbox 528 1684 2081 1754">
     <span class='ocr_line' id='line_1_26' title="bbox 528 1684 2081 1754; baseline -0.003 -10"><span class='ocrx_word' id='word_1_166' title='bbox 528 1690 596 1744; x_wconf 84' lang='lat' dir='ltr'><strong>de</strong></span> <span class='ocrx_word' id='word_1_167' title='bbox 627 1704 792 1742; x_wconf 89' lang='lat' dir='ltr'><strong>onere</strong></span> <span class='ocrx_word' id='word_1_168' title='bbox 829 1686 1134 1749; x_wconf 90' lang='lat' dir='ltr'><strong>detrahere,</strong></span> <span class='ocrx_word' id='word_1_169' title='bbox 1173 1700 1270 1754; x_wconf 76' lang='lat' dir='ltr'><strong>pro</strong></span> <span class='ocrx_word' id='word_1_170' title='bbox 1318 1700 1506 1739; x_wconf 89' lang='lat' dir='ltr'><strong>eormn</strong></span> <span class='ocrx_word' id='word_1_171' title='bbox 1544 1684 1841 1748; x_wconf 78' lang='lat' dir='ltr'><strong>voluntate,</strong></span> <span class='ocrx_word' id='word_1_172' title='bbox 1882 1684 1975 1753; x_wconf 88' lang='lat' dir='ltr'><strong>qui</strong></span> <span class='ocrx_word' id='word_1_173' title='bbox 2025 1685 2081 1740; x_wconf 83' lang='lat' dir='ltr'><strong>ot</strong></span> 
     </span>
    </p>
   </div>
   <div class='ocr_carea' id='block_1_26' title="bbox 2189 1684 3742 1769">
    <p class='ocr_par' dir='ltr' id='par_1_26' title="bbox 2224 1684 3742 1769">
     <span class='ocr_line' id='line_1_27' title="bbox 2224 1684 3742 1769; baseline 0.009 -26"><span class='ocrx_word' id='word_1_174' title='bbox 2224 1690 2599 1763; x_wconf 81' lang='grc' dir='ltr'>προαιρέσεως</span> <span class='ocrx_word' id='word_1_175' title='bbox 2625 1693 2734 1746; x_wconf 87' lang='grc' dir='ltr'><strong>τῶν</strong></span> <span class='ocrx_word' id='word_1_176' title='bbox 2774 1695 2849 1766; x_wconf 79' lang='grc' dir='ltr'>μὴ</span> <span class='ocrx_word' id='word_1_177' title='bbox 2883 1684 3385 1769; x_wconf 78' lang='grc' dir='ltr'>παραιτησαμένωῦ</span> <span class='ocrx_word' id='word_1_178' title='bbox 3411 1702 3742 1766; x_wconf 80' lang='grc' dir='ltr'><strong>καταδέξασθαι</strong></span> 
     </span>
    </p>
   </div>
   <div class='ocr_carea' id='block_1_27' title="bbox 532 1772 2085 1864">
    <p class='ocr_par' dir='ltr' id='par_1_27' title="bbox 532 1772 2085 1848">
     <span class='ocr_line' id='line_1_28' title="bbox 532 1772 2085 1848; baseline -0.004 -15"><span class='ocrx_word' id='word_1_179' title='bbox 532 1780 693 1834; x_wconf 85' lang='lat' dir='ltr'><strong>latam</strong></span> <span class='ocrx_word' id='word_1_180' title='bbox 723 1793 819 1848; x_wconf 88' lang='lat' dir='ltr'><strong>per</strong></span> <span class='ocrx_word' id='word_1_181' title='bbox 851 1777 969 1845; x_wconf 86' lang='lat' dir='ltr'><strong>ejus</strong></span> <span class='ocrx_word' id='word_1_182' title='bbox 1011 1775 1240 1845; x_wconf 81' lang='lat' dir='ltr'><strong>gratiam</strong></span> <span class='ocrx_word' id='word_1_183' title='bbox 1276 1775 1449 1844; x_wconf 85' lang='lat' dir='ltr'><strong>ipsius</strong></span> <span class='ocrx_word' id='word_1_184' title='bbox 1483 1774 1716 1829; x_wconf 88' lang='lat' dir='ltr'><strong>adventu</strong></span> <span class='ocrx_word' id='word_1_185' title='bbox 1753 1772 1985 1829; x_wconf 83' lang='lat' dir='ltr'><strong>salutem</strong></span> <span class='ocrx_word' id='word_1_186' title='bbox 2015 1774 2085 1827; x_wconf 89' lang='lat' dir='ltr'><strong>mi</strong></span> 
     </span>
    </p>
   </div>
   <div class='ocr_carea' id='block_1_28' title="bbox 2190 1772 3743 1864">
    <p class='ocr_par' dir='ltr' id='par_1_28' title="bbox 2223 1783 3743 1864">
     <span class='ocr_line' id='line_1_29' title="bbox 2223 1783 3743 1864; baseline 0.008 -29"><span class='ocrx_word' id='word_1_187' title='bbox 2223 1783 2322 1854; x_wconf 83' lang='grc' dir='ltr'><strong>τὴν</strong></span> <span class='ocrx_word' id='word_1_188' title='bbox 2373 1783 2460 1837; x_wconf 82' lang='grc' dir='ltr'>διὰ</span> <span class='ocrx_word' id='word_1_189' title='bbox 2509 1784 2610 1854; x_wconf 84' lang='grc' dir='ltr'>τῆς</span> <span class='ocrx_word' id='word_1_190' title='bbox 2646 1785 2869 1856; x_wconf 83' lang='grc' dir='ltr'>χάριτος</span> <span class='ocrx_word' id='word_1_191' title='bbox 2922 1786 3086 1841; x_wconf 81' lang='grc' dir='ltr'>αὑτοῦ</span> <span class='ocrx_word' id='word_1_192' title='bbox 3128 1790 3187 1841; x_wconf 77' lang='grc' dir='ltr'>ἐν</span> <span class='ocrx_word' id='word_1_193' title='bbox 3232 1792 3297 1862; x_wconf 79' lang='grc' dir='ltr'>τῇ</span> <span class='ocrx_word' id='word_1_194' title='bbox 3341 1793 3576 1864; x_wconf 73' lang='grc' dir='ltr'>ὲνσάρκιρ</span> <span class='ocrx_word' id='word_1_195' title='bbox 3618 1794 3743 1847; x_wconf 78' lang='grc' dir='ltr'>αὐτοῦ</span> 
     </span>
    </p>
   </div>
   <div class='ocr_carea' id='block_1_29' title="bbox 533 1869 2086 1945">
    <p class='ocr_par' dir='ltr' id='par_1_29' title="bbox 533 1869 1132 1940">
     <span class='ocr_line' id='line_1_30' title="bbox 533 1869 1132 1940; baseline -0.008 -14"><span class='ocrx_word' id='word_1_196' title='bbox 533 1872 677 1927; x_wconf 88' lang='lat' dir='ltr'><strong>nime</strong></span> <span class='ocrx_word' id='word_1_197' title='bbox 704 1869 1132 1940; x_wconf 77' lang='lat' dir='ltr'><strong>repudiaverim.</strong></span> 
     </span>
    </p>
   </div>
   <div class='ocr_carea' id='block_1_30' title="bbox 1273 1869 2826 1945">
    <p class='ocr_par' dir='ltr' id='par_1_30' title="bbox 2152 1871 2826 1945">
     <span class='ocr_line' id='line_1_31' title="bbox 2152 1871 2826 1945; baseline 0.004 -22"><span class='ocrx_word' id='word_1_198' title='bbox 2152 1925 2195 1945; x_wconf 54' lang='grc' dir='ltr'>η</span> <span class='ocrx_word' id='word_1_199' title='bbox 2228 1889 2401 1944; x_wconf 91' lang='grc' dir='ltr'>παρου</span> <span class='ocrx_word' id='word_1_200' title='bbox 2409 1871 2461 1924; x_wconf 85' lang='grc' dir='ltr'><strong>σί</strong></span> <span class='ocrx_word' id='word_1_201' title='bbox 2466 1890 2498 1941; x_wconf 75' lang='grc' dir='ltr'>ᾳ</span> <span class='ocrx_word' id='word_1_202' title='bbox 2530 1876 2826 1945; x_wconf 84' lang='grc' dir='ltr'>σωτηρίαν.</span> 
     </span>
    </p>
   </div>
   <div class='ocr_carea' id='block_1_31' title="bbox 597 1925 2150 2047">
    <p class='ocr_par' dir='ltr' id='par_1_31' title="bbox 597 1925 2120 2030">
     <span class='ocr_line' id='line_1_32' title="bbox 597 1925 2120 2030; baseline -0.005 -12"><span class='ocrx_word' id='word_1_203' title='bbox 597 1925 789 2019; x_wconf 51' lang='grc' dir='ltr'><strong>δειλοὶ..</strong></span> <span class='ocrx_word' id='word_1_204' title='bbox 825 1962 879 2016; x_wconf 73' lang='grc'><strong>4.</strong></span> <span class='ocrx_word' id='word_1_205' title='bbox 915 1960 1022 2015; x_wconf 88' lang='lat' dir='ltr'><strong>Pro</strong></span> <span class='ocrx_word' id='word_1_206' title='bbox 1061 1974 1127 2015; x_wconf 88' lang='lat' dir='ltr'><strong>eo</strong></span> <span class='ocrx_word' id='word_1_207' title='bbox 1153 1956 1301 2030; x_wconf 87' lang='lat' dir='ltr'><strong>quod</strong></span> <span class='ocrx_word' id='word_1_208' title='bbox 1334 1964 1462 2013; x_wconf 83' lang='lat' dir='ltr'><strong>est:</strong></span> <span class='ocrx_word' id='word_1_209' title='bbox 1500 1955 1773 2010; x_wconf 76' lang='lat' dir='ltr'><strong>Modicum</strong></span> <span class='ocrx_word' id='word_1_210' title='bbox 1807 1957 2120 2027; x_wconf 77' lang='lat' dir='ltr'><strong>fermentum</strong></span> 
     </span>
    </p>
   </div>
   <div class='ocr_carea' id='block_1_32' title="bbox 2193 1925 3746 2047">
    <p class='ocr_par' dir='ltr' id='par_1_32' title="bbox 2193 1925 3746 2047">
     <span class='ocr_line' id='line_1_33' title="bbox 2193 1925 3746 2047; baseline 0.012 -34"><span class='ocrx_word' id='word_1_211' title='bbox 2193 1939 2196 1977; x_wconf 52' lang='grc' dir='ltr'><strong>ί</strong></span> <span class='ocrx_word' id='word_1_212' title='bbox 2293 1925 2447 2042; x_wconf 50' lang='lat' dir='ltr'><strong>fixo}.</strong></span> <span class='ocrx_word' id='word_1_213' title='bbox 2472 1925 2544 2015; x_wconf 41' lang='grc' dir='ltr'><strong>ιδ’.</strong></span> <span class='ocrx_word' id='word_1_214' title='bbox 2590 1925 2736 2018; x_wconf 62' lang='grc' dir='ltr'>Ἀντί</span> <span class='ocrx_word' id='word_1_215' title='bbox 2764 1964 2879 2033; x_wconf 80' lang='grc' dir='ltr'>τοῦ,</span> <span class='ocrx_word' id='word_1_216' title='bbox 2912 1970 3106 2037; x_wconf 80' lang='grc' dir='ltr'>Μικρὰ</span> <span class='ocrx_word' id='word_1_217' title='bbox 3134 1968 3279 2039; x_wconf 82' lang='grc' dir='ltr'>ζύμη</span> <span class='ocrx_word' id='word_1_218' title='bbox 3298 1971 3447 2027; x_wconf 72' lang='grc' dir='ltr'><strong>ὅλον</strong></span> <span class='ocrx_word' id='word_1_219' title='bbox 3468 1974 3531 2029; x_wconf 83' lang='grc' dir='ltr'>τὸ</span> <span class='ocrx_word' id='word_1_220' title='bbox 3556 1977 3746 2047; x_wconf 63' lang='grc' dir='ltr'>φύραμα</span> 
     </span>
    </p>
   </div>
   <div class='ocr_carea' id='block_1_33' title="bbox 420 2046 1973 2125">
    <p class='ocr_par' dir='ltr' id='par_1_33' title="bbox 420 2046 1973 2119">
     <span class='ocr_line' id='line_1_34' title="bbox 420 2046 1973 2119; baseline -0.007 -9"><span class='ocrx_word' id='word_1_221' title='bbox 420 2094 423 2095; x_wconf 49' lang='grc' dir='ltr'><strong>ν</strong></span> <span class='ocrx_word' id='word_1_222' title='bbox 535 2065 695 2111; x_wconf 79' lang='lat' dir='ltr'><strong>latam</strong></span> <span class='ocrx_word' id='word_1_223' title='bbox 723 2069 955 2108; x_wconf 84' lang='lat' dir='ltr'><strong>massam</strong></span> <span class='ocrx_word' id='word_1_224' title='bbox 987 2052 1278 2119; x_wconf 86' lang='lat' dir='ltr'><strong>corrumpit</strong></span> <span class='ocrx_word' id='word_1_225' title='bbox 1310 2050 1350 2113; x_wconf 80' lang='grc'>³,</span> <span class='ocrx_word' id='word_1_226' title='bbox 1382 2049 1666 2118; x_wconf 86' lang='lat' dir='ltr'><strong>rescripsit</strong></span> <span class='ocrx_word' id='word_1_227' title='bbox 1693 2046 1973 2113; x_wconf 74' lang='lat' dir='ltr'><strong>adulterat.</strong></span> 
     </span>
    </p>
   </div>
   <div class='ocr_carea' id='block_1_34' title="bbox 1410 2046 2963 2125">
    <p class='ocr_par' dir='ltr' id='par_1_34' title="bbox 1411 2046 2963 2125">
     <span class='ocr_line' id='line_1_35' title="bbox 1411 2046 2963 2125; baseline 0.005 -22"><span class='ocrx_word' id='word_1_228' title='bbox 1411 2049 1666 2118; x_wconf 88' lang='lat' dir='ltr'><strong>escripsit</strong></span> <span class='ocrx_word' id='word_1_229' title='bbox 1693 2046 1980 2113; x_wconf 75' lang='lat' dir='ltr'><strong>adulterat.</strong></span> <span class='ocrx_word' id='word_1_230' title='bbox 2224 2051 2409 2121; x_wconf 81' lang='grc' dir='ltr'><strong>ζυμοῖ,</strong></span> <span class='ocrx_word' id='word_1_231' title='bbox 2445 2053 2668 2125; x_wconf 77' lang='grc' dir='ltr'>ἐποίησε</span> <span class='ocrx_word' id='word_1_232' title='bbox 2700 2055 2742 2119; x_wconf 72' lang='grc'>⁸,</span> <span class='ocrx_word' id='word_1_233' title='bbox 2775 2055 2963 2110; x_wconf 76' lang='grc' dir='ltr'>δολοῒ.</span> 
     </span>
    </p>
   </div>
   <div class='ocr_carea' id='block_1_35' title="bbox 602 2137 2155 2229">
    <p class='ocr_par' dir='ltr' id='par_1_35' title="bbox 602 2137 2123 2213">
     <span class='ocr_line' id='line_1_36' title="bbox 602 2137 2123 2213; baseline -0.006 -13"><span class='ocrx_word' id='word_1_234' title='bbox 602 2146 784 2202; x_wconf 82' lang='lat' dir='ltr'><strong>Refut.</strong></span> <span class='ocrx_word' id='word_1_235' title='bbox 814 2146 867 2201; x_wconf 80' lang='grc'><strong>4.</strong></span> <span class='ocrx_word' id='word_1_236' title='bbox 896 2143 974 2200; x_wconf 90' lang='lat' dir='ltr'><strong>Ne</strong></span> <span class='ocrx_word' id='word_1_237' title='bbox 1011 2143 1157 2213; x_wconf 91' lang='lat' dir='ltr'><strong>quod</strong></span> <span class='ocrx_word' id='word_1_238' title='bbox 1187 2141 1259 2196; x_wconf 89' lang='lat' dir='ltr'><strong>sit</strong></span> <span class='ocrx_word' id='word_1_239' title='bbox 1295 2139 1438 2210; x_wconf 87' lang='lat' dir='ltr'><strong>apud</strong></span> <span class='ocrx_word' id='word_1_240' title='bbox 1490 2140 1642 2195; x_wconf 90' lang='lat' dir='ltr'><strong>illum</strong></span> <span class='ocrx_word' id='word_1_241' title='bbox 1679 2139 1926 2194; x_wconf 85' lang='lat' dir='ltr'><strong>veritatis</strong></span> <span class='ocrx_word' id='word_1_242' title='bbox 1956 2137 2123 2193; x_wconf 76' lang='lat' dir='ltr'><strong>vesti-</strong></span> 
     </span>
    </p>
   </div>
   <div class='ocr_carea' id='block_1_36' title="bbox 2193 2137 3746 2229">
    <p class='ocr_par' dir='ltr' id='par_1_36' title="bbox 2297 2144 3746 2229">
     <span class='ocr_line' id='line_1_37' title="bbox 2297 2144 3746 2229; baseline 0.012 -33"><span class='ocrx_word' id='word_1_243' title='bbox 2297 2144 2518 2215; x_wconf 87' lang='grc' dir='ltr'>Ἔλεγχ.</span> <span class='ocrx_word' id='word_1_244' title='bbox 2546 2145 2607 2200; x_wconf 82' lang='grc' dir='ltr'><strong>δ’.</strong></span> <span class='ocrx_word' id='word_1_245' title='bbox 2643 2146 2760 2200; x_wconf 85' lang='grc' dir='ltr'>Ἵνα</span> <span class='ocrx_word' id='word_1_246' title='bbox 2790 2147 2957 2219; x_wconf 82' lang='grc' dir='ltr'>μηδὲν</span> <span class='ocrx_word' id='word_1_247' title='bbox 2982 2149 3177 2221; x_wconf 77' lang='grc' dir='ltr'>ἀληθὲς</span> <span class='ocrx_word' id='word_1_248' title='bbox 3204 2154 3334 2225; x_wconf 78' lang='grc' dir='ltr'>παρ’</span> <span class='ocrx_word' id='word_1_249' title='bbox 3351 2155 3497 2227; x_wconf 81' lang='grc' dir='ltr'>αὐτῷ</span> <span class='ocrx_word' id='word_1_250' title='bbox 3525 2157 3746 2229; x_wconf 80' lang='grc' dir='ltr'>εὑρεθείη,</span> 
     </span>
    </p>
   </div>
   <div class='ocr_carea' id='block_1_37' title="bbox 533 2230 2086 2322">
    <p class='ocr_par' dir='ltr' id='par_1_37' title="bbox 533 2230 2086 2310">
     <span class='ocr_line' id='line_1_38' title="bbox 533 2230 2086 2310; baseline -0.007 -17"><span class='ocrx_word' id='word_1_251' title='bbox 533 2242 699 2310; x_wconf 73' lang='lat' dir='ltr'><strong>gium,</strong></span> <span class='ocrx_word' id='word_1_252' title='bbox 741 2252 1012 2308; x_wconf 87' lang='lat' dir='ltr'><strong>nusquam</strong></span> <span class='ocrx_word' id='word_1_253' title='bbox 1052 2234 1166 2291; x_wconf 82' lang='lat' dir='ltr'><strong>fere</strong></span> <span class='ocrx_word' id='word_1_254' title='bbox 1215 2234 1528 2303; x_wconf 88' lang='lat' dir='ltr'><strong>Scripturas</strong></span> <span class='ocrx_word' id='word_1_255' title='bbox 1564 2232 1763 2302; x_wconf 73' lang='lat' dir='ltr'><strong>attigit,</strong></span> <span class='ocrx_word' id='word_1_256' title='bbox 1796 2231 1926 2301; x_wconf 89' lang='lat' dir='ltr'><strong>quin</strong></span> <span class='ocrx_word' id='word_1_257' title='bbox 1967 2230 2086 2284; x_wconf 84' lang='lat' dir='ltr'><strong>mali</strong></span> 
     </span>
    </p>
   </div>
   <div class='ocr_carea' id='block_1_38' title="bbox 2195 2230 3748 2322">
    <p class='ocr_par' dir='ltr' id='par_1_38' title="bbox 2222 2237 3748 2322">
     <span class='ocr_line' id='line_1_39' title="bbox 2222 2237 3748 2322; baseline 0.009 -32"><span class='ocrx_word' id='word_1_258' title='bbox 2222 2237 2459 2308; x_wconf 81' lang='grc' dir='ltr'>οὐδαμοῦ</span> <span class='ocrx_word' id='word_1_259' title='bbox 2490 2238 2675 2309; x_wconf 83' lang='grc' dir='ltr'>σχεδὸν</span> <span class='ocrx_word' id='word_1_260' title='bbox 2700 2240 2828 2295; x_wconf 76' lang='grc' dir='ltr'>ἄνευ</span> <span class='ocrx_word' id='word_1_261' title='bbox 2855 2242 3204 2314; x_wconf 82' lang='grc' dir='ltr'><strong>ῥᾳδιουργίας</strong></span> <span class='ocrx_word' id='word_1_262' title='bbox 3227 2252 3346 2311; x_wconf 80' lang='grc' dir='ltr'>ταῖς</span> <span class='ocrx_word' id='word_1_263' title='bbox 3374 2249 3603 2321; x_wconf 77' lang='grc' dir='ltr'>Γραφαῖς</span> <span class='ocrx_word' id='word_1_264' title='bbox 3622 2268 3748 2322; x_wconf 79' lang='grc' dir='ltr'>προσ‹</span> 
     </span>
    </p>
   </div>
   <div class='ocr_carea' id='block_1_39' title="bbox 535 2322 2088 2413">
    <p class='ocr_par' dir='ltr' id='par_1_39' title="bbox 535 2322 2088 2400">
     <span class='ocr_line' id='line_1_40' title="bbox 535 2322 2088 2400; baseline -0.008 -15"><span class='ocrx_word' id='word_1_265' title='bbox 535 2334 669 2386; x_wconf 85' lang='lat' dir='ltr'><strong>liose</strong></span> <span class='ocrx_word' id='word_1_266' title='bbox 723 2328 927 2400; x_wconf 88' lang='lat' dir='ltr'><strong>aliquid</strong></span> <span class='ocrx_word' id='word_1_267' title='bbox 976 2329 1327 2391; x_wconf 81' lang='lat' dir='ltr'><strong>immutaret;</strong></span> <span class='ocrx_word' id='word_1_268' title='bbox 1378 2322 1475 2380; x_wconf 91' lang='lat' dir='ltr'><strong>sed</strong></span> <span class='ocrx_word' id='word_1_269' title='bbox 1508 2339 1571 2379; x_wconf 78' lang='lat' dir='ltr'><strong>ex</strong></span> <span class='ocrx_word' id='word_1_270' title='bbox 1602 2338 1669 2378; x_wconf 91' lang='lat' dir='ltr'><strong>eo</strong></span> <span class='ocrx_word' id='word_1_271' title='bbox 1700 2323 1843 2392; x_wconf 89' lang='lat' dir='ltr'><strong>quod</strong></span> <span class='ocrx_word' id='word_1_272' title='bbox 1877 2323 2088 2391; x_wconf 85' lang='lat' dir='ltr'><strong>sequitu</strong></span> 
     </span>
    </p>
   </div>
   <div class='ocr_carea' id='block_1_40' title="bbox 2197 2322 3750 2413">
    <p class='ocr_par' dir='ltr' id='par_1_40' title="bbox 2224 2329 3750 2413">
     <span class='ocr_line' id='line_1_41' title="bbox 2224 2329 3750 2413; baseline 0.01 -34"><span class='ocrx_word' id='word_1_273' title='bbox 2224 2329 2527 2396; x_wconf 84' lang='grc' dir='ltr'>ενήνεκται.</span> <span class='ocrx_word' id='word_1_274' title='bbox 2582 2329 2743 2384; x_wconf 80' lang='grc' dir='ltr'>Ἀλλὰ</span> <span class='ocrx_word' id='word_1_275' title='bbox 2771 2331 2868 2384; x_wconf 84' lang='grc' dir='ltr'><strong>ἀπ’</strong></span> <span class='ocrx_word' id='word_1_276' title='bbox 2898 2332 3068 2403; x_wconf 75' lang='grc' dir='ltr'>αὐτῆς</span> <span class='ocrx_word' id='word_1_277' title='bbox 3088 2335 3189 2405; x_wconf 80' lang='grc' dir='ltr'>τῆς</span> <span class='ocrx_word' id='word_1_278' title='bbox 3217 2338 3535 2402; x_wconf 83' lang='grc' dir='ltr'>ἀκολουθίας</span> <span class='ocrx_word' id='word_1_279' title='bbox 3564 2343 3595 2413; x_wconf 79' lang='grc' dir='ltr'>ὴ</span> <span class='ocrx_word' id='word_1_280' title='bbox 3621 2343 3750 2410; x_wconf 57' lang='lat' dir='ltr'><strong>cavi-</strong></span> 
     </span>
    </p>
   </div>
   <div class='ocr_carea' id='block_1_41' title="bbox 533 2412 2086 2506">
    <p class='ocr_par' dir='ltr' id='par_1_41' title="bbox 533 2412 2086 2489">
     <span class='ocr_line' id='line_1_42' title="bbox 533 2412 2086 2489; baseline -0.008 -10"><span class='ocrx_word' id='word_1_281' title='bbox 533 2421 799 2479; x_wconf 83' lang='lat' dir='ltr'><strong>orationis</strong></span> <span class='ocrx_word' id='word_1_282' title='bbox 830 2419 1003 2475; x_wconf 81' lang='lat' dir='ltr'><strong>series</strong></span> <span class='ocrx_word' id='word_1_283' title='bbox 1031 2419 1148 2489; x_wconf 88' lang='lat' dir='ltr'><strong>ipsa</strong></span> <span class='ocrx_word' id='word_1_284' title='bbox 1178 2415 1470 2472; x_wconf 78' lang='lat' dir='ltr'><strong>manifesta</strong></span> <span class='ocrx_word' id='word_1_285' title='bbox 1516 2415 1782 2470; x_wconf 87' lang='lat' dir='ltr'><strong>redditur.</strong></span> <span class='ocrx_word' id='word_1_286' title='bbox 1831 2412 1966 2467; x_wconf 84' lang='lat' dir='ltr'><strong>Nam</strong></span> <span class='ocrx_word' id='word_1_287' title='bbox 2018 2413 2086 2467; x_wconf 81' lang='lat' dir='ltr'><strong>fel</strong></span> 
     </span>
    </p>
   </div>
   <div class='ocr_carea' id='block_1_42' title="bbox 2196 2412 3749 2506">
    <p class='ocr_par' dir='ltr' id='par_1_42' title="bbox 2229 2412 3749 2506">
     <span class='ocr_line' id='line_1_43' title="bbox 2229 2412 3749 2506; baseline 0.003 -35"><span class='ocrx_word' id='word_1_288' title='bbox 2229 2436 2394 2491; x_wconf 84' lang='grc' dir='ltr'>ρωσις</span> <span class='ocrx_word' id='word_1_289' title='bbox 2420 2419 2513 2473; x_wconf 83' lang='grc' dir='ltr'>τοῦ</span> <span class='ocrx_word' id='word_1_290' title='bbox 2547 2420 2707 2489; x_wconf 84' lang='grc' dir='ltr'>λόγου</span> <span class='ocrx_word' id='word_1_291' title='bbox 2737 2421 2967 2491; x_wconf 89' lang='grc' dir='ltr'>γίνεται.</span> <span class='ocrx_word' id='word_1_292' title='bbox 3005 2425 3071 2478; x_wconf 88' lang='grc' dir='ltr'><em>Ἦ</em></span> <span class='ocrx_word' id='word_1_293' title='bbox 3093 2428 3162 2495; x_wconf 77' lang='grc' dir='ltr'>γὰ</span> <span class='ocrx_word' id='word_1_294' title='bbox 3172 2445 3200 2498; x_wconf 85' lang='grc' dir='ltr'><strong>ρ</strong></span> <span class='ocrx_word' id='word_1_295' title='bbox 3218 2428 3363 2501; x_wconf 77' lang='grc' dir='ltr'>ζύμη</span> <span class='ocrx_word' id='word_1_296' title='bbox 3394 2428 3455 2485; x_wconf 80' lang='grc' dir='ltr'><strong>τὸ</strong></span> <span class='ocrx_word' id='word_1_297' title='bbox 3478 2412 3602 2497; x_wconf 69' lang='grc' dir='ltr'>εἶδος</span> <span class='ocrx_word' id='word_1_298' title='bbox 3625 2436 3749 2506; x_wconf 71' lang='grc' dir='ltr'>φυρά.</span> 
     </span>
    </p>
   </div>
   <div class='ocr_carea' id='block_1_43' title="bbox 535 2504 2088 2597">
    <p class='ocr_par' dir='ltr' id='par_1_43' title="bbox 535 2504 2088 2579">
     <span class='ocr_line' id='line_1_44' title="bbox 535 2504 2088 2579; baseline -0.007 -10"><span class='ocrx_word' id='word_1_299' title='bbox 535 2522 815 2579; x_wconf 86' lang='lat' dir='ltr'><strong>mentum,</strong></span> <span class='ocrx_word' id='word_1_300' title='bbox 870 2508 1017 2565; x_wconf 83' lang='lat' dir='ltr'><strong>velut</strong></span> <span class='ocrx_word' id='word_1_301' title='bbox 1074 2508 1251 2562; x_wconf 86' lang='lat' dir='ltr'><strong>forma</strong></span> <span class='ocrx_word' id='word_1_302' title='bbox 1302 2506 1582 2577; x_wconf 66' lang='lat' dir='ltr'><strong>quaedam,</strong></span> <span class='ocrx_word' id='word_1_303' title='bbox 1637 2520 1834 2561; x_wconf 68' lang='lat' dir='ltr'><strong>massae</strong></span> <span class='ocrx_word' id='word_1_304' title='bbox 1881 2504 2088 2561; x_wconf 86' lang='lat' dir='ltr'><strong>subact:</strong></span> 
     </span>
    </p>
   </div>
   <div class='ocr_carea' id='block_1_44' title="bbox 2195 2504 3748 2597">
    <p class='ocr_par' dir='ltr' id='par_1_44' title="bbox 2228 2504 3748 2597">
     <span class='ocr_line' id='line_1_45' title="bbox 2228 2504 3748 2597; baseline 0.01 -33"><span class='ocrx_word' id='word_1_305' title='bbox 2228 2529 2398 2583; x_wconf 81' lang='grc' dir='ltr'>ματος</span> <span class='ocrx_word' id='word_1_306' title='bbox 2429 2512 2617 2583; x_wconf 81' lang='grc' dir='ltr'>ἔργον·</span> <span class='ocrx_word' id='word_1_307' title='bbox 2657 2515 2752 2568; x_wconf 76' lang='grc' dir='ltr'>καὶ</span> <span class='ocrx_word' id='word_1_308' title='bbox 2772 2516 2879 2569; x_wconf 80' lang='grc' dir='ltr'><strong>ἀπὸ</strong></span> <span class='ocrx_word' id='word_1_309' title='bbox 2906 2517 3000 2570; x_wconf 78' lang='grc' dir='ltr'>τοῦ</span> <span class='ocrx_word' id='word_1_310' title='bbox 3029 2521 3350 2591; x_wconf 76' lang='grc' dir='ltr'>φυράματος</span> <span class='ocrx_word' id='word_1_311' title='bbox 3385 2524 3446 2578; x_wconf 84' lang='grc' dir='ltr'>τὸ</span> <span class='ocrx_word' id='word_1_312' title='bbox 3473 2504 3748 2597; x_wconf 75' lang='grc' dir='ltr'>ζυμοῦσθαι·</span> 
     </span>
    </p>
   </div>
   <div class='ocr_carea' id='block_1_45' title="bbox 533 2596 2086 2686">
    <p class='ocr_par' dir='ltr' id='par_1_45' title="bbox 533 2596 2083 2677">
     <span class='ocr_line' id='line_1_46' title="bbox 533 2596 2083 2677; baseline -0.008 -15"><span class='ocrx_word' id='word_1_313' title='bbox 533 2621 668 2677; x_wconf 87' lang='lat' dir='ltr'><strong>opus</strong></span> <span class='ocrx_word' id='word_1_314' title='bbox 700 2610 805 2667; x_wconf 89' lang='lat' dir='ltr'><strong>est,</strong></span> <span class='ocrx_word' id='word_1_315' title='bbox 836 2608 891 2657; x_wconf 88' lang='lat' dir='ltr'><strong>et</strong></span> <span class='ocrx_word' id='word_1_316' title='bbox 920 2597 1266 2656; x_wconf 82' lang='lat' dir='ltr'><strong>fermentatio</strong></span> <span class='ocrx_word' id='word_1_317' title='bbox 1292 2598 1410 2668; x_wconf 90' lang='lat' dir='ltr'><strong>ipsa</strong></span> <span class='ocrx_word' id='word_1_318' title='bbox 1449 2612 1480 2653; x_wconf 89' lang='lat' dir='ltr'><strong>e</strong></span> <span class='ocrx_word' id='word_1_319' title='bbox 1537 2596 1766 2652; x_wconf 87' lang='lat' dir='ltr'><strong>subacta</strong></span> <span class='ocrx_word' id='word_1_320' title='bbox 1796 2610 1977 2652; x_wconf 87' lang='lat' dir='ltr'><strong>massa</strong></span> <span class='ocrx_word' id='word_1_321' title='bbox 2025 2597 2083 2650; x_wconf 86' lang='lat' dir='ltr'><strong>iit</strong></span> 
     </span>
    </p>
   </div>
   <div class='ocr_carea' id='block_1_46' title="bbox 2199 2596 3752 2686">
    <p class='ocr_par' dir='ltr' id='par_1_46' title="bbox 2226 2596 3752 2686">
     <span class='ocr_line' id='line_1_47' title="bbox 2226 2596 3752 2686; baseline 0.009 -30"><span class='ocrx_word' id='word_1_322' title='bbox 2226 2605 2320 2658; x_wconf 71' lang='lat' dir='ltr'><strong>xui.</strong></span> <span class='ocrx_word' id='word_1_323' title='bbox 2376 2606 2476 2657; x_wconf 87' lang='grc' dir='ltr'><strong>οὐκ</strong></span> <span class='ocrx_word' id='word_1_324' title='bbox 2523 2609 2580 2659; x_wconf 84' lang='grc' dir='ltr'>ὲν</span> <span class='ocrx_word' id='word_1_325' title='bbox 2606 2608 2720 2671; x_wconf 83' lang='grc' dir='ltr'>τοῖς</span> <span class='ocrx_word' id='word_1_326' title='bbox 2759 2609 3136 2680; x_wconf 80' lang='grc' dir='ltr'>πρωτοτύποις</span> <span class='ocrx_word' id='word_1_327' title='bbox 3169 2612 3232 2665; x_wconf 80' lang='grc' dir='ltr'><strong>τὸ</strong></span> <span class='ocrx_word' id='word_1_328' title='bbox 3295 2610 3438 2679; x_wconf 81' lang='grc' dir='ltr'>εἶδος</span> <span class='ocrx_word' id='word_1_329' title='bbox 3479 2596 3752 2686; x_wconf 59' lang='grc' dir='ltr'>ὴᾲἀνιζενὸ</span> 
     </span>
    </p>
   </div>
   <div class='ocr_carea' id='block_1_47' title="bbox 537 2687 2090 2780">
    <p class='ocr_par' dir='ltr' id='par_1_47' title="bbox 537 2687 2090 2767">
     <span class='ocr_line' id='line_1_48' title="bbox 537 2687 2090 2767; baseline -0.006 -16"><span class='ocrx_word' id='word_1_330' title='bbox 537 2710 707 2767; x_wconf 81' lang='lat' dir='ltr'><strong>neque</strong></span> <span class='ocrx_word' id='word_1_331' title='bbox 740 2690 1117 2765; x_wconf 80' lang='lat' dir='ltr'><strong>primigeniam</strong></span> <span class='ocrx_word' id='word_1_332' title='bbox 1158 2687 1390 2744; x_wconf 75' lang='lat' dir='ltr'><strong>formam</strong></span> <span class='ocrx_word' id='word_1_333' title='bbox 1426 2687 1717 2752; x_wconf 84' lang='lat' dir='ltr'><strong>destruxit,</strong></span> <span class='ocrx_word' id='word_1_334' title='bbox 1761 2687 1855 2757; x_wconf 89' lang='lat' dir='ltr'><strong>qui</strong></span> <span class='ocrx_word' id='word_1_335' title='bbox 1893 2687 2090 2758; x_wconf 87' lang='lat' dir='ltr'><strong>pruder</strong></span> 
     </span>
    </p>
   </div>
   <div class='ocr_carea' id='block_1_48' title="bbox 2199 2687 3752 2780">
    <p class='ocr_par' dir='ltr' id='par_1_48' title="bbox 2229 2696 3752 2780">
     <span class='ocr_line' id='line_1_49' title="bbox 2229 2696 3752 2780; baseline 0.01 -32"><span class='ocrx_word' id='word_1_336' title='bbox 2229 2696 2468 2761; x_wconf 84' lang='grc' dir='ltr'>συνετῶς</span> <span class='ocrx_word' id='word_1_337' title='bbox 2521 2699 2619 2769; x_wconf 80' lang='grc' dir='ltr'>τὴν</span> <span class='ocrx_word' id='word_1_338' title='bbox 2677 2700 2994 2772; x_wconf 77' lang='grc' dir='ltr'>παραϐολὴν</span> <span class='ocrx_word' id='word_1_339' title='bbox 3053 2703 3145 2755; x_wconf 83' lang='grc' dir='ltr'>τοῦ</span> <span class='ocrx_word' id='word_1_340' title='bbox 3199 2705 3518 2777; x_wconf 80' lang='grc' dir='ltr'>αἰνίγματος</span> <span class='ocrx_word' id='word_1_341' title='bbox 3570 2710 3752 2780; x_wconf 49' lang='lat' dir='ltr'><strong>reirei.</strong></span> 
     </span>
    </p>
   </div>
   <div class='ocr_carea' id='block_1_49' title="bbox 535 2781 2409 2858">
    <p class='ocr_par' dir='ltr' id='par_1_49' title="bbox 535 2781 2409 2858">
     <span class='ocr_line' id='line_1_50' title="bbox 535 2781 2409 2858; baseline -0.004 -15"><span class='ocrx_word' id='word_1_342' title='bbox 535 2802 616 2847; x_wconf 83' lang='lat' dir='ltr'><strong>ter</strong></span> <span class='ocrx_word' id='word_1_343' title='bbox 656 2784 1068 2845; x_wconf 87' lang='lat' dir='ltr'><strong>similitudinem</strong></span> <span class='ocrx_word' id='word_1_344' title='bbox 1137 2782 1283 2836; x_wconf 85' lang='lat' dir='ltr'><strong>illam</strong></span> <span class='ocrx_word' id='word_1_345' title='bbox 1335 2781 1907 2852; x_wconf 89' lang='lat' dir='ltr'><strong>comparationemque</strong></span> <span class='ocrx_word' id='word_1_346' title='bbox 1945 2787 2127 2835; x_wconf 82' lang='lat' dir='ltr'><strong>trans-</strong></span> <span class='ocrx_word' id='word_1_347' title='bbox 2228 2804 2409 2858; x_wconf 82' lang='grc' dir='ltr'>μενος.</span> 
     </span>
    </p>
   </div>
   <div class='ocr_carea' id='block_1_50' title="bbox 536 2883 674 2936">
    <p class='ocr_par' dir='ltr' id='par_1_50' title="bbox 536 2883 674 2936">
     <span class='ocr_line' id='line_1_51' title="bbox 536 2883 674 2936; baseline -0.014 0"><span class='ocrx_word' id='word_1_348' title='bbox 536 2883 674 2936; x_wconf 87' lang='lat' dir='ltr'><strong>tulit.</strong></span> 
     </span>
    </p>
   </div>
   <div class='ocr_carea' id='block_1_51' title="bbox 605 2962 2158 3046">
    <p class='ocr_par' dir='ltr' id='par_1_51' title="bbox 605 2962 2124 3033">
     <span class='ocr_line' id='line_1_52' title="bbox 605 2962 2124 3033; baseline -0.003 -7"><span class='ocrx_word' id='word_1_349' title='bbox 605 2971 787 3027; x_wconf 80' lang='lat' dir='ltr'><strong>Schol.</strong></span> <span class='ocrx_word' id='word_1_350' title='bbox 841 2968 893 3023; x_wconf 85' lang='grc'><strong>5.</strong></span> <span class='ocrx_word' id='word_1_351' title='bbox 946 2966 1132 3023; x_wconf 81' lang='lat' dir='ltr'><strong>Omnis</strong></span> <span class='ocrx_word' id='word_1_352' title='bbox 1158 2965 1297 3019; x_wconf 86' lang='lat' dir='ltr'><strong>enim</strong></span> <span class='ocrx_word' id='word_1_353' title='bbox 1332 2963 1420 3018; x_wconf 79' lang='lat' dir='ltr'><strong>lea:</strong></span> <span class='ocrx_word' id='word_1_354' title='bbox 1460 2962 1514 3017; x_wconf 86' lang='lat' dir='ltr'><strong>in</strong></span> <span class='ocrx_word' id='word_1_355' title='bbox 1554 2979 1615 3018; x_wconf 88' lang='lat' dir='ltr'><strong>eo</strong></span> <span class='ocrx_word' id='word_1_356' title='bbox 1645 2965 1810 3019; x_wconf 67' lang='lat' dir='ltr'><strong>vobis.</strong></span> <span class='ocrx_word' id='word_1_357' title='bbox 1837 2963 2081 3033; x_wconf 83' lang='lat' dir='ltr'><strong>impletur</strong></span> <span class='ocrx_word' id='word_1_358' title='bbox 2105 2982 2124 3021; x_wconf 91' lang='lat'><em>:</em></span> 
     </span>
    </p>
   </div>
   <div class='ocr_carea' id='block_1_52' title="bbox 2199 2962 3752 3046">
    <p class='ocr_par' dir='ltr' id='par_1_52' title="bbox 2296 2969 3752 3046">
     <span class='ocr_line' id='line_1_53' title="bbox 2296 2969 3752 3046; baseline 0.005 -23"><span class='ocrx_word' id='word_1_359' title='bbox 2296 2969 2454 3041; x_wconf 88' lang='grc' dir='ltr'><strong>Σχόλ.</strong></span> <span class='ocrx_word' id='word_1_360' title='bbox 2482 2976 2543 3023; x_wconf 87' lang='grc' dir='ltr'><strong>ε’.</strong></span> <span class='ocrx_word' id='word_1_361' title='bbox 2581 2969 2634 3022; x_wconf 80' lang='lat'><strong>&#39;0</strong></span> <span class='ocrx_word' id='word_1_362' title='bbox 2685 2969 2794 3040; x_wconf 62' lang='grc' dir='ltr'>γὰρ</span> <span class='ocrx_word' id='word_1_363' title='bbox 2842 2970 2962 3037; x_wconf 85' lang='grc' dir='ltr'>πᾶς</span> <span class='ocrx_word' id='word_1_364' title='bbox 2996 2972 3181 3042; x_wconf 78' lang='grc' dir='ltr'>νόμος</span> <span class='ocrx_word' id='word_1_365' title='bbox 3211 2974 3355 3044; x_wconf 79' lang='grc' dir='ltr'><strong>ὑμῖν</strong></span> <span class='ocrx_word' id='word_1_366' title='bbox 3397 2979 3752 3046; x_wconf 61' lang='grc' dir='ltr'>πεπλήίωται·</span> 
     </span>
    </p>
   </div>
   <div class='ocr_carea' id='block_1_53' title="bbox 536 3058 2089 3135">
    <p class='ocr_par' dir='ltr' id='par_1_53' title="bbox 536 3058 1736 3135">
     <span class='ocr_line' id='line_1_54' title="bbox 536 3058 1736 3135; baseline -0.005 -15"><span class='ocrx_word' id='word_1_367' title='bbox 536 3065 732 3135; x_wconf 76' lang='lat' dir='ltr'><strong>Diliges</strong></span> <span class='ocrx_word' id='word_1_368' title='bbox 758 3062 1059 3132; x_wconf 74' lang='lat' dir='ltr'><strong>proximum</strong></span> <span class='ocrx_word' id='word_1_369' title='bbox 1095 3068 1242 3112; x_wconf 85' lang='lat' dir='ltr'><strong>tuum</strong></span> <span class='ocrx_word' id='word_1_370' title='bbox 1276 3058 1412 3112; x_wconf 79' lang='lat' dir='ltr'><strong>sicut</strong></span> <span class='ocrx_word' id='word_1_371' title='bbox 1449 3058 1673 3124; x_wconf 83' lang='lat' dir='ltr'><strong>teipsum</strong></span> <span class='ocrx_word' id='word_1_372' title='bbox 1692 3059 1736 3114; x_wconf 83' lang='grc'><strong>⁸.</strong></span> 
     </span>
    </p>
   </div>
   <div class='ocr_carea' id='block_1_54' title="bbox 2081 3058 3634 3135">
    <p class='ocr_par' dir='ltr' id='par_1_54' title="bbox 2226 3061 3634 3133">
     <span class='ocr_line' id='line_1_55' title="bbox 2226 3061 3634 3133; baseline 0.005 -17"><span class='ocrx_word' id='word_1_373' title='bbox 2226 3062 2246 3093; x_wconf 80' lang='grc'><strong>⁷</strong></span> <span class='ocrx_word' id='word_1_374' title='bbox 2286 3061 2649 3132; x_wconf 73' lang='grc' dir='ltr'>Ἀγαπήσεις</span> <span class='ocrx_word' id='word_1_375' title='bbox 2672 3061 2779 3114; x_wconf 76' lang='grc' dir='ltr'><strong>τὸν</strong></span> <span class='ocrx_word' id='word_1_376' title='bbox 2813 3064 3082 3131; x_wconf 76' lang='grc' dir='ltr'>πλησίον</span> <span class='ocrx_word' id='word_1_377' title='bbox 3107 3079 3223 3119; x_wconf 87' lang='grc' dir='ltr'>σου</span> <span class='ocrx_word' id='word_1_378' title='bbox 3255 3066 3335 3133; x_wconf 86' lang='grc' dir='ltr'>ὡς</span> <span class='ocrx_word' id='word_1_379' title='bbox 3369 3070 3634 3123; x_wconf 79' lang='grc' dir='ltr'>σεαυτόν.</span> 
     </span>
    </p>
   </div>
   <div class='ocr_carea' id='block_1_55' title="bbox 604 3150 2157 3232">
    <p class='ocr_par' dir='ltr' id='par_1_55' title="bbox 604 3150 2120 3221">
     <span class='ocr_line' id='line_1_56' title="bbox 604 3150 2120 3221; baseline -0.004 -11"><span class='ocrx_word' id='word_1_380' title='bbox 604 3158 785 3212; x_wconf 68' lang='grc' dir='ltr'>ιίοιιιι.</span> <span class='ocrx_word' id='word_1_381' title='bbox 820 3154 874 3210; x_wconf 83' lang='grc'><strong>5.</strong></span> <span class='ocrx_word' id='word_1_382' title='bbox 919 3152 1057 3220; x_wconf 86' lang='lat' dir='ltr'><strong>Quid</strong></span> <span class='ocrx_word' id='word_1_383' title='bbox 1098 3151 1361 3207; x_wconf 83' lang='lat' dir='ltr'><strong>attinebat</strong></span> <span class='ocrx_word' id='word_1_384' title='bbox 1400 3151 1721 3220; x_wconf 81' lang='lat' dir='ltr'><strong>Apostolum</strong></span> <span class='ocrx_word' id='word_1_385' title='bbox 1757 3151 1928 3221; x_wconf 82' lang='lat' dir='ltr'><strong>legem</strong></span> <span class='ocrx_word' id='word_1_386' title='bbox 1973 3150 2120 3205; x_wconf 85' lang='lat' dir='ltr'><strong>adhi-</strong></span> 
     </span>
    </p>
   </div>
   <div class='ocr_carea' id='block_1_56' title="bbox 2203 3150 3756 3232">
    <p class='ocr_par' dir='ltr' id='par_1_56' title="bbox 2300 3155 3756 3232">
     <span class='ocr_line' id='line_1_57' title="bbox 2300 3155 3756 3232; baseline 0.005 -25"><span class='ocrx_word' id='word_1_387' title='bbox 2300 3155 2519 3225; x_wconf 85' lang='grc' dir='ltr'>Ἐλεγχ.</span> <span class='ocrx_word' id='word_1_388' title='bbox 2547 3160 2604 3208; x_wconf 83' lang='grc' dir='ltr'><strong>ε’.</strong></span> <span class='ocrx_word' id='word_1_389' title='bbox 2635 3155 2731 3218; x_wconf 87' lang='grc' dir='ltr'>Τίς</span> <span class='ocrx_word' id='word_1_390' title='bbox 2756 3156 2870 3208; x_wconf 87' lang='grc' dir='ltr'>ὲστι</span> <span class='ocrx_word' id='word_1_391' title='bbox 2898 3156 3057 3227; x_wconf 82' lang='grc' dir='ltr'>χρεία</span> <span class='ocrx_word' id='word_1_392' title='bbox 3078 3156 3156 3227; x_wconf 78' lang='grc' dir='ltr'>τῷ</span> <span class='ocrx_word' id='word_1_393' title='bbox 3176 3158 3315 3230; x_wconf 81' lang='grc' dir='ltr'>ἁγίῳ</span> <span class='ocrx_word' id='word_1_394' title='bbox 3331 3160 3625 3232; x_wconf 80' lang='grc' dir='ltr'>’Δποστόλῳ</span> 
     </span>
    </p>
   </div>
   <div class='ocr_carea' id='block_1_57' title="bbox 539 3241 2092 3325">
    <p class='ocr_par' dir='ltr' id='par_1_57' title="bbox 539 3241 2092 3317">
     <span class='ocr_line' id='line_1_58' title="bbox 539 3241 2092 3317; baseline -0.007 -11"><span class='ocrx_word' id='word_1_395' title='bbox 539 3257 682 3317; x_wconf 81' lang='lat' dir='ltr'><strong>here,</strong></span> <span class='ocrx_word' id='word_1_396' title='bbox 728 3249 775 3305; x_wconf 90' lang='lat' dir='ltr'><strong>si</strong></span> <span class='ocrx_word' id='word_1_397' title='bbox 831 3264 859 3303; x_wconf 92' lang='lat' dir='ltr'><strong>a</strong></span> <span class='ocrx_word' id='word_1_398' title='bbox 906 3246 1184 3303; x_wconf 79' lang='lat' dir='ltr'><strong>veteribus</strong></span> <span class='ocrx_word' id='word_1_399' title='bbox 1232 3242 1505 3299; x_wconf 89' lang='lat' dir='ltr'><strong>mandatis</strong></span> <span class='ocrx_word' id='word_1_400' title='bbox 1558 3241 1769 3298; x_wconf 83' lang='lat' dir='ltr'><strong>Novum</strong></span> <span class='ocrx_word' id='word_1_401' title='bbox 1805 3241 2092 3297; x_wconf 84' lang='lat' dir='ltr'><strong>Testamen</strong></span> 
     </span>
    </p>
   </div>
   <div class='ocr_carea' id='block_1_58' title="bbox 2200 3241 3753 3325">
    <p class='ocr_par' dir='ltr' id='par_1_58' title="bbox 2200 3244 3753 3324">
     <span class='ocr_line' id='line_1_59' title="bbox 2200 3244 3753 3324; baseline -0.009 -8"><span class='ocrx_word' id='word_1_402' title='bbox 2200 3247 2486 3317; x_wconf 74' lang='grc' dir='ltr'>χρῆσθαι,</span> <span class='ocrx_word' id='word_1_403' title='bbox 2516 3248 2564 3300; x_wconf 76' lang='grc' dir='ltr'><strong>εἶ</strong></span> <span class='ocrx_word' id='word_1_404' title='bbox 2618 3246 3025 3318; x_wconf 78' lang='grc' dir='ltr'>ἀπηλλοτρίωτο</span> <span class='ocrx_word' id='word_1_405' title='bbox 3063 3244 3240 3321; x_wconf 75' lang='grc' dir='ltr'>Καινὴ</span> <span class='ocrx_word' id='word_1_406' title='bbox 3282 3252 3524 3324; x_wconf 77' lang='grc' dir='ltr'>Διαθήκη</span> <span class='ocrx_word' id='word_1_407' title='bbox 3572 3255 3658 3324; x_wconf 77' lang='grc' dir='ltr'>τῆς</span> <span class='ocrx_word' id='word_1_408' title='bbox 3682 3270 3753 3305; x_wconf 74' lang='grc' dir='ltr'>πα-</span> 
     </span>
    </p>
   </div>
   <div class='ocr_carea' id='block_1_59' title="bbox 539 3335 2092 3413">
    <p class='ocr_par' dir='ltr' id='par_1_59' title="bbox 539 3335 2089 3399">
     <span class='ocr_line' id='line_1_60' title="bbox 539 3335 2089 3399; baseline -0.006 -3"><span class='ocrx_word' id='word_1_409' title='bbox 539 3356 647 3397; x_wconf 78' lang='lat' dir='ltr'><strong>lum</strong></span> <span class='ocrx_word' id='word_1_410' title='bbox 678 3340 1040 3397; x_wconf 82' lang='lat' dir='ltr'><strong>abhorreret?</strong></span> <span class='ocrx_word' id='word_1_411' title='bbox 1071 3338 1176 3394; x_wconf 88' lang='lat' dir='ltr'><strong>Sed</strong></span> <span class='ocrx_word' id='word_1_412' title='bbox 1212 3346 1270 3391; x_wconf 88' lang='lat' dir='ltr'><strong>ut</strong></span> <span class='ocrx_word' id='word_1_413' title='bbox 1303 3344 1489 3399; x_wconf 78' lang='lat' dir='ltr'><strong>aperte</strong></span> <span class='ocrx_word' id='word_1_414' title='bbox 1531 3342 1861 3390; x_wconf 86' lang='lat' dir='ltr'><strong>monstraret</strong></span> <span class='ocrx_word' id='word_1_415' title='bbox 1893 3335 2001 3387; x_wconf 90' lang='lat' dir='ltr'><strong>duo</strong></span> <span class='ocrx_word' id='word_1_416' title='bbox 2035 3335 2089 3387; x_wconf 92' lang='lat' dir='ltr'><strong>ill</strong></span> 
     </span>
    </p>
   </div>
   <div class='ocr_carea' id='block_1_60' title="bbox 2203 3335 3756 3413">
    <p class='ocr_par' dir='ltr' id='par_1_60' title="bbox 2229 3335 3756 3413">
     <span class='ocr_line' id='line_1_61' title="bbox 2229 3335 3756 3413; baseline 0.003 -24"><span class='ocrx_word' id='word_1_417' title='bbox 2229 3335 2383 3399; x_wconf 79' lang='grc' dir='ltr'>λαιᾶς</span> <span class='ocrx_word' id='word_1_418' title='bbox 2411 3337 2763 3407; x_wconf 81' lang='grc' dir='ltr'>νομοθεσίας;</span> <span class='ocrx_word' id='word_1_419' title='bbox 2812 3336 2950 3390; x_wconf 84' lang='grc' dir='ltr'>Ἀλλ’</span> <span class='ocrx_word' id='word_1_420' title='bbox 2981 3338 3068 3393; x_wconf 81' lang='grc' dir='ltr'><strong>ἴνα</strong></span> <span class='ocrx_word' id='word_1_421' title='bbox 3100 3339 3267 3413; x_wconf 78' lang='grc' dir='ltr'>δείξῃ,</span> <span class='ocrx_word' id='word_1_422' title='bbox 3300 3341 3385 3396; x_wconf 81' lang='grc' dir='ltr'><strong>δτι</strong></span> <span class='ocrx_word' id='word_1_423' title='bbox 3414 3344 3507 3396; x_wconf 80' lang='grc' dir='ltr'>τοῦ</span> <span class='ocrx_word' id='word_1_424' title='bbox 3533 3344 3638 3407; x_wconf 74' lang='grc' dir='ltr'>ἑνὸς</span> <span class='ocrx_word' id='word_1_425' title='bbox 3657 3341 3756 3395; x_wconf 82' lang='grc' dir='ltr'>Θεοῦ</span> 
     </span>
    </p>
   </div>
   <div class='ocr_carea' id='block_1_61' title="bbox 540 3427 2093 3508">
    <p class='ocr_par' dir='ltr' id='par_1_61' title="bbox 540 3427 2093 3497">
     <span class='ocr_line' id='line_1_62' title="bbox 540 3427 2093 3497; baseline -0.005 -10"><span class='ocrx_word' id='word_1_426' title='bbox 540 3434 885 3490; x_wconf 87' lang='lat' dir='ltr'><strong>Testamenta</strong></span> <span class='ocrx_word' id='word_1_427' title='bbox 908 3433 975 3487; x_wconf 90' lang='lat' dir='ltr'><strong>ab</strong></span> <span class='ocrx_word' id='word_1_428' title='bbox 1001 3446 1110 3485; x_wconf 90' lang='lat' dir='ltr'><strong>uno</strong></span> <span class='ocrx_word' id='word_1_429' title='bbox 1132 3429 1432 3497; x_wconf 89' lang='lat' dir='ltr'><strong>eodemque</strong></span> <span class='ocrx_word' id='word_1_430' title='bbox 1461 3436 1689 3482; x_wconf 86' lang='lat' dir='ltr'><strong>auctore</strong></span> <span class='ocrx_word' id='word_1_431' title='bbox 1715 3427 1824 3481; x_wconf 91' lang='lat' dir='ltr'><strong>Deo</strong></span> <span class='ocrx_word' id='word_1_432' title='bbox 1851 3442 2093 3480; x_wconf 67' lang='lat' dir='ltr'><strong>manasse</strong></span> 
     </span>
    </p>
   </div>
   <div class='ocr_carea' id='block_1_62' title="bbox 2203 3427 3756 3508">
    <p class='ocr_par' dir='ltr' id='par_1_62' title="bbox 2228 3428 3756 3508">
     <span class='ocr_line' id='line_1_63' title="bbox 2228 3428 3756 3508; baseline 0.002 -27"><span class='ocrx_word' id='word_1_433' title='bbox 2228 3429 2284 3481; x_wconf 80' lang='lat' dir='ltr'><strong>ai</strong></span> <span class='ocrx_word' id='word_1_434' title='bbox 2314 3428 2406 3482; x_wconf 86' lang='grc' dir='ltr'><strong>δύο</strong></span> <span class='ocrx_word' id='word_1_435' title='bbox 2432 3429 2721 3498; x_wconf 81' lang='grc' dir='ltr'>Διαθῆκαι,</span> <span class='ocrx_word' id='word_1_436' title='bbox 2756 3430 2849 3483; x_wconf 73' lang='grc' dir='ltr'><strong>καὶ</strong></span> <span class='ocrx_word' id='word_1_437' title='bbox 2872 3428 2904 3500; x_wconf 82' lang='grc' dir='ltr'><strong>ἡ</strong></span> <span class='ocrx_word' id='word_1_438' title='bbox 2934 3432 3223 3502; x_wconf 82' lang='grc' dir='ltr'>συμφωνία</span> <span class='ocrx_word' id='word_1_439' title='bbox 3247 3433 3308 3486; x_wconf 82' lang='grc' dir='ltr'>τὸ</span> <span class='ocrx_word' id='word_1_440' title='bbox 3338 3435 3666 3508; x_wconf 85' lang='grc' dir='ltr'>πληρωτικὸν</span> <span class='ocrx_word' id='word_1_441' title='bbox 3689 3434 3756 3485; x_wconf 75' lang='grc' dir='ltr'>τοῦ</span> 
     </span>
    </p>
   </div>
   <div class='ocr_carea' id='block_1_63' title="bbox 539 3519 2092 3601">
    <p class='ocr_par' dir='ltr' id='par_1_63' title="bbox 539 3519 2092 3593">
     <span class='ocr_line' id='line_1_64' title="bbox 539 3519 2092 3593; baseline -0.003 -19"><span class='ocrx_word' id='word_1_442' title='bbox 539 3538 914 3593; x_wconf 88' lang='lat' dir='ltr'><strong>summamque</strong></span> <span class='ocrx_word' id='word_1_443' title='bbox 946 3521 1229 3576; x_wconf 86' lang='lat' dir='ltr'><strong>amborum</strong></span> <span class='ocrx_word' id='word_1_444' title='bbox 1258 3534 1382 3573; x_wconf 91' lang='lat' dir='ltr'><strong>esse</strong></span> <span class='ocrx_word' id='word_1_445' title='bbox 1419 3519 1795 3582; x_wconf 91' lang='lat' dir='ltr'><strong>concordiam,</strong></span> <span class='ocrx_word' id='word_1_446' title='bbox 1838 3519 2092 3587; x_wconf 90' lang='lat' dir='ltr'><strong>utrobiqu</strong></span> 
     </span>
    </p>
   </div>
   <div class='ocr_carea' id='block_1_64' title="bbox 2203 3519 3756 3601">
    <p class='ocr_par' dir='ltr' id='par_1_64' title="bbox 2228 3520 3756 3601">
     <span class='ocr_line' id='line_1_65' title="bbox 2228 3520 3756 3601; baseline 0.002 -27"><span class='ocrx_word' id='word_1_447' title='bbox 2228 3521 2394 3593; x_wconf 87' lang='grc' dir='ltr'>νόμου</span> <span class='ocrx_word' id='word_1_448' title='bbox 2425 3521 2516 3575; x_wconf 81' lang='grc' dir='ltr'>διὰ</span> <span class='ocrx_word' id='word_1_449' title='bbox 2544 3520 2646 3591; x_wconf 82' lang='grc' dir='ltr'>τῆς</span> <span class='ocrx_word' id='word_1_450' title='bbox 2672 3522 2892 3594; x_wconf 81' lang='grc' dir='ltr'><strong>ἀγάπης</strong></span> <span class='ocrx_word' id='word_1_451' title='bbox 2919 3523 3014 3577; x_wconf 81' lang='grc' dir='ltr'>τοῦ</span> <span class='ocrx_word' id='word_1_452' title='bbox 3029 3523 3255 3596; x_wconf 83' lang='grc' dir='ltr'>πλησίον</span> <span class='ocrx_word' id='word_1_453' title='bbox 3284 3528 3586 3601; x_wconf 73' lang='grc' dir='ltr'>ἰσορρόπως</span> <span class='ocrx_word' id='word_1_454' title='bbox 3608 3532 3655 3581; x_wconf 86' lang='grc' dir='ltr'>ὲν</span> <span class='ocrx_word' id='word_1_455' title='bbox 3669 3530 3756 3587; x_wconf 74' lang='grc' dir='ltr'>ταῖς</span> 
     </span>
    </p>
   </div>
   <div class='ocr_carea' id='block_1_65' title="bbox 544 3609 2097 3694">
    <p class='ocr_par' dir='ltr' id='par_1_65' title="bbox 544 3609 2096 3683">
     <span class='ocr_line' id='line_1_66' title="bbox 544 3609 2096 3683; baseline -0.003 -17"><span class='ocrx_word' id='word_1_456' title='bbox 544 3613 913 3683; x_wconf 78' lang='lat' dir='ltr'><strong>proximorum</strong></span> <span class='ocrx_word' id='word_1_457' title='bbox 945 3612 1211 3666; x_wconf 88' lang='lat' dir='ltr'><strong>charitate</strong></span> <span class='ocrx_word' id='word_1_458' title='bbox 1262 3611 1433 3681; x_wconf 82' lang='lat' dir='ltr'><strong>legem</strong></span> <span class='ocrx_word' id='word_1_459' title='bbox 1487 3609 1699 3679; x_wconf 91' lang='lat' dir='ltr'><strong>impleri</strong></span> <span class='ocrx_word' id='word_1_460' title='bbox 1755 3610 2096 3680; x_wconf 80' lang='lat' dir='ltr'><strong>signiﬁcatur</strong></span> 
     </span>
    </p>
   </div>
   <div class='ocr_carea' id='block_1_66' title="bbox 2201 3609 3754 3694">
    <p class='ocr_par' dir='ltr' id='par_1_66' title="bbox 2226 3614 3754 3694">
     <span class='ocr_line' id='line_1_67' title="bbox 2226 3614 3754 3694; baseline 0.001 -27"><span class='ocrx_word' id='word_1_461' title='bbox 2226 3614 2320 3667; x_wconf 82' lang='grc' dir='ltr'><strong>δύο</strong></span> <span class='ocrx_word' id='word_1_462' title='bbox 2339 3614 2637 3686; x_wconf 83' lang='grc' dir='ltr'>Διαθήκαις</span> <span class='ocrx_word' id='word_1_463' title='bbox 2688 3614 3035 3687; x_wconf 79' lang='grc' dir='ltr'>γνωρίζεται,</span> <span class='ocrx_word' id='word_1_464' title='bbox 3088 3617 3149 3670; x_wconf 85' lang='grc' dir='ltr'><strong>τὸ</strong></span> <span class='ocrx_word' id='word_1_465' title='bbox 3196 3618 3384 3673; x_wconf 82' lang='grc' dir='ltr'>τέλεον</span> <span class='ocrx_word' id='word_1_466' title='bbox 3442 3619 3754 3694; x_wconf 75' lang='grc' dir='ltr'>ἐργαζομένου</span> 
     </span>
    </p>
   </div>
   <div class='ocr_carea' id='block_1_67' title="bbox 539 3700 2092 3789">
    <p class='ocr_par' dir='ltr' id='par_1_67' title="bbox 539 3702 2092 3779">
     <span class='ocr_line' id='line_1_68' title="bbox 539 3702 2092 3779; baseline -0.002 -19"><span class='ocrx_word' id='word_1_467' title='bbox 539 3724 661 3778; x_wconf 67' lang='lat' dir='ltr'><strong>qum</strong></span> <span class='ocrx_word' id='word_1_468' title='bbox 719 3703 1015 3779; x_wconf 79' lang='lat' dir='ltr'><strong>perfectum</strong></span> <span class='ocrx_word' id='word_1_469' title='bbox 1085 3703 1451 3774; x_wconf 85' lang='lat' dir='ltr'><strong>omnibusque</strong></span> <span class='ocrx_word' id='word_1_470' title='bbox 1516 3702 1762 3757; x_wconf 86' lang='lat' dir='ltr'><strong>numeris</strong></span> <span class='ocrx_word' id='word_1_471' title='bbox 1817 3703 2092 3758; x_wconf 86' lang='lat' dir='ltr'><strong>ahsolutm</strong></span> 
     </span>
    </p>
   </div>
   <div class='ocr_carea' id='block_1_68' title="bbox 2203 3700 3756 3789">
    <p class='ocr_par' dir='ltr' id='par_1_68' title="bbox 2227 3700 3756 3781">
     <span class='ocr_line' id='line_1_69' title="bbox 2227 3700 3756 3781; baseline 0.004 -23"><span class='ocrx_word' id='word_1_472' title='bbox 2227 3700 2289 3759; x_wconf 75' lang='grc' dir='ltr'><strong>τὸ</strong></span> <span class='ocrx_word' id='word_1_473' title='bbox 2312 3704 2540 3774; x_wconf 80' lang='grc' dir='ltr'>ἀγαθὸν,</span> <span class='ocrx_word' id='word_1_474' title='bbox 2576 3705 2743 3776; x_wconf 84' lang='grc' dir='ltr'>νόμου</span> <span class='ocrx_word' id='word_1_475' title='bbox 2773 3706 3053 3760; x_wconf 84' lang='grc' dir='ltr'>τελείωσιν</span> <span class='ocrx_word' id='word_1_476' title='bbox 3083 3703 3235 3763; x_wconf 80' lang='grc' dir='ltr'>εἶπεν</span> <span class='ocrx_word' id='word_1_477' title='bbox 3256 3704 3403 3765; x_wconf 80' lang='grc' dir='ltr'>εἶναι</span> <span class='ocrx_word' id='word_1_478' title='bbox 3434 3714 3531 3781; x_wconf 86' lang='grc' dir='ltr'><strong>τὴν</strong></span> <span class='ocrx_word' id='word_1_479' title='bbox 3567 3712 3756 3780; x_wconf 72' lang='grc' dir='ltr'>ἀγάπην.</span> 
     </span>
    </p>
   </div>
   <div class='ocr_carea' id='block_1_69' title="bbox 543 3793 2128 3864">
    <p class='ocr_par' dir='ltr' id='par_1_69' title="bbox 543 3793 2128 3864">
     <span class='ocr_line' id='line_1_70' title="bbox 543 3793 2128 3864; baseline -0.002 -11"><span class='ocrx_word' id='word_1_480' title='bbox 543 3804 742 3854; x_wconf 84' lang='lat' dir='ltr'><strong>bonum</strong></span> <span class='ocrx_word' id='word_1_481' title='bbox 790 3796 1005 3853; x_wconf 88' lang='lat' dir='ltr'><strong>eiIieiat.</strong></span> <span class='ocrx_word' id='word_1_482' title='bbox 1059 3794 1183 3849; x_wconf 84' lang='lat' dir='ltr'><strong>ideo</strong></span> <span class='ocrx_word' id='word_1_483' title='bbox 1223 3793 1611 3864; x_wconf 81' lang='lat' dir='ltr'><strong>perfectionem</strong></span> <span class='ocrx_word' id='word_1_484' title='bbox 1657 3794 1794 3864; x_wconf 80' lang='lat' dir='ltr'><strong>legis</strong></span> <span class='ocrx_word' id='word_1_485' title='bbox 1834 3794 2128 3863; x_wconf 83' lang='lat' dir='ltr'><strong>Apostolus</strong></span> 
     </span>
    </p>
   </div>
   <div class='ocr_carea' id='block_1_70' title="bbox 541 3884 1254 3945">
    <p class='ocr_par' dir='ltr' id='par_1_70' title="bbox 541 3884 1254 3945">
     <span class='ocr_line' id='line_1_71' title="bbox 541 3884 1254 3945; baseline -0.004 -2"><span class='ocrx_word' id='word_1_486' title='bbox 541 3889 862 3945; x_wconf 87' lang='lat' dir='ltr'><strong>charitatem</strong></span> <span class='ocrx_word' id='word_1_487' title='bbox 894 3884 1016 3942; x_wconf 87' lang='lat' dir='ltr'><strong>esse</strong></span> <span class='ocrx_word' id='word_1_488' title='bbox 1041 3885 1254 3941; x_wconf 88' lang='lat' dir='ltr'><strong>deiinit.</strong></span> 
     </span>
    </p>
   </div>
   <div class='ocr_carea' id='block_1_71' title="bbox 610 3969 2163 4050">
    <p class='ocr_par' dir='ltr' id='par_1_71' title="bbox 610 3978 2131 4050">
     <span class='ocr_line' id='line_1_72' title="bbox 610 3978 2131 4050; baseline -0.001 -14"><span class='ocrx_word' id='word_1_489' title='bbox 610 3981 799 4036; x_wconf 85' lang='lat' dir='ltr'><strong>Schol.</strong></span> <span class='ocrx_word' id='word_1_490' title='bbox 828 3979 881 4034; x_wconf 80' lang='lat'><strong>6.</strong></span> <span class='ocrx_word' id='word_1_491' title='bbox 913 3978 1206 4047; x_wconf 79' lang='lat' dir='ltr'><strong>Manifesta</strong></span> <span class='ocrx_word' id='word_1_492' title='bbox 1236 3986 1361 4032; x_wconf 84' lang='lat' dir='ltr'><strong>sunt</strong></span> <span class='ocrx_word' id='word_1_493' title='bbox 1390 3985 1564 4030; x_wconf 81' lang='lat' dir='ltr'><strong>autent</strong></span> <span class='ocrx_word' id='word_1_494' title='bbox 1596 3990 1753 4043; x_wconf 85' lang='lat' dir='ltr'><strong>opera</strong></span> <span class='ocrx_word' id='word_1_495' title='bbox 1780 3979 1979 4042; x_wconf 83' lang='lat' dir='ltr'><strong>carnis,</strong></span> <span class='ocrx_word' id='word_1_496' title='bbox 2014 3996 2131 4050; x_wconf 63' lang='lat' dir='ltr'><strong>quae</strong></span> 
     </span>
    </p>
   </div>
   <div class='ocr_carea' id='block_1_72' title="bbox 2203 3969 3756 4050">
    <p class='ocr_par' dir='ltr' id='par_1_72' title="bbox 2300 3969 3756 4044">
     <span class='ocr_line' id='line_1_73' title="bbox 2300 3969 3756 4044; baseline 0.002 -20"><span class='ocrx_word' id='word_1_497' title='bbox 2300 3969 2456 4043; x_wconf 86' lang='grc' dir='ltr'>Σχόλ.</span> <span class='ocrx_word' id='word_1_498' title='bbox 2502 3978 2578 4037; x_wconf 84' lang='grc' dir='ltr'><strong>ς’.</strong></span> <span class='ocrx_word' id='word_1_499' title='bbox 2606 3970 2837 4039; x_wconf 80' lang='grc' dir='ltr'>Φανερὰ</span> <span class='ocrx_word' id='word_1_500' title='bbox 2864 3970 2933 4026; x_wconf 75' lang='grc' dir='ltr'>δέ</span> <span class='ocrx_word' id='word_1_501' title='bbox 2978 3971 3111 4027; x_wconf 80' lang='grc' dir='ltr'>ἐστι</span> <span class='ocrx_word' id='word_1_502' title='bbox 3145 3973 3216 4028; x_wconf 82' lang='grc' dir='ltr'>τὰ</span> <span class='ocrx_word' id='word_1_503' title='bbox 3247 3974 3396 4044; x_wconf 69' lang='grc' dir='ltr'>ἔργα</span> <span class='ocrx_word' id='word_1_504' title='bbox 3427 3975 3535 4044; x_wconf 84' lang='grc' dir='ltr'>τῆς</span> <span class='ocrx_word' id='word_1_505' title='bbox 3553 3974 3756 4043; x_wconf 74' lang='grc' dir='ltr'>σαρκός·</span> 
     </span>
    </p>
   </div>
   <div class='ocr_carea' id='block_1_73' title="bbox 545 4064 2098 4142">
    <p class='ocr_par' dir='ltr' id='par_1_73' title="bbox 545 4068 2098 4142">
     <span class='ocr_line' id='line_1_74' title="bbox 545 4068 2098 4142; baseline 0 -16"><span class='ocrx_word' id='word_1_506' title='bbox 545 4082 659 4128; x_wconf 73' lang='lat' dir='ltr'><strong>sunt</strong></span> <span class='ocrx_word' id='word_1_507' title='bbox 686 4073 992 4142; x_wconf 78' lang='lat' dir='ltr'><strong>fornicatio,</strong></span> <span class='ocrx_word' id='word_1_508' title='bbox 1016 4069 1377 4134; x_wconf 86' lang='lat' dir='ltr'><strong>immunditia,</strong></span> <span class='ocrx_word' id='word_1_509' title='bbox 1431 4068 1645 4123; x_wconf 74' lang='lat' dir='ltr'><strong>luxuria</strong></span> <span class='ocrx_word' id='word_1_510' title='bbox 1666 4108 1680 4131; x_wconf 95' lang='lat'><strong>,</strong></span> <span class='ocrx_word' id='word_1_511' title='bbox 1724 4069 1992 4124; x_wconf 83' lang='lat' dir='ltr'><strong>idolorum</strong></span> <span class='ocrx_word' id='word_1_512' title='bbox 2026 4089 2098 4126; x_wconf 79' lang='lat' dir='ltr'><strong>set</strong></span> 
     </span>
    </p>
   </div>
   <div class='ocr_carea' id='block_1_74' title="bbox 2203 4064 3756 4142">
    <p class='ocr_par' dir='ltr' id='par_1_74' title="bbox 2230 4064 3756 4139">
     <span class='ocr_line' id='line_1_75' title="bbox 2230 4064 3756 4139; baseline -0.001 -19"><span class='ocrx_word' id='word_1_513' title='bbox 2230 4064 2403 4120; x_wconf 73' lang='grc' dir='ltr'>ἅτινά</span> <span class='ocrx_word' id='word_1_514' title='bbox 2441 4065 2571 4119; x_wconf 84' lang='grc' dir='ltr'>ἐστι</span> <span class='ocrx_word' id='word_1_515' title='bbox 2623 4064 2889 4132; x_wconf 84' lang='grc' dir='ltr'>πορνεία,</span> <span class='ocrx_word' id='word_1_516' title='bbox 2925 4065 3284 4136; x_wconf 78' lang='grc' dir='ltr'>ἀκαθαρσία,</span> <span class='ocrx_word' id='word_1_517' title='bbox 3315 4069 3620 4139; x_wconf 76' lang='grc' dir='ltr'>ἀσέλγεια,</span> <span class='ocrx_word' id='word_1_518' title='bbox 3640 4067 3756 4122; x_wconf 73' lang='grc' dir='ltr'>εἰδω-</span> 
     </span>
    </p>
   </div>
   <div class='ocr_carea' id='block_1_75' title="bbox 545 4150 2098 4232">
    <p class='ocr_par' dir='ltr' id='par_1_75' title="bbox 545 4150 2098 4232">
     <span class='ocr_line' id='line_1_76' title="bbox 545 4150 2098 4232; baseline -0.003 -13"><span class='ocrx_word' id='word_1_519' title='bbox 545 4167 695 4230; x_wconf 78' lang='lat' dir='ltr'><strong>ritus,</strong></span> <span class='ocrx_word' id='word_1_520' title='bbox 729 4150 1001 4232; x_wconf 73' lang='lat' dir='ltr'><strong>tienc/icia,</strong></span> <span class='ocrx_word' id='word_1_521' title='bbox 1035 4161 1364 4225; x_wconf 66' lang='lat' dir='ltr'><strong>inimicitiae,</strong></span> <span class='ocrx_word' id='word_1_522' title='bbox 1410 4160 1787 4223; x_wconf 78' lang='lat' dir='ltr'><strong>contentiones,</strong></span> <span class='ocrx_word' id='word_1_523' title='bbox 1831 4161 2098 4215; x_wconf 72' lang='lat' dir='ltr'><strong>wntttlatia</strong></span> 
     </span>
    </p>
   </div>
   <div class='ocr_carea' id='block_1_76' title="bbox 2203 4150 3756 4232">
    <p class='ocr_par' dir='ltr' id='par_1_76' title="bbox 2228 4156 3756 4230">
     <span class='ocr_line' id='line_1_77' title="bbox 2228 4156 3756 4230; baseline 0.003 -18"><span class='ocrx_word' id='word_1_524' title='bbox 2228 4159 2601 4226; x_wconf 71' lang='grc' dir='ltr'>λολατρείαι,</span> <span class='ocrx_word' id='word_1_525' title='bbox 2653 4156 3046 4226; x_wconf 75' lang='grc' dir='ltr'>φαρμακεῖαι,</span> <span class='ocrx_word' id='word_1_526' title='bbox 3107 4159 3311 4229; x_wconf 74' lang='grc' dir='ltr'>ἔχθραι</span> <span class='ocrx_word' id='word_1_527' title='bbox 3332 4201 3347 4224; x_wconf 87' lang='grc'><strong>,</strong></span> <span class='ocrx_word' id='word_1_528' title='bbox 3393 4162 3568 4230; x_wconf 81' lang='grc' dir='ltr'>ἕρεις,</span> <span class='ocrx_word' id='word_1_529' title='bbox 3617 4159 3756 4227; x_wconf 67' lang='grc' dir='ltr'>ζῆλοι,</span> 
     </span>
    </p>
   </div>
   <div class='ocr_carea' id='block_1_77' title="bbox 536 4249 2089 4321">
    <p class='ocr_par' dir='ltr' id='par_1_77' title="bbox 536 4251 2089 4320">
     <span class='ocr_line' id='line_1_78' title="bbox 536 4251 2089 4320; baseline -0.005 -8"><span class='ocrx_word' id='word_1_530' title='bbox 536 4275 649 4320; x_wconf 78' lang='lat' dir='ltr'><strong>nes,</strong></span> <span class='ocrx_word' id='word_1_531' title='bbox 678 4257 796 4316; x_wconf 75' lang='lat' dir='ltr'><strong>irw.</strong></span> <span class='ocrx_word' id='word_1_532' title='bbox 830 4257 983 4318; x_wconf 67' lang='grc' dir='ltr'>νίκα,</span> <span class='ocrx_word' id='word_1_533' title='bbox 1015 4253 1391 4313; x_wconf 80' lang='lat' dir='ltr'><strong>dissensiones,</strong></span> <span class='ocrx_word' id='word_1_534' title='bbox 1426 4261 1603 4312; x_wconf 65' lang='grc' dir='ltr'>δαείω,</span> <span class='ocrx_word' id='word_1_535' title='bbox 1630 4251 1934 4316; x_wconf 81' lang='lat' dir='ltr'><strong>homicidia,</strong></span> <span class='ocrx_word' id='word_1_536' title='bbox 1965 4252 2089 4306; x_wconf 64' lang='lat' dir='ltr'><strong>ebrii</strong></span> 
     </span>
    </p>
   </div>
   <div class='ocr_carea' id='block_1_78' title="bbox 2206 4249 3759 4321">
    <p class='ocr_par' dir='ltr' id='par_1_78' title="bbox 2230 4249 3759 4321">
     <span class='ocr_line' id='line_1_79' title="bbox 2230 4249 3759 4321; baseline 0 -14"><span class='ocrx_word' id='word_1_537' title='bbox 2230 4251 2425 4320; x_wconf 77' lang='grc' dir='ltr'>θυμοί,</span> <span class='ocrx_word' id='word_1_538' title='bbox 2475 4250 2736 4320; x_wconf 78' lang='grc' dir='ltr'>ἐριθεῖαι,</span> <span class='ocrx_word' id='word_1_539' title='bbox 2770 4249 3175 4319; x_wconf 76' lang='grc' dir='ltr'>διχοστασίαι,</span> <span class='ocrx_word' id='word_1_540' title='bbox 3226 4251 3515 4319; x_wconf 78' lang='grc' dir='ltr'>αἱρέσεις,</span> <span class='ocrx_word' id='word_1_541' title='bbox 3576 4250 3759 4321; x_wconf 60' lang='grc' dir='ltr'>φθόνοι.</span> 
     </span>
    </p>
   </div>
   <div class='ocr_carea' id='block_1_79' title="bbox 544 4338 2097 4413">
    <p class='ocr_par' dir='ltr' id='par_1_79' title="bbox 544 4342 2097 4413">
     <span class='ocr_line' id='line_1_80' title="bbox 544 4342 2097 4413; baseline -0.003 -10"><span class='ocrx_word' id='word_1_542' title='bbox 544 4360 695 4413; x_wconf 79' lang='lat' dir='ltr'><strong>tates,</strong></span> <span class='ocrx_word' id='word_1_543' title='bbox 720 4349 1183 4403; x_wconf 83' lang='lat' dir='ltr'><strong>commessationes</strong></span> <span class='ocrx_word' id='word_1_544' title='bbox 1213 4359 1230 4396; x_wconf 93' lang='lat'><strong><em>:</em></strong></span> <span class='ocrx_word' id='word_1_545' title='bbox 1260 4360 1376 4413; x_wconf 64' lang='lat' dir='ltr'><strong>quia</strong></span> <span class='ocrx_word' id='word_1_546' title='bbox 1404 4343 1636 4411; x_wconf 69' lang='lat' dir='ltr'><strong>praedico</strong></span> <span class='ocrx_word' id='word_1_547' title='bbox 1667 4342 1807 4395; x_wconf 84' lang='lat' dir='ltr'><strong>vobis</strong></span> <span class='ocrx_word' id='word_1_548' title='bbox 1835 4345 1969 4397; x_wconf 85' lang='lat' dir='ltr'><strong>sicut</strong></span> <span class='ocrx_word' id='word_1_549' title='bbox 2000 4360 2097 4412; x_wconf 84' lang='lat' dir='ltr'><strong>pra</strong></span> 
     </span>
    </p>
   </div>
   <div class='ocr_carea' id='block_1_80' title="bbox 2206 4338 3759 4413">
    <p class='ocr_par' dir='ltr' id='par_1_80' title="bbox 2224 4338 3759 4413">
     <span class='ocr_line' id='line_1_81' title="bbox 2224 4338 3759 4413; baseline -0.004 -16"><span class='ocrx_word' id='word_1_550' title='bbox 2224 4345 2419 4413; x_wconf 82' lang='grc' dir='ltr'>μέθαι,</span> <span class='ocrx_word' id='word_1_551' title='bbox 2480 4343 2698 4412; x_wconf 83' lang='grc' dir='ltr'>κῶμοι·</span> <span class='ocrx_word' id='word_1_552' title='bbox 2747 4342 2944 4409; x_wconf 82' lang='grc' dir='ltr'>καθὼς</span> <span class='ocrx_word' id='word_1_553' title='bbox 2995 4344 3092 4399; x_wconf 75' lang='grc' dir='ltr'><strong>καὶ</strong></span> <span class='ocrx_word' id='word_1_554' title='bbox 3150 4344 3463 4411; x_wconf 76' lang='grc' dir='ltr'>προεῖπον,</span> <span class='ocrx_word' id='word_1_555' title='bbox 3522 4344 3604 4397; x_wconf 83' lang='grc' dir='ltr'>ὅτι</span> <span class='ocrx_word' id='word_1_556' title='bbox 3642 4345 3688 4396; x_wconf 80' lang='grc' dir='ltr'>οἱ</span> <span class='ocrx_word' id='word_1_557' title='bbox 3714 4338 3759 4392; x_wconf 73' lang='grc' dir='ltr'>τὰ</span> 
     </span>
    </p>
   </div>
   <div class='ocr_carea' id='block_1_81' title="bbox 539 4430 2092 4509">
    <p class='ocr_par' dir='ltr' id='par_1_81' title="bbox 539 4430 2092 4509">
     <span class='ocr_line' id='line_1_82' title="bbox 539 4430 2092 4509; baseline -0.005 -16"><span class='ocrx_word' id='word_1_558' title='bbox 539 4442 672 4502; x_wconf 71' lang='lat' dir='ltr'><strong>dixi,</strong></span> <span class='ocrx_word' id='word_1_559' title='bbox 703 4440 950 4509; x_wconf 82' lang='lat' dir='ltr'><strong>quoniam</strong></span> <span class='ocrx_word' id='word_1_560' title='bbox 978 4438 1067 4507; x_wconf 85' lang='lat' dir='ltr'><strong>qui</strong></span> <span class='ocrx_word' id='word_1_561' title='bbox 1096 4435 1230 4488; x_wconf 88' lang='lat' dir='ltr'><strong>talia</strong></span> <span class='ocrx_word' id='word_1_562' title='bbox 1252 4442 1413 4503; x_wconf 84' lang='lat' dir='ltr'><strong>agunt</strong></span> <span class='ocrx_word' id='word_1_563' title='bbox 1445 4448 1658 4504; x_wconf 82' lang='lat' dir='ltr'><strong>regnum</strong></span> <span class='ocrx_word' id='word_1_564' title='bbox 1695 4430 1792 4486; x_wconf 80' lang='lat' dir='ltr'><strong>Dei</strong></span> <span class='ocrx_word' id='word_1_565' title='bbox 1826 4450 1927 4488; x_wconf 87' lang='lat' dir='ltr'><strong>non</strong></span> <span class='ocrx_word' id='word_1_566' title='bbox 1958 4439 2092 4503; x_wconf 75' lang='lat' dir='ltr'><strong>passi</strong></span> 
     </span>
    </p>
   </div>
   <div class='ocr_carea' id='block_1_82' title="bbox 2205 4430 3758 4509">
    <p class='ocr_par' dir='ltr' id='par_1_82' title="bbox 2228 4433 3758 4504">
     <span class='ocr_line' id='line_1_83' title="bbox 2228 4433 3758 4504; baseline 0.001 -14"><span class='ocrx_word' id='word_1_567' title='bbox 2228 4436 2474 4490; x_wconf 81' lang='grc' dir='ltr'>τοιαῦτα</span> <span class='ocrx_word' id='word_1_568' title='bbox 2503 4433 2886 4503; x_wconf 70' lang='grc' dir='ltr'>πράσσοντες</span> <span class='ocrx_word' id='word_1_569' title='bbox 2904 4434 3235 4499; x_wconf 72' lang='grc' dir='ltr'>,ϐασιλείαν</span> <span class='ocrx_word' id='word_1_570' title='bbox 3256 4436 3409 4491; x_wconf 85' lang='grc' dir='ltr'>Θεοῦ</span> <span class='ocrx_word' id='word_1_571' title='bbox 3432 4439 3505 4491; x_wconf 84' lang='grc' dir='ltr'>οὐ</span> <span class='ocrx_word' id='word_1_572' title='bbox 3528 4439 3758 4504; x_wconf 69' lang='grc' dir='ltr'><strong>κληρονοσ</strong></span> 
     </span>
    </p>
   </div>
   <div class='ocr_carea' id='block_1_83' title="bbox 541 4516 2560 4600">
    <p class='ocr_par' dir='ltr' id='par_1_83' title="bbox 541 4516 2560 4600">
     <span class='ocr_line' id='line_1_84' title="bbox 541 4516 2560 4600; baseline 0 -17"><span class='ocrx_word' id='word_1_573' title='bbox 541 4532 733 4585; x_wconf 70' lang='grc' dir='ltr'>ιἐὺιιηι</span> <span class='ocrx_word' id='word_1_574' title='bbox 762 4529 802 4582; x_wconf 74' lang='grc'><strong>³.</strong></span> <span class='ocrx_word' id='word_1_575' title='bbox 1344 4516 1355 4529; x_wconf 71' lang='grc'><em>’</em></span> <span class='ocrx_word' id='word_1_576' title='bbox 2226 4527 2560 4600; x_wconf 77' lang='grc' dir='ltr'>μήσουσιν.</span> 
     </span>
    </p>
   </div>
   <div class='ocr_carea' id='block_1_84' title="bbox 615 4601 2168 4693">
    <p class='ocr_par' dir='ltr' id='par_1_84' title="bbox 615 4601 2168 4687">
     <span class='ocr_line' id='line_1_85' title="bbox 615 4601 2168 4687; baseline -0.004 -14"><span class='ocrx_word' id='word_1_577' title='bbox 615 4620 794 4674; x_wconf 70' lang='grc' dir='ltr'>ιιυιιιι.</span> <span class='ocrx_word' id='word_1_578' title='bbox 820 4612 876 4671; x_wconf 81' lang='lat'><strong>6.</strong></span> <span class='ocrx_word' id='word_1_579' title='bbox 907 4616 951 4670; x_wconf 93' lang='lat'>0</span> <span class='ocrx_word' id='word_1_580' title='bbox 991 4613 1312 4669; x_wconf 84' lang='lat' dir='ltr'><strong>admiranda</strong></span> <span class='ocrx_word' id='word_1_581' title='bbox 1349 4613 1444 4669; x_wconf 90' lang='lat' dir='ltr'><strong>Dei</strong></span> <span class='ocrx_word' id='word_1_582' title='bbox 1485 4616 1763 4687; x_wconf 79' lang='lat' dir='ltr'><strong>mysteria,</strong></span> <span class='ocrx_word' id='word_1_583' title='bbox 1803 4629 1866 4670; x_wconf 91' lang='lat' dir='ltr'><strong>ac</strong></span> <span class='ocrx_word' id='word_1_584' title='bbox 1905 4614 2128 4669; x_wconf 82' lang='lat' dir='ltr'><strong>Marcio-</strong></span> <span class='ocrx_word' id='word_1_585' title='bbox 2159 4601 2168 4657; x_wconf 72' lang='grc' dir='ltr'>Ῑ</span> 
     </span>
    </p>
   </div>
   <div class='ocr_carea' id='block_1_85' title="bbox 2210 4601 3763 4693">
    <p class='ocr_par' dir='ltr' id='par_1_85' title="bbox 2306 4619 3763 4693">
     <span class='ocr_line' id='line_1_86' title="bbox 2306 4619 3763 4693; baseline -0.005 -17"><span class='ocrx_word' id='word_1_586' title='bbox 2306 4622 2528 4693; x_wconf 82' lang='grc' dir='ltr'>Ἐλεγχ.</span> <span class='ocrx_word' id='word_1_587' title='bbox 2557 4628 2630 4686; x_wconf 75' lang='grc' dir='ltr'><strong>ς’.</strong></span> <span class='ocrx_word' id='word_1_588' title='bbox 2656 4622 2720 4673; x_wconf 86' lang='grc' dir='ltr'><strong>’Ὠ</strong></span> <span class='ocrx_word' id='word_1_589' title='bbox 2738 4620 3054 4691; x_wconf 85' lang='grc' dir='ltr'>θαυμασίων</span> <span class='ocrx_word' id='word_1_590' title='bbox 3084 4621 3400 4693; x_wconf 86' lang='grc' dir='ltr'>μυστηρίων</span> <span class='ocrx_word' id='word_1_591' title='bbox 3416 4622 3511 4675; x_wconf 77' lang='grc' dir='ltr'>καὶ</span> <span class='ocrx_word' id='word_1_592' title='bbox 3522 4619 3763 4675; x_wconf 70' lang='grc' dir='ltr'>ἀντιθέτων</span> 
     </span>
    </p>
   </div>
   <div class='ocr_carea' id='block_1_86' title="bbox 544 4706 2097 4784">
    <p class='ocr_par' dir='ltr' id='par_1_86' title="bbox 544 4706 2097 4775">
     <span class='ocr_line' id='line_1_87' title="bbox 544 4706 2097 4775; baseline -0.003 -9"><span class='ocrx_word' id='word_1_593' title='bbox 544 4712 630 4766; x_wconf 88' lang='lat' dir='ltr'><strong>uis</strong></span> <span class='ocrx_word' id='word_1_594' title='bbox 676 4709 955 4765; x_wconf 85' lang='lat' dir='ltr'><strong>erroribus</strong></span> <span class='ocrx_word' id='word_1_595' title='bbox 1004 4706 1234 4762; x_wconf 80' lang='lat' dir='ltr'><strong>adversa</strong></span> <span class='ocrx_word' id='word_1_596' title='bbox 1276 4706 1563 4775; x_wconf 83' lang='lat' dir='ltr'><strong>dogmata!</strong></span> <span class='ocrx_word' id='word_1_597' title='bbox 1607 4706 1819 4761; x_wconf 86' lang='lat' dir='ltr'><strong>Etenim</strong></span> <span class='ocrx_word' id='word_1_598' title='bbox 1850 4706 1993 4760; x_wconf 86' lang='lat' dir='ltr'><strong>mala</strong></span> <span class='ocrx_word' id='word_1_599' title='bbox 2020 4722 2097 4761; x_wconf 89' lang='lat' dir='ltr'><strong>om</strong></span> 
     </span>
    </p>
   </div>
   <div class='ocr_carea' id='block_1_87' title="bbox 2209 4706 3762 4784">
    <p class='ocr_par' dir='ltr' id='par_1_87' title="bbox 2230 4706 3762 4784">
     <span class='ocr_line' id='line_1_88' title="bbox 2230 4706 3762 4784; baseline -0.007 -16"><span class='ocrx_word' id='word_1_600' title='bbox 2230 4715 2365 4768; x_wconf 85' lang='grc' dir='ltr'><strong>Θεοῦ</strong></span> <span class='ocrx_word' id='word_1_601' title='bbox 2415 4713 2855 4782; x_wconf 79' lang='grc' dir='ltr'>ὑποδειγμάτων.</span> <span class='ocrx_word' id='word_1_602' title='bbox 2917 4713 2995 4783; x_wconf 78' lang='grc' dir='ltr'><strong>Τῇ</strong></span> <span class='ocrx_word' id='word_1_603' title='bbox 3063 4712 3172 4782; x_wconf 85' lang='grc' dir='ltr'>γὰρ</span> <span class='ocrx_word' id='word_1_604' title='bbox 3244 4715 3408 4784; x_wconf 77' lang='grc' dir='ltr'>σαρκὶ</span> <span class='ocrx_word' id='word_1_605' title='bbox 3460 4712 3679 4784; x_wconf 65' lang='grc' dir='ltr'>περιῆψε</span> <span class='ocrx_word' id='word_1_606' title='bbox 3717 4706 3762 4758; x_wconf 66' lang='grc' dir='ltr'>τὸ</span> 
     </span>
    </p>
   </div>
   <div class='ocr_carea' id='block_1_88' title="bbox 543 4794 2096 4876">
    <p class='ocr_par' dir='ltr' id='par_1_88' title="bbox 543 4794 2096 4865">
     <span class='ocr_line' id='line_1_89' title="bbox 543 4794 2096 4865; baseline -0.005 -9"><span class='ocrx_word' id='word_1_607' title='bbox 543 4802 631 4857; x_wconf 88' lang='lat' dir='ltr'><strong>nia</strong></span> <span class='ocrx_word' id='word_1_608' title='bbox 653 4799 806 4855; x_wconf 89' lang='lat' dir='ltr'><strong>carni</strong></span> <span class='ocrx_word' id='word_1_609' title='bbox 830 4797 1169 4851; x_wconf 86' lang='lat' dir='ltr'><strong>tribuuntur.</strong></span> <span class='ocrx_word' id='word_1_610' title='bbox 1190 4794 1267 4849; x_wconf 92' lang='lat' dir='ltr'><strong>Ea</strong></span> <span class='ocrx_word' id='word_1_611' title='bbox 1294 4808 1460 4864; x_wconf 87' lang='lat' dir='ltr'><strong>porro</strong></span> <span class='ocrx_word' id='word_1_612' title='bbox 1476 4803 1737 4865; x_wconf 88' lang='lat' dir='ltr'><strong>perpetuo</strong></span> <span class='ocrx_word' id='word_1_613' title='bbox 1754 4810 1861 4848; x_wconf 90' lang='lat' dir='ltr'><strong>non</strong></span> <span class='ocrx_word' id='word_1_614' title='bbox 1889 4796 2096 4850; x_wconf 82' lang='lat' dir='ltr'><strong>exstitit</strong></span> 
     </span>
    </p>
   </div>
   <div class='ocr_carea' id='block_1_89' title="bbox 2211 4794 3764 4876">
    <p class='ocr_par' dir='ltr' id='par_1_89' title="bbox 2232 4801 3764 4876">
     <span class='ocr_line' id='line_1_90' title="bbox 2232 4801 3764 4876; baseline -0.005 -15"><span class='ocrx_word' id='word_1_615' title='bbox 2232 4807 2409 4862; x_wconf 82' lang='grc' dir='ltr'>πάντα</span> <span class='ocrx_word' id='word_1_616' title='bbox 2441 4806 2608 4859; x_wconf 86' lang='grc' dir='ltr'>δεινά.</span> <span class='ocrx_word' id='word_1_617' title='bbox 2650 4806 2713 4873; x_wconf 80' lang='grc' dir='ltr'><strong>Ἡ</strong></span> <span class='ocrx_word' id='word_1_618' title='bbox 2736 4803 2874 4874; x_wconf 78' lang='grc' dir='ltr'>σὰρξ</span> <span class='ocrx_word' id='word_1_619' title='bbox 2896 4804 2952 4857; x_wconf 80' lang='grc' dir='ltr'>δὲ</span> <span class='ocrx_word' id='word_1_620' title='bbox 2976 4805 3076 4857; x_wconf 84' lang='grc' dir='ltr'><strong>οὐκ</strong></span> <span class='ocrx_word' id='word_1_621' title='bbox 3108 4805 3194 4858; x_wconf 74' lang='grc' dir='ltr'>ἀεὶ</span> <span class='ocrx_word' id='word_1_622' title='bbox 3220 4801 3289 4876; x_wconf 80' lang='grc' dir='ltr'>ἦν</span> <span class='ocrx_word' id='word_1_623' title='bbox 3309 4823 3321 4835; x_wconf 91' lang='grc'><strong>·</strong></span> <span class='ocrx_word' id='word_1_624' title='bbox 3354 4808 3472 4860; x_wconf 84' lang='grc' dir='ltr'>ἀλλ’</span> <span class='ocrx_word' id='word_1_625' title='bbox 3506 4808 3561 4859; x_wconf 82' lang='grc' dir='ltr'><strong>ἐν</strong></span> <span class='ocrx_word' id='word_1_626' title='bbox 3584 4808 3641 4875; x_wconf 74' lang='grc' dir='ltr'>τῇ</span> <span class='ocrx_word' id='word_1_627' title='bbox 3664 4803 3764 4869; x_wconf 71' lang='grc' dir='ltr'>ἕκτῃ</span> 
     </span>
    </p>
   </div>
   <div class='ocr_carea' id='block_1_90' title="bbox 540 4886 2093 4968">
    <p class='ocr_par' dir='ltr' id='par_1_90' title="bbox 540 4886 2093 4952">
     <span class='ocr_line' id='line_1_91' title="bbox 540 4886 2093 4952; baseline -0.007 0"><span class='ocrx_word' id='word_1_628' title='bbox 540 4893 637 4952; x_wconf 82' lang='lat' dir='ltr'><strong>sed</strong></span> <span class='ocrx_word' id='word_1_629' title='bbox 657 4898 813 4949; x_wconf 68' lang='lat' dir='ltr'><strong>sexto</strong></span> <span class='ocrx_word' id='word_1_630' title='bbox 827 4892 1046 4946; x_wconf 89' lang='lat' dir='ltr'><strong>demum</strong></span> <span class='ocrx_word' id='word_1_631' title='bbox 1067 4888 1176 4952; x_wconf 91' lang='lat' dir='ltr'><strong>die,</strong></span> <span class='ocrx_word' id='word_1_632' title='bbox 1197 4895 1456 4941; x_wconf 90' lang='lat' dir='ltr'><strong>tumcum</strong></span> <span class='ocrx_word' id='word_1_633' title='bbox 1474 4888 1716 4942; x_wconf 84' lang='lat' dir='ltr'><strong>Adamus</strong></span> <span class='ocrx_word' id='word_1_634' title='bbox 1733 4886 1999 4950; x_wconf 82' lang='lat' dir='ltr'><strong>formatus</strong></span> <span class='ocrx_word' id='word_1_635' title='bbox 2019 4898 2093 4943; x_wconf 87' lang='lat' dir='ltr'><strong>est</strong></span> 
     </span>
    </p>
   </div>
   <div class='ocr_carea' id='block_1_91' title="bbox 2211 4886 3764 4968">
    <p class='ocr_par' dir='ltr' id='par_1_91' title="bbox 2229 4887 3764 4968">
     <span class='ocr_line' id='line_1_92' title="bbox 2229 4887 3764 4968; baseline -0.003 -19"><span class='ocrx_word' id='word_1_636' title='bbox 2229 4897 2413 4968; x_wconf 80' lang='grc' dir='ltr'>ἡμέρᾳ</span> <span class='ocrx_word' id='word_1_637' title='bbox 2453 4895 2554 4967; x_wconf 84' lang='grc' dir='ltr'>τὴς</span> <span class='ocrx_word' id='word_1_638' title='bbox 2588 4893 2967 4965; x_wconf 84' lang='grc' dir='ltr'>κοσμοποιίας,</span> <span class='ocrx_word' id='word_1_639' title='bbox 3008 4892 3103 4946; x_wconf 79' lang='grc' dir='ltr'>τοῦ</span> <span class='ocrx_word' id='word_1_640' title='bbox 3159 4894 3332 4965; x_wconf 76' lang='grc' dir='ltr'>Ἀδὰμ</span> <span class='ocrx_word' id='word_1_641' title='bbox 3385 4887 3764 4955; x_wconf 79' lang='grc' dir='ltr'>πλασθέντος,ή</span> 
     </span>
    </p>
   </div>
   <div class='ocr_carea' id='block_1_92' title="bbox 540 4977 2093 5059">
    <p class='ocr_par' dir='ltr' id='par_1_92' title="bbox 540 4977 2093 5053">
     <span class='ocr_line' id='line_1_93' title="bbox 540 4977 2093 5053; baseline -0.01 -7"><span class='ocrx_word' id='word_1_642' title='bbox 540 5002 663 5045; x_wconf 86' lang='lat' dir='ltr'><strong>esse</strong></span> <span class='ocrx_word' id='word_1_643' title='bbox 682 4983 870 5053; x_wconf 74' lang='lat' dir='ltr'><strong>cmpit.</strong></span> <span class='ocrx_word' id='word_1_644' title='bbox 890 4980 965 5036; x_wconf 84' lang='lat' dir='ltr'><strong>Ex</strong></span> <span class='ocrx_word' id='word_1_645' title='bbox 990 4995 1099 5051; x_wconf 91' lang='lat' dir='ltr'><strong>quo</strong></span> <span class='ocrx_word' id='word_1_646' title='bbox 1122 4980 1197 5034; x_wconf 91' lang='lat' dir='ltr'><strong>illi</strong></span> <span class='ocrx_word' id='word_1_647' title='bbox 1225 4977 1571 5045; x_wconf 86' lang='lat' dir='ltr'><strong>refelluntur,</strong></span> <span class='ocrx_word' id='word_1_648' title='bbox 1595 4979 1687 5049; x_wconf 91' lang='lat' dir='ltr'><strong>qui</strong></span> <span class='ocrx_word' id='word_1_649' title='bbox 1711 4980 1912 5034; x_wconf 89' lang='lat' dir='ltr'><strong>malum</strong></span> <span class='ocrx_word' id='word_1_650' title='bbox 1937 4980 2004 5033; x_wconf 84' lang='lat' dir='ltr'><strong>ab</strong></span> <span class='ocrx_word' id='word_1_651' title='bbox 2028 4979 2093 5035; x_wconf 79' lang='lat' dir='ltr'><strong>in]</strong></span> 
     </span>
    </p>
   </div>
   <div class='ocr_carea' id='block_1_93' title="bbox 2210 4977 3763 5059">
    <p class='ocr_par' dir='ltr' id='par_1_93' title="bbox 2232 4984 3763 5059">
     <span class='ocr_line' id='line_1_94' title="bbox 2232 4984 3763 5059; baseline -0.004 -19"><span class='ocrx_word' id='word_1_652' title='bbox 2232 4986 2371 5059; x_wconf 75' lang='grc' dir='ltr'>σὰρξ</span> <span class='ocrx_word' id='word_1_653' title='bbox 2418 4985 2606 5041; x_wconf 78' lang='grc' dir='ltr'>ἔκτοτε</span> <span class='ocrx_word' id='word_1_654' title='bbox 2670 4985 2795 5056; x_wconf 77' lang='grc' dir='ltr'>ἔσχε</span> <span class='ocrx_word' id='word_1_655' title='bbox 2836 4986 2935 5055; x_wconf 82' lang='grc' dir='ltr'><strong>τὴν</strong></span> <span class='ocrx_word' id='word_1_656' title='bbox 2980 4985 3175 5057; x_wconf 84' lang='grc' dir='ltr'>ἀρχὴν,</span> <span class='ocrx_word' id='word_1_657' title='bbox 3210 4986 3356 5056; x_wconf 78' lang='grc' dir='ltr'>φημὶ</span> <span class='ocrx_word' id='word_1_658' title='bbox 3386 4986 3490 5055; x_wconf 82' lang='grc' dir='ltr'><strong>τῆς</strong></span> <span class='ocrx_word' id='word_1_659' title='bbox 3520 4984 3763 5042; x_wconf 80' lang='grc' dir='ltr'>πλάσεως·</span> 
     </span>
    </p>
   </div>
   <div class='ocr_carea' id='block_1_94' title="bbox 543 5067 2096 5149">
    <p class='ocr_par' dir='ltr' id='par_1_94' title="bbox 543 5070 2096 5146">
     <span class='ocr_line' id='line_1_95' title="bbox 543 5070 2096 5146; baseline -0.005 -13"><span class='ocrx_word' id='word_1_660' title='bbox 543 5081 619 5135; x_wconf 87' lang='lat' dir='ltr'><strong>tio</strong></span> <span class='ocrx_word' id='word_1_661' title='bbox 634 5092 699 5133; x_wconf 87' lang='lat' dir='ltr'><strong>ac</strong></span> <span class='ocrx_word' id='word_1_662' title='bbox 714 5090 930 5146; x_wconf 90' lang='lat' dir='ltr'><strong>semper</strong></span> <span class='ocrx_word' id='word_1_663' title='bbox 943 5073 1222 5130; x_wconf 84' lang='lat' dir='ltr'><strong>exstitisse</strong></span> <span class='ocrx_word' id='word_1_664' title='bbox 1238 5071 1554 5143; x_wconf 63' lang='lat' dir='ltr'><strong>praedicant.</strong></span> <span class='ocrx_word' id='word_1_665' title='bbox 1575 5070 1738 5142; x_wconf 82' lang='lat' dir='ltr'><strong>Atqui</strong></span> <span class='ocrx_word' id='word_1_666' title='bbox 1762 5087 1935 5142; x_wconf 89' lang='lat' dir='ltr'><strong>neque</strong></span> <span class='ocrx_word' id='word_1_667' title='bbox 1961 5072 2096 5127; x_wconf 87' lang='lat' dir='ltr'><strong>simu</strong></span> 
     </span>
    </p>
   </div>
   <div class='ocr_carea' id='block_1_95' title="bbox 2213 5067 3766 5149">
    <p class='ocr_par' dir='ltr' id='par_1_95' title="bbox 2233 5067 3766 5149">
     <span class='ocr_line' id='line_1_96' title="bbox 2233 5067 3766 5149; baseline -0.009 -16"><span class='ocrx_word' id='word_1_668' title='bbox 2233 5080 2318 5133; x_wconf 84' lang='grc' dir='ltr'><strong>ἵνα</strong></span> <span class='ocrx_word' id='word_1_669' title='bbox 2367 5076 2697 5149; x_wconf 80' lang='grc' dir='ltr'>ἐλεγχθῶσιν</span> <span class='ocrx_word' id='word_1_670' title='bbox 2733 5078 2797 5129; x_wconf 71' lang='lat' dir='ltr'><strong>oi&#39;</strong></span> <span class='ocrx_word' id='word_1_671' title='bbox 2829 5075 3081 5144; x_wconf 80' lang='grc' dir='ltr'>λέγοντες</span> <span class='ocrx_word' id='word_1_672' title='bbox 3117 5077 3204 5130; x_wconf 70' lang='grc' dir='ltr'><strong>ἀεὶ</strong></span> <span class='ocrx_word' id='word_1_673' title='bbox 3240 5078 3333 5129; x_wconf 74' lang='grc' dir='ltr'><strong>καὶ</strong></span> <span class='ocrx_word' id='word_1_674' title='bbox 3372 5076 3436 5141; x_wconf 84' lang='grc' dir='ltr'><strong>ἐξ</strong></span> <span class='ocrx_word' id='word_1_675' title='bbox 3476 5076 3640 5146; x_wconf 81' lang='grc' dir='ltr'>ἀρχῆς</span> <span class='ocrx_word' id='word_1_676' title='bbox 3660 5067 3766 5124; x_wconf 67' lang='grc' dir='ltr'>εἶναι</span> 
     </span>
    </p>
   </div>
   <div class='ocr_carea' id='block_1_96' title="bbox 542 5164 2095 5238">
    <p class='ocr_par' dir='ltr' id='par_1_96' title="bbox 542 5164 2095 5235">
     <span class='ocr_line' id='line_1_97' title="bbox 542 5164 2095 5235; baseline -0.006 -9"><span class='ocrx_word' id='word_1_677' title='bbox 542 5187 603 5226; x_wconf 87' lang='lat' dir='ltr'><strong>ac</strong></span> <span class='ocrx_word' id='word_1_678' title='bbox 643 5170 876 5225; x_wconf 81' lang='lat' dir='ltr'><strong>formata</strong></span> <span class='ocrx_word' id='word_1_679' title='bbox 906 5181 1035 5221; x_wconf 89' lang='lat' dir='ltr'><strong>caro</strong></span> <span class='ocrx_word' id='word_1_680' title='bbox 1076 5172 1182 5228; x_wconf 88' lang='lat' dir='ltr'><strong>est,</strong></span> <span class='ocrx_word' id='word_1_681' title='bbox 1213 5170 1498 5235; x_wconf 78' lang='lat' dir='ltr'><strong>peccatum</strong></span> <span class='ocrx_word' id='word_1_682' title='bbox 1542 5164 1785 5227; x_wconf 88' lang='lat' dir='ltr'><strong>admisit,</strong></span> <span class='ocrx_word' id='word_1_683' title='bbox 1813 5180 1882 5219; x_wconf 88' lang='lat' dir='ltr'><strong>ne</strong></span> <span class='ocrx_word' id='word_1_684' title='bbox 1912 5174 2095 5233; x_wconf 87' lang='lat' dir='ltr'><strong>peccat</strong></span> 
     </span>
    </p>
   </div>
   <div class='ocr_carea' id='block_1_97' title="bbox 2209 5164 3762 5238">
    <p class='ocr_par' dir='ltr' id='par_1_97' title="bbox 2228 5164 3762 5238">
     <span class='ocr_line' id='line_1_98' title="bbox 2228 5164 3762 5238; baseline -0.005 -14"><span class='ocrx_word' id='word_1_685' title='bbox 2228 5171 2290 5224; x_wconf 79' lang='grc' dir='ltr'><strong>τὸ</strong></span> <span class='ocrx_word' id='word_1_686' title='bbox 2321 5171 2509 5226; x_wconf 86' lang='grc' dir='ltr'>κακόν.</span> <span class='ocrx_word' id='word_1_687' title='bbox 2540 5169 2651 5222; x_wconf 68' lang='grc' dir='ltr'>Καὶ</span> <span class='ocrx_word' id='word_1_688' title='bbox 2682 5168 2790 5238; x_wconf 83' lang='grc' dir='ltr'>γὰρ</span> <span class='ocrx_word' id='word_1_689' title='bbox 2815 5166 2938 5220; x_wconf 79' lang='grc' dir='ltr'>οὔτε</span> <span class='ocrx_word' id='word_1_690' title='bbox 2974 5166 3118 5232; x_wconf 77' lang='grc' dir='ltr'>ἐξότε</span> <span class='ocrx_word' id='word_1_691' title='bbox 3148 5167 3389 5237; x_wconf 80' lang='grc' dir='ltr'>ἐπλάσθη</span> <span class='ocrx_word' id='word_1_692' title='bbox 3414 5170 3447 5238; x_wconf 82' lang='grc' dir='ltr'>ἠ</span> <span class='ocrx_word' id='word_1_693' title='bbox 3471 5165 3602 5237; x_wconf 78' lang='grc' dir='ltr'>σὰρξ</span> <span class='ocrx_word' id='word_1_694' title='bbox 3622 5164 3762 5234; x_wconf 54' lang='grc' dir='ltr'>ἦμαρ·</span> 
     </span>
    </p>
   </div>
   <div class='ocr_carea' id='block_1_98' title="bbox 541 5252 2094 5332">
    <p class='ocr_par' dir='ltr' id='par_1_98' title="bbox 541 5256 2094 5332">
     <span class='ocr_line' id='line_1_99' title="bbox 541 5256 2094 5332; baseline -0.004 -16"><span class='ocrx_word' id='word_1_695' title='bbox 541 5274 732 5318; x_wconf 86' lang='lat' dir='ltr'><strong>auctor</strong></span> <span class='ocrx_word' id='word_1_696' title='bbox 776 5261 871 5332; x_wconf 91' lang='lat' dir='ltr'><strong>qui</strong></span> <span class='ocrx_word' id='word_1_697' title='bbox 914 5259 1060 5314; x_wconf 91' lang='lat' dir='ltr'><strong>illam</strong></span> <span class='ocrx_word' id='word_1_698' title='bbox 1092 5257 1320 5311; x_wconf 79' lang='lat' dir='ltr'><strong>[ittxerat</strong></span> <span class='ocrx_word' id='word_1_699' title='bbox 1361 5256 1871 5327; x_wconf 87' lang='lat' dir='ltr'><strong>haberetur;quasi</strong></span> <span class='ocrx_word' id='word_1_700' title='bbox 1911 5265 2094 5327; x_wconf 86' lang='lat' dir='ltr'><strong>peccat</strong></span> 
     </span>
    </p>
   </div>
   <div class='ocr_carea' id='block_1_99' title="bbox 2210 5252 3763 5332">
    <p class='ocr_par' dir='ltr' id='par_1_99' title="bbox 2228 5252 3763 5328">
     <span class='ocr_line' id='line_1_100' title="bbox 2228 5252 3763 5328; baseline -0.003 -19"><span class='ocrx_word' id='word_1_701' title='bbox 2228 5273 2340 5319; x_wconf 88' lang='grc' dir='ltr'>τεν,</span> <span class='ocrx_word' id='word_1_702' title='bbox 2382 5256 2476 5311; x_wconf 81' lang='grc' dir='ltr'>ἵνα</span> <span class='ocrx_word' id='word_1_703' title='bbox 2537 5256 2613 5328; x_wconf 80' lang='grc' dir='ltr'>μὴ</span> <span class='ocrx_word' id='word_1_704' title='bbox 2655 5257 2685 5308; x_wconf 84' lang='grc' dir='ltr'>ὁ</span> <span class='ocrx_word' id='word_1_705' title='bbox 2735 5255 2981 5326; x_wconf 80' lang='grc' dir='ltr'>πλάστης</span> <span class='ocrx_word' id='word_1_706' title='bbox 3027 5257 3201 5319; x_wconf 80' lang='grc' dir='ltr'>αἴτιος</span> <span class='ocrx_word' id='word_1_707' title='bbox 3247 5256 3478 5327; x_wconf 84' lang='grc' dir='ltr'>νομισθῇ</span> <span class='ocrx_word' id='word_1_708' title='bbox 3513 5252 3763 5325; x_wconf 73' lang='grc' dir='ltr'>ἁμαρτίας.</span> 
     </span>
    </p>
   </div>
   <div class='ocr_carea' id='block_1_100' title="bbox 543 5334 2096 5418">
    <p class='ocr_par' dir='ltr' id='par_1_100' title="bbox 543 5348 2091 5418">
     <span class='ocr_line' id='line_1_101' title="bbox 543 5348 2091 5418; baseline -0.005 -10"><span class='ocrx_word' id='word_1_709' title='bbox 543 5368 688 5408; x_wconf 88' lang='lat' dir='ltr'><strong>ream</strong></span> <span class='ocrx_word' id='word_1_710' title='bbox 736 5366 959 5408; x_wconf 85' lang='lat' dir='ltr'><strong>carnem</strong></span> <span class='ocrx_word' id='word_1_711' title='bbox 1005 5348 1232 5405; x_wconf 89' lang='lat' dir='ltr'><strong>molitus</strong></span> <span class='ocrx_word' id='word_1_712' title='bbox 1281 5358 1457 5413; x_wconf 89' lang='lat' dir='ltr'><strong>esset;</strong></span> <span class='ocrx_word' id='word_1_713' title='bbox 1505 5363 1683 5418; x_wconf 88' lang='lat' dir='ltr'><strong>neque</strong></span> <span class='ocrx_word' id='word_1_714' title='bbox 1735 5348 1936 5402; x_wconf 84' lang='lat' dir='ltr'><strong>malum</strong></span> <span class='ocrx_word' id='word_1_715' title='bbox 1985 5363 2091 5418; x_wconf 90' lang='lat' dir='ltr'><strong>opu</strong></span> 
     </span>
    </p>
   </div>
   <div class='ocr_carea' id='block_1_101' title="bbox 2208 5334 3761 5418">
    <p class='ocr_par' dir='ltr' id='par_1_101' title="bbox 2230 5334 3761 5418">
     <span class='ocr_line' id='line_1_102' title="bbox 2230 5334 3761 5418; baseline -0.008 -17"><span class='ocrx_word' id='word_1_716' title='bbox 2230 5347 2441 5412; x_wconf 79' lang='grc' dir='ltr'>πλάσας</span> <span class='ocrx_word' id='word_1_717' title='bbox 2501 5347 2679 5415; x_wconf 85' lang='grc' dir='ltr'>σάρκα</span> <span class='ocrx_word' id='word_1_718' title='bbox 2738 5347 3071 5418; x_wconf 85' lang='grc' dir='ltr'>ἀμαρτωλήν</span> <span class='ocrx_word' id='word_1_719' title='bbox 3097 5362 3115 5380; x_wconf 80' lang='grc' dir='ltr'><strong><em>ο</em></strong></span> <span class='ocrx_word' id='word_1_720' title='bbox 3173 5346 3296 5400; x_wconf 74' lang='grc' dir='ltr'>οὔτε</span> <span class='ocrx_word' id='word_1_721' title='bbox 3348 5346 3660 5417; x_wconf 77' lang='grc' dir='ltr'>προϋπῆρχε</span> <span class='ocrx_word' id='word_1_722' title='bbox 3692 5334 3761 5391; x_wconf 72' lang='grc' dir='ltr'>τοῦ</span> 
     </span>
    </p>
   </div>
   <div class='ocr_carea' id='block_1_102' title="bbox 546 5425 2099 5514">
    <p class='ocr_par' dir='ltr' id='par_1_102' title="bbox 546 5438 2099 5514">
     <span class='ocr_line' id='line_1_103' title="bbox 546 5438 2099 5514; baseline -0.002 -19"><span class='ocrx_word' id='word_1_723' title='bbox 546 5443 721 5514; x_wconf 88' lang='lat' dir='ltr'><strong>ipsum</strong></span> <span class='ocrx_word' id='word_1_724' title='bbox 747 5442 1061 5499; x_wconf 89' lang='lat' dir='ltr'><strong>antecessit.</strong></span> <span class='ocrx_word' id='word_1_725' title='bbox 1089 5439 1291 5496; x_wconf 79' lang='lat' dir='ltr'><strong>Verum</strong></span> <span class='ocrx_word' id='word_1_726' title='bbox 1321 5440 1604 5510; x_wconf 87' lang='lat' dir='ltr'><strong>aliquanto</strong></span> <span class='ocrx_word' id='word_1_727' title='bbox 1640 5438 1800 5510; x_wconf 78' lang='lat'><strong>352</strong></span> <span class='ocrx_word' id='word_1_728' title='bbox 1840 5447 1962 5507; x_wconf 91' lang='lat' dir='ltr'><strong>post</strong></span> <span class='ocrx_word' id='word_1_729' title='bbox 1998 5448 2099 5494; x_wconf 86' lang='lat' dir='ltr'><strong>tem</strong></span> 
     </span>
    </p>
   </div>
   <div class='ocr_carea' id='block_1_103' title="bbox 2210 5425 3763 5514">
    <p class='ocr_par' dir='ltr' id='par_1_103' title="bbox 2230 5425 3763 5510">
     <span class='ocr_line' id='line_1_104' title="bbox 2230 5425 3763 5510; baseline -0.003 -17"><span class='ocrx_word' id='word_1_730' title='bbox 2230 5439 2547 5509; x_wconf 80' lang='grc' dir='ltr'>πλάσματος</span> <span class='ocrx_word' id='word_1_731' title='bbox 2604 5438 2668 5491; x_wconf 85' lang='grc' dir='ltr'><strong>τὸ</strong></span> <span class='ocrx_word' id='word_1_732' title='bbox 2702 5438 2890 5492; x_wconf 89' lang='grc' dir='ltr'>κακόν.</span> <span class='ocrx_word' id='word_1_733' title='bbox 2923 5438 3080 5492; x_wconf 83' lang='grc' dir='ltr'>Μετὰ</span> <span class='ocrx_word' id='word_1_734' title='bbox 3104 5439 3293 5510; x_wconf 82' lang='grc' dir='ltr'>χρόνον</span> <span class='ocrx_word' id='word_1_735' title='bbox 3322 5438 3376 5490; x_wconf 84' lang='grc' dir='ltr'>δὲ</span> <span class='ocrx_word' id='word_1_736' title='bbox 3407 5440 3466 5490; x_wconf 80' lang='grc' dir='ltr'>ἐν</span> <span class='ocrx_word' id='word_1_737' title='bbox 3501 5425 3763 5507; x_wconf 74' lang='grc' dir='ltr'><strong>παρακοῇό</strong></span> 
     </span>
    </p>
   </div>
   <div class='ocr_carea' id='block_1_104' title="bbox 547 5522 2100 5605">
    <p class='ocr_par' dir='ltr' id='par_1_104' title="bbox 547 5530 2100 5605">
     <span class='ocr_line' id='line_1_105' title="bbox 547 5530 2100 5605; baseline -0.005 -16"><span class='ocrx_word' id='word_1_738' title='bbox 547 5549 674 5602; x_wconf 84' lang='lat' dir='ltr'><strong>pore</strong></span> <span class='ocrx_word' id='word_1_739' title='bbox 700 5549 729 5587; x_wconf 87' lang='lat' dir='ltr'><strong>a</strong></span> <span class='ocrx_word' id='word_1_740' title='bbox 752 5534 846 5589; x_wconf 86' lang='lat' dir='ltr'><strong>Dei</strong></span> <span class='ocrx_word' id='word_1_741' title='bbox 869 5534 1132 5605; x_wconf 79' lang='lat' dir='ltr'><strong>obsequio</strong></span> <span class='ocrx_word' id='word_1_742' title='bbox 1164 5534 1480 5590; x_wconf 83' lang='lat' dir='ltr'><strong>desciscens</strong></span> <span class='ocrx_word' id='word_1_743' title='bbox 1509 5531 1753 5586; x_wconf 84' lang='lat' dir='ltr'><strong>Adamus</strong></span> <span class='ocrx_word' id='word_1_744' title='bbox 1782 5544 1847 5584; x_wconf 88' lang='lat' dir='ltr'><strong>ac</strong></span> <span class='ocrx_word' id='word_1_745' title='bbox 1875 5530 2100 5585; x_wconf 61' lang='lat' dir='ltr'><strong>libertati</strong></span> 
     </span>
    </p>
   </div>
   <div class='ocr_carea' id='block_1_105' title="bbox 2211 5522 3764 5605">
    <p class='ocr_par' dir='ltr' id='par_1_105' title="bbox 2243 5522 3764 5601">
     <span class='ocr_line' id='line_1_106' title="bbox 2243 5522 3764 5601; baseline -0.023 2"><span class='ocrx_word' id='word_1_746' title='bbox 2243 5530 2414 5601; x_wconf 62' lang='grc' dir='ltr'><strong>Ἀδὰμ</strong></span> <span class='ocrx_word' id='word_1_747' title='bbox 2465 5528 2724 5599; x_wconf 84' lang='grc' dir='ltr'>γεγονὼς,</span> <span class='ocrx_word' id='word_1_748' title='bbox 2786 5529 2925 5601; x_wconf 71' lang='grc' dir='ltr'>ἔχων</span> <span class='ocrx_word' id='word_1_749' title='bbox 2960 5530 3023 5584; x_wconf 86' lang='grc' dir='ltr'><strong>τὸ</strong></span> <span class='ocrx_word' id='word_1_750' title='bbox 3071 5529 3446 5596; x_wconf 80' lang='grc' dir='ltr'>αὐτεξούσιον,</span> <span class='ocrx_word' id='word_1_751' title='bbox 3491 5522 3764 5599; x_wconf 75' lang='grc' dir='ltr'>προαιρέσει</span> 
     </span>
    </p>
   </div>
   <div class='ocr_carea' id='block_1_106' title="bbox 542 5611 2095 5697">
    <p class='ocr_par' dir='ltr' id='par_1_106' title="bbox 542 5624 2091 5697">
     <span class='ocr_line' id='line_1_107' title="bbox 542 5624 2091 5697; baseline -0.001 -18"><span class='ocrx_word' id='word_1_752' title='bbox 542 5624 821 5696; x_wconf 75' lang='lat' dir='ltr'><strong>prmditus,</strong></span> <span class='ocrx_word' id='word_1_753' title='bbox 853 5639 949 5693; x_wconf 88' lang='lat' dir='ltr'><strong>per</strong></span> <span class='ocrx_word' id='word_1_754' title='bbox 976 5641 1114 5691; x_wconf 80' lang='lat' dir='ltr'><strong>sese,</strong></span> <span class='ocrx_word' id='word_1_755' title='bbox 1158 5642 1222 5682; x_wconf 86' lang='lat' dir='ltr'><strong>ac</strong></span> <span class='ocrx_word' id='word_1_756' title='bbox 1259 5632 1454 5697; x_wconf 85' lang='lat' dir='ltr'><strong>sponte</strong></span> <span class='ocrx_word' id='word_1_757' title='bbox 1491 5638 1591 5680; x_wconf 84' lang='lat' dir='ltr'><strong>sua</strong></span> <span class='ocrx_word' id='word_1_758' title='bbox 1638 5630 1896 5691; x_wconf 84' lang='lat' dir='ltr'><strong>certoque</strong></span> <span class='ocrx_word' id='word_1_759' title='bbox 1938 5624 2091 5678; x_wconf 83' lang='lat' dir='ltr'><strong>consi</strong></span> 
     </span>
    </p>
   </div>
   <div class='ocr_carea' id='block_1_107' title="bbox 2208 5611 3761 5697">
    <p class='ocr_par' dir='ltr' id='par_1_107' title="bbox 2233 5611 3761 5695">
     <span class='ocr_line' id='line_1_108' title="bbox 2233 5611 3761 5695; baseline -0.004 -20"><span class='ocrx_word' id='word_1_760' title='bbox 2233 5623 2339 5694; x_wconf 71' lang='grc' dir='ltr'>ἰδίᾳ</span> <span class='ocrx_word' id='word_1_761' title='bbox 2369 5622 2463 5691; x_wconf 77' lang='grc' dir='ltr'><strong>ἀφ’</strong></span> <span class='ocrx_word' id='word_1_762' title='bbox 2503 5622 2698 5676; x_wconf 76' lang='grc' dir='ltr'>ἑαυτοῦ</span> <span class='ocrx_word' id='word_1_763' title='bbox 2729 5624 2826 5693; x_wconf 77' lang='grc' dir='ltr'>τὴν</span> <span class='ocrx_word' id='word_1_764' title='bbox 2856 5623 3128 5695; x_wconf 82' lang='grc' dir='ltr'>ἁμαρτίαν</span> <span class='ocrx_word' id='word_1_765' title='bbox 3161 5624 3241 5686; x_wconf 86' lang='grc' dir='ltr'><strong>είς</strong></span> <span class='ocrx_word' id='word_1_766' title='bbox 3280 5621 3470 5675; x_wconf 82' lang='grc' dir='ltr'>ἑαυτὸν</span> <span class='ocrx_word' id='word_1_767' title='bbox 3506 5611 3761 5685; x_wconf 70' lang='grc' dir='ltr'>διανοηθεὶς</span> 
     </span>
    </p>
   </div>
   <div class='ocr_carea' id='block_1_108' title="bbox 591 5803 2144 5929">
    <p class='ocr_par' dir='ltr' id='par_1_108' title="bbox 591 5803 2144 5929">
     <span class='ocr_line' id='line_1_109' title="bbox 614 5803 2144 5868; baseline 0.003 -11"><span class='ocrx_word' id='word_1_768' title='bbox 614 5807 630 5823; x_wconf 88' lang='grc'>⁶</span> <span class='ocrx_word' id='word_1_769' title='bbox 654 5803 826 5857; x_wconf 83' lang='lat' dir='ltr'><strong>Galat.</strong></span> <span class='ocrx_word' id='word_1_770' title='bbox 858 5822 910 5868; x_wconf 74' lang='grc' dir='ltr'>ν.</span> <span class='ocrx_word' id='word_1_771' title='bbox 951 5809 1002 5861; x_wconf 76' lang='grc'><strong>5.</strong></span> <span class='ocrx_word' id='word_1_772' title='bbox 1077 5811 1098 5839; x_wconf 83' lang='grc'>²</span> <span class='ocrx_word' id='word_1_773' title='bbox 1127 5809 1256 5865; x_wconf 74' lang='lat' dir='ltr'><strong>illiti.</strong></span> <span class='ocrx_word' id='word_1_774' title='bbox 1281 5810 1335 5863; x_wconf 86' lang='lat'><strong>9.</strong></span> <span class='ocrx_word' id='word_1_775' title='bbox 1426 5808 1447 5840; x_wconf 88' lang='grc'><strong><em>³</em></strong></span> <span class='ocrx_word' id='word_1_776' title='bbox 1471 5809 1601 5865; x_wconf 89' lang='lat' dir='ltr'><strong>ibid.</strong></span> <span class='ocrx_word' id='word_1_777' title='bbox 1632 5810 1718 5865; x_wconf 72' lang='grc'><strong>14.</strong></span> <span class='ocrx_word' id='word_1_778' title='bbox 1831 5809 1851 5841; x_wconf 73' lang='grc'><strong>⁸</strong></span> <span class='ocrx_word' id='word_1_779' title='bbox 1879 5809 2007 5863; x_wconf 83' lang='lat' dir='ltr'><strong>ibid.</strong></span> <span class='ocrx_word' id='word_1_780' title='bbox 2040 5808 2144 5862; x_wconf 59' lang='lat'><strong>19-?</strong></span> 
     </span>
     <span class='ocr_line' id='line_1_110' title="bbox 591 5875 948 5929; baseline -0.003 -1"><span class='ocrx_word' id='word_1_781' title='bbox 591 5875 755 5929; x_wconf 84' lang='lat' dir='ltr'><strong>Deest</strong></span> <span class='ocrx_word' id='word_1_782' title='bbox 776 5875 833 5926; x_wconf 83' lang='grc' dir='ltr'>ἐν</span> <span class='ocrx_word' id='word_1_783' title='bbox 854 5875 948 5927; x_wconf 73' lang='grc' dir='ltr'><strong>τῶ.</strong></span> 
     </span>
    </p>
   </div>
   <div class='ocr_carea' id='block_1_109' title="bbox 2193 5803 3746 5929">
    <p class='ocr_par' dir='ltr' id='par_1_109' title="bbox 2193 5803 3746 5885">
     <span class='ocr_line' id='line_1_111' title="bbox 2193 5803 3746 5885; baseline 0.007 -24"><span class='ocrx_word' id='word_1_784' title='bbox 2193 5812 2223 5865; x_wconf 93' lang='lat' dir='ltr'><strong>l.</strong></span> <span class='ocrx_word' id='word_1_785' title='bbox 2336 5812 2355 5843; x_wconf 83' lang='lat'><strong>&#39;</strong></span> <span class='ocrx_word' id='word_1_786' title='bbox 2392 5809 2517 5866; x_wconf 79' lang='lat' dir='ltr'><strong>For.</strong></span> <span class='ocrx_word' id='word_1_787' title='bbox 2544 5812 2748 5885; x_wconf 79' lang='grc' dir='ltr'>ταύτην</span> <span class='ocrx_word' id='word_1_788' title='bbox 2772 5822 2825 5869; x_wconf 86' lang='lat' dir='ltr'><strong>et</strong></span> <span class='ocrx_word' id='word_1_789' title='bbox 2852 5811 3282 5883; x_wconf 73' lang='grc' dir='ltr'>προγεγράφθαι.</span> <span class='ocrx_word' id='word_1_790' title='bbox 3357 5812 3378 5842; x_wconf 82' lang='grc'><strong><em>⁶</em></strong></span> <span class='ocrx_word' id='word_1_791' title='bbox 3406 5829 3493 5879; x_wconf 67' lang='lat' dir='ltr'><strong>rp.</strong></span> <span class='ocrx_word' id='word_1_792' title='bbox 3518 5803 3746 5871; x_wconf 75' lang='grc' dir='ltr'>ἐποίησαν</span> 
     </span>
    </p>
   </div>
  </div>
