3934 6462
220 364 325 417 777

898 357 1268 415 ADVERSUS
1306 355 1652 413 HEBESES
1690 354 1821 411 LIB.

1941 353 2105 411 TOM.
2147 341 2346 408 ιιι.’--
2386 349 2662 407 ιιλεῐιεε.
2706 348 2865 405 XLII.

3378 344 3481 397 778

166 538 169 547 η
221 478 426 553 ἔπραξε
453 497 464 509 ·
491 482 634 552 φημὶ
653 480 732 545 δέ,
764 479 863 551 τὴν
910 480 1166 551 ἀθέτησιν
1196 476 1287 533 τοῦ
1324 476 1491 531 αὑτοῦ
1525 476 1796 530 Δεσπότου
1829 522 1835 538 ,

1943 490 1974 529 ο
2005 480 2229 545 peccato
2273 487 2332 527 se
2368 469 2682 535 obstrinxit,
2720 469 2849 524 dum
2879 481 2975 538 per
3010 464 3176 520 animi
3207 471 3486 519 contumu-

161 638 178 676 ὃ

223 571 312 627 διὰ
345 575 446 644 τῆς
501 571 784 644 παρακοῆς
841 571 1226 642 ποιησάμενος.
1281 567 1393 623 Ποῦ
1432 568 1614 622 τοίνυν
1640 563 1709 638 ἦν
1740 568 1803 621 τὸ

224 666 419 730 κακὸν,
476 663 641 736 πρινὴ
672 665 768 735 τήν
804 664 983 737 σάρκα
1024 659 1193 727 εἷναι;
1236 660 1362 723 Πῶς
1388 660 1443 712 δέ
1475 659 1636 723 εὐθὺς
1669 658 1805 712 πλα-

226 758 418 810 σθεῖσα
474 759 537 812 οὐ
581 760 642 811 τὸ
685 756 854 811 κακὸν
904 756 1235 827 εἰργάσατο,
1277 752 1414 808 ἀλλὰ
1452 753 1628 824 χρόνῳ
1675 769 1804 823 μετ-

225 849 454 914 enarra;
485 850 627 921 Ἀρα
662 848 791 917 γοίν
815 848 1079 919 ἀνῄρηται
1104 849 1132 900 ὁ
1157 846 1284 919 περὶ
1300 847 1398 917 τῆς
1415 845 1611 908 κακίας
1634 843 1806 914 ἀρχῆς

226 940 406 1008 λόγος.
442 941 514 993 Οὐ
549 941 657 1011 γὰρ
683 939 901 993 δύναται
930 939 1232 1009 άρχαῖξειν,
1257 936 1442 1007 ἐπειδὴ
1464 938 1522 989 ἐν
1550 937 1616 1006 τῇ
1644 935 1808 1006 σαρκὶ

231 1033 297 1101 τῇ
334 1030 768 1102 μεταγενεστέρᾳ
819 1028 880 1082 τὸ
932 1030 1178 1099 γίνεσθαι
1228 1028 1337 1099 ἔχει
1369 1030 1401 1099 ἡ
1438 1028 1627 1094 κακία,
1664 1028 1697 1098 ἢ
1734 1026 1807 1097 μὴ

128 1176 129 1179 η
230 1118 517 1188 γίνεσθαι·
544 1119 637 1172 καὶ
653 1117 774 1172 οὔτε
806 1121 840 1190 ή
871 1116 1007 1189 σὰρξ
1028 1117 1189 1171 πάλιν
1222 1115 1666 1188 ἁκληρονόμητός
1693 1116 1809 1168 ἐστι

228 1208 342 1262 τῶν
366 1210 724 1281 ἐπουρανίων.
755 1209 867 1263 Καὶ
896 1210 969 1280 μή
992 1225 1074 1271 τις
1088 1206 1323 1280 λάϐηται
1343 1207 1436 1261 τοῦ
1462 1206 1614 1276 ἁγίου
1648 1208 1810 1259 Ἀπο-

231 1299 429 1354 στόλου
480 1300 729 1363 εἰπόντος
753 1314 768 1329 °
803 1298 963 1368 Σὰρε
1002 1298 1102 1352 καὶ
1132 1293 1276 1368 αἷμα
1307 1298 1635 1363 ,βασιλείαν
1664 1294 1812 1350 Θεοῦ

230 1392 309 1445 οὐ
374 1389 967 1460 κληρονομήσουσιν.
1009 1388 1085 1443 Οὐ
1126 1388 1234 1460 γὰρ
1287 1390 1467 1443 πᾶσαν
1520 1388 1698 1459 σάρκα
1730 1387 1816 1440 ai-

231 1482 438 1535 τιᾶται.
482 1479 607 1544 Πῶς
631 1479 738 1550 γὰρ
778 1478 1153 1551 αίτιαθήσεται
1184 1475 1341 1548 σὰρξ,
1376 1479 1410 1548 ἡ
1454 1477 1528 1549 μὴ
1562 1476 1816 1548 πράξασα

231 1574 307 1627 τὰ
333 1572 734 1647 προειρημένα;
765 1572 876 1628 Καὶ
895 1572 955 1638 ἐξ
976 1574 1179 1644 ἐτέρων
1209 1571 1266 1626 δὲ
1296 1570 1620 1635 ἀποδείξεων
1642 1587 1817 1640 παρα-

1906 566 2046 635 ciam
2105 563 2317 620 Domini
2366 563 2451 619 sui
2510 562 2850 631 majestatem
2902 556 3197 614 imminuit.
3253 554 3486 611 Ubinam

1905 671 2036 727 ergo
2084 669 2289 720 rerum,
2337 661 2628 724 antequam
2685 666 2813 707 caro
2857 650 3170 721 prodiisset,
3204 657 3487 720 peccatum

1908 746 2043 802 fuit?
2083 747 2188 800 Aut
2212 759 2449 817 quanam
2496 745 2707 799 ratione
2739 757 2846 799 non
2879 741 3043 797 simul
3073 749 3237 811 atque
3268 740 3490 795 condita

1908 849 2010 902 est,
2036 837 2130 894 sed
2168 838 2446 906 aliquanto
2478 845 2666 907 postea
2706 835 2993 890 intervallo
3035 833 3239 887 malum
3269 831 3493 886 commi-

1910 933 1982 987 sit
2005 931 2027 985 ?
2053 930 2416 997 Quamobrem
2449 930 2627 985 omnis
2673 928 2762 983 illa
2799 927 2866 984 de
2898 924 3168 998 principio
3206 923 3333 977 mali
3369 938 3492 978 sen-
3559 932 3564 937 '

1912 1020 2078 1075 tentia
2118 1018 2345 1075 corruit.
2382 1018 2501 1074 Non
2527 1019 2671 1074 enim
2707 1018 2987 1087 antiquum
3018 1030 3137 1071 esse
3165 1020 3341 1084 potest
3380 1028 3494 1067 ma—

1911 1111 2046 1177 lum,
2074 1110 2220 1183 quod
2260 1113 2315 1166 in
2345 1109 2633 1167 recentiori
2667 1124 2797 1164 caro
2831 1108 2995 1164 habet
3035 1114 3092 1162 ut
3143 1109 3232 1168 sit.
3260 1114 3354 1161 aut
3386 1121 3493 1160 non

1914 1204 1986 1258 sit
2016 1204 2258 1258 omnino.
2298 1201 2485 1273 Neque
2521 1218 2649 1257 vero
2678 1215 2708 1255 a
2746 1199 2955 1255 cmlesti
2985 1199 3334 1270 possessione
3365 1212 3496 1252 eam

1914 1295 2186 1365 dejicitur.
2225 1292 2336 1349 Nec
2368 1302 2452 1350 est
2485 1293 2630 1364 quod
2664 1291 2909 1362 Apostoli
2940 1290 3264 1345 auctoritate
3305 1288 3497 1343 abuta-

1914 1394 2005 1442 tur
2032 1385 2484 1457 quispiamrdum
2511 1385 2587 1440 ait
2617 1404 2631 1439 :
2662 1374 2801 1440 Caro
2833 1392 2882 1437 et
2911 1382 3126 1453 sanguis
3156 1397 3371 1453 regnum
3401 1380 3500 1434 Dei

1916 1494 2018 1532 non
2046 1476 2385 1547 possidebunt
2414 1477 2452 1530 '.
2485 1474 2621 1531 Nam
2666 1490 2772 1530 non
2826 1489 3046 1531 carnem
3090 1488 3307 1529 omnem
3338 1488 3499 1528 accu-

1917 1575 2023 1625 sat.
2057 1568 2170 1624 Cur
2220 1567 2366 1624 enim
2395 1574 2684 1623 accusetur
2711 1580 2775 1621 ea
2803 1581 2926 1636 quae
2981 1565 3118 1620 nihil
3145 1580 3333 1621 eorum
3380 1581 3504 1636 quae

237 1666 426 1737 στήσω
457 1666 517 1719 τὸ
563 1665 911 1743 ζητούμενον.
960 1666 1059 1730 Τῖς
1099 1665 1229 1735 γὰρ,
1271 1664 1455 1735 φησιν,
1504 1661 1818 1732 ἐγκαλέσει

1941 1668 2079 1716 mtea
2111 1668 2535 1715 commemorata
2588 1666 2718 1714 sunt
2761 1657 3079 1714 admiserit?
3123 1655 3230 1713 Sed
3288 1666 3343 1713 et
3380 1659 3504 1712 aliis

238 1759 393 1813 κατὰ
418 1758 724 1813 ἐκλεκτῶν
750 1756 933 1821 Θεοῦ;
956 1755 1081 1820 Πῶς
1113 1756 1174 1809 οὐ
1204 1754 1602 1828 κληρονομήσει
1629 1753 1819 1823 Μαρία

1941 1767 2139 1823 [noque
2178 1751 2485 1807 rationibus
2517 1751 2662 1823 quod
2711 1750 2975 1821 quaeritur
3011 1751 3291 1807 evidenter
3317 1758 3505 1807 osten-

236 1851 274 1919 ή
323 1850 455 1918 ἁγία
508 1850 648 1921 μετὰ
681 1848 883 1921 σαρκὸς
924 1849 1024 1921 τὴν
1055 1846 1331 1918 βασιλείαν
1357 1845 1466 1900 τῶν
1495 1842 1760 1916 οὐρανῶν,
1786 1844 1819 1913 ἡ

1941 1845 2090 1900 litur.
2125 1844 2281 1912 Quis,
2315 1845 2512 1916 inquit,
2539 1843 2810 1899 accusabit
2838 1845 3087 1900 adversus
3118 1845 3307 1901 eiectos
3338 1845 3437 1901 Dei
3454 1847 3510 1900 "2

241 1940 323 2011 μὴ
358 1939 726 2011 πορνεύσασα,
785 1939 860 2010 μὴ
906 1938 1279 2009 ἀσελγήσασα,
1318 1936 1395 2008 μὴ
1432 1933 1818 2007 μοιχευθεῖσα,

1941 1934 2117 1991 δῖοηηο
2167 1938 2514 1993 sanctissima
2552 1933 2720 2005 Virgo
2778 1934 2948 1991 Maria
2998 1950 3122 1991 cum
3180 1937 3299 2008 ipsa
3344 1952 3508 1993 carne

242 2027 415 2099 μηδὲν
435 2046 489 2082 τι
513 2028 623 2083 τῶν
654 2030 968 2100 ἀνηκέστων
998 2029 1201 2100 σαρκὸς
1238 2027 1417 2098 ἔργων
1449 2028 1822 2100 ἐργασαμένη,

1941 2029 2148 2085 :mleste
2171 2044 2398 2101 regnum
2429 2037 2709 2099 capesset;
2744 2028 2834 2083 cui
2864 2044 3042 2100 neque
3067 2029 3259 2084 vitium
3292 2040 3378 2087 est
3407 2047 3511 2085 un-

239 2117 382 2172 ἀλλὰ
409 2119 672 2193 ἄχραντος
698 2121 959 2192 μείνασα;
986 2123 1099 2175 Οὐκ
1126 2121 1233 2192 ἄρα
1249 2119 1427 2174 τοίνυν
1457 2120 1586 2192 περὶ
1624 2119 1825 2191 σαρκὸς

1941 2134 2092 2188 luam
2118 2119 2401 2186 oblatum;
2433 2106 2533 2174 nec
2579 2117 2807 2174 libidine
2835 2126 2917 2175 est
2954 2119 3085 2185 ulla,
3113 2126 3207 2174 aut
3242 2122 3512 2177 adulterio

240 2212 397 2281 λέγει
429 2213 503 2285 μὴ
538 2214 895 2286 κληρονομεῖν
928 2214 1201 2285 βασιλείαν
1224 2213 1490 2284 οὐρανῶν,
1529 2212 1665 2266 ἀλλὰ
1697 2212 1826 2283 περὶ

1941 2211 2163 2279 Γωᾱειε;
2218 2227 2394 2283 neque
2461 2213 2758 2284 quidquam
2810 2227 2875 2267 ex
2907 2211 3133 2268 nefariis
3167 2212 3273 2269 illis
3329 2218 3514 2270 carnis

244 2306 526 2375 σαρκικῶν
580 2304 884 2377 ἀνθρώπων
912 2306 1021 2359 τῶν
1046 2307 1115 2361 τὰ
1155 2305 1334 2376 φαῦλα
1381 2306 1469 2359 διὰ
1626 2304 1826 2376 σαρκὸς

1941 2302 2190 2372 operibus
2237 2303 2478 2369 admisit,
2533 2304 2627 2361 sed
2664 2306 2871 2374 integra
2912 2303 3280 2376 inviolateque
3316 2309 3514 2378 persti-

244 2399 594 2467 πραττόντων
612 2415 626 2432 ο
668 2398 826 2452 ἆτινὰ
853 2400 967 2453 ἐστι
997 2398 1242 2470 πορνεία,
1272 2395 1701 2467 είδωλολατρεία,
1732 2396 1827 2449 καὶ

1941 2394 2041 2448 tit?
2081 2392 2201 2450 Non
2250 2395 2418 2467 igitur
2462 2396 2845 2467 utcunque'de
2887 2411 3053 2452 carne
3092 2398 3350 2468 loquitur,
3388 2415 3511 2455 cum

249 2491 326 2544 τὰ
360 2490 569 2554 τούτοις
599 2490 778 2561 ὃμοια.
815 2489 926 2543 Καὶ
972 2488 1272 2556 ἐξάπαντος
1308 2488 1629 2560 ἐλήλεγκταί
1664 2504 1755 2540 σου
1792 2489 1825 2558 ἡ

1941 2499 2056 2538 eam
2085 2493 2247 2556 negat
2276 2487 2501 2543 caeleste
2528 2503 2752 2559 regnum
2780 2489 3096 2559 possidere;
3124 2490 3219 2546 sed
3258 2489 3326 2547 de
3362 2494 3512 2547 carni

248 2579 550 2653 σκευωρία,
604 2575 649 2633 ὦ
690 2579 955 2651 Μαρκίων
984 2578 1393 2651 πεπλανημένε,
1438 2578 1539 2650 τῆς
1574 2576 1832 2648 ἀληθείας

1941 2574 2214 2634 immersis
2255 2578 2590 2646 hominibus,
2621 2581 2717 2652 qui
2763 2581 3096 2638 adminiculo
3127 2583 3312 2639 carnis
3346 2585 3516 2641 scele-

247 2674 425 2744 πάντη
460 2671 856 2744 προλαὸούσης,
893 2673 987 2726 καὶ
1019 2672 1079 2725 τὸ
1109 2682 1326 2742 στερεον
1354 2668 1446 2723 τοῦ
1479 2669 1834 2742 κηρύγματος

1941 2674 2024 2721 sta
2055 2670 2300 2739 quasdam
2326 2679 2641 2742 perpetrant
2666 2689 2679 2726 :
2710 2673 3017 2742 cuiusmodi
3045 2684 3173 2731 sunt
3204 2676 3516 2744 fornicatio,

245 2767 351 2835 τῆς
374 2764 521 2835 ζωῆς
554 2763 1005 2835 ἀσφαλιζομένης.

1941 2758 2272 2828 idololatria,
2296 2772 2401 2818 etc.
2435 2764 2588 2820 Unde
2617 2771 2731 2830 tua,
2768 2764 2993 2831 Marcio,
3023 2767 3175 2823 fraus
3203 2776 3368 2839 atque
3403 2773 3517 2824 cal-

246 2857 439 2914 liditas
475 2860 698 2914 omnino
726 2858 1015 2928 detegitur,
1046 2870 1172 2912 eum
1195 2871 1384 2913 omnes
1412 2857 1618 2912 erroris
1646 2855 1828 2912 aditus
1863 2856 2186 2926 jamdudum
2209 2859 2406 2915 veritas
2435 2862 2738 2931 occuparit,
2801 2862 3316 2937 praedicationisque
3375 2866 3518 2932 ejus,

245 2965 376 3020 qua:
422 2948 587 3003 vitam
645 2947 819 3013 all‘ert,
867 2946 1176 3003 firmitatem
1218 2946 1680 3016 stabilitatemque
1712 2947 1991 3002 munierit.

326 3041 481 3112 Σχόλ.
513 3038 578 3105 ζ’.
619 3042 684 3094 Ol
737 3038 806 3093 δὲ
832 3038 940 3093 τοῦ
970 3039 1227 3108 Χριστοῦ
1273 3039 1387 3108 τὴν
1408 3038 1606 3107 σάρκα
1624 3038 1835 3092 ἐσταύ-

2007 3036 2193 3094 Schol.
2228 3040 2277 3093 7.
2312 3039 2416 3107 Qui
2457 3050 2635 3096 autem
2676 3042 2879 3099 Christi
2910 3054 3032 3099 sunt
3063 3062 3275 3102 carnem
3303 3051 3519 3121 cruciﬁ-

243 3144 463 3202 ρωσαν
494 3130 616 3185 σὺν
636 3129 761 3196 τοῖς
787 3128 1096 3199 παθήμασι
1130 3129 1229 3182 καὶ
1256 3129 1382 3196 ταῖς
1407 3128 1763 3198 ἐπιθυμίαις.

331 3224 551 3293 Ἐλεγχ.
594 3222 660 3286 ζ’.
703 3223 767 3275 Εἰ
821 3221 1213 3289 ἐσταύρωσαν
1257 3220 1357 3290 τὴν
1395 3219 1593 3291 σάρκα
1636 3224 1691 3276 οἱ
1731 3221 1838 3275 τοῦ

253 3316 538 3384 Χριστοῦ,
564 3309 609 3368 ὦ
643 3314 928 3386 Μερκίων,
957 3315 1115 3386 δῆλον
1169 3310 1259 3386 ἦν,
1288 3314 1369 3368 ὅτι
1402 3314 1452 3368 οἱ
1474 3314 1568 3368 τοῦ
1599 3313 1839 3387 Χριστοῦ

253 3406 437 3461 δοῦλοι
469 3408 563 3460 σὺν
598 3409 717 3470 ταῖς
745 3406 1062 3476 ἐπιθυμίαις
1095 3405 1189 3460 καὶ
1221 3407 1332 3468 τοῖς
1358 3404 1640 3476 παθήμασι
1666 3404 1841 3458 καθα-

261 3500 363 3569 ρὰν
402 3498 498 3569 τὴν
534 3497 711 3569 σάρκα
746 3496 1032 3561 ἀπέδειξαν
1053 3512 1070 3528 ο
1100 3496 1196 3550 καὶ
1219 3496 1560 3567 ἐμιμήσαντο
1582 3495 1673 3548 τὸν
1705 3496 1842 3566 Χρι-

260 3590 411 3660 στὸν,
436 3589 708 3654 δείξαντες
760 3589 920 3645 αὑτὸν
963 3589 1141 3660 σάρκα
1176 3588 1602 3660 ἐσταυρωκέναι.
1636 3589 1726 3643 Διδ
1750 3589 1845 3643 καὶ

262 3631 386 3643 -..η
438 3631 706 3654 --.νηη
760 3631 916 3645 ...ην
964 3631 1141 3660 -..τη-
1177 3631 1602 3660 --...-,......-,....
1636 3631 1726 3643 -.-
1752 3631 1845 3643 η...

257 3631 439 3743 αὑτά,
462 3680 530 3733 τὰ
561 3681 651 3735 ῐσα
683 3679 761 3752 τῷ
791 3681 1037 3754 Δεσπότῃ
1091 3680 1271 3735 αὐτῶν
1315 3682 1702 3752 φρονήσαντες,
1745 3679 1846 3753 τὴν

262 3770 447 3840 σάρκα
501 3768 870 3841 ἐσταύρωσαν.
903 3768 1013 3821 Καὶ
1046 3769 1094 3821 εἰ
1122 3768 1221 3840 τὴν
1261 3768 1440 3841 σάρκα
1471 3767 1842 3840 ἐσταύρωσαν,

260 3859 581 3913 ἁνένδεκτον
611 3859 711 3932 τὴν
765 3860 942 3931 σάρκα
992 3860 1134 3931 ὺπέρ
1178 3858 1415 3931 Χριστοῦ
1463 3858 1739 3914 παθοῦσαν
1773 3860 1847 3932 μὴ

265 3954 368 4004 σὺν
416 3949 634 4022 Χριστῷ
672 3949 1010 4021 βασιλεύεινο
1064 3950 1250 4015 καθὼς
1294 3952 1389 4005 καὶ
1431 3952 1488 4004 ἐν
1529 3950 1672 4024 ἄλλῳ
1699 3950 1849 4024 ῥητῷ

259 4041 537 4097 δείκνυσιν
572 4046 600 4098 ὁ
648 4044 801 4112 ἅγιος
857 4044 1176 4106 Ἀπόστολος
1219 4043 1413 4111 λέγων,
1464 4043 1546 4097 ὃτι
1573 4042 1851 4112 Καθάπερ

264 4136 545 4189 κοινωνοί
594 4136 734 4189 ἐστε
768 4133 887 4189 τῶν
915 4134 1275 4204 παθημάτων
1293 4133 1400 4187 τοῦ
1438 4134 1713 4203 Χριστοῦ,
1749 4135 1851 4188 οὕ-

263 4239 383 4288 τως
402 4223 498 4278 καὶ
526 4221 638 4291 τῆς
666 4221 872 4291 δόξης.

343 4314 499 4385 Σχόλ.
535 4313 605 4386 η’.
641 4314 791 4377 Οὔτε
815 4314 924 4385 γύρ
953 4317 1005 4368 οἱ
1040 4317 1517 4386 περιτεμνόμενοι
1549 4314 1715 4369 αὐτοὶ
1751 4317 1851 4370 νό-

258 4423 387 4478 μον
416 4405 869 4476 φυλάσσουσιν.

347 4497 566 4569 Ἐλεγχ.
589 4504 658 4570 η’.
682 4497 794 4552 Οὐκ
815 4498 1157 4569 ἀπηγόρευτο
1175 4495 1352 4551 τοίνυν
1376 4499 1408 4567 ἡ
1430 4496 1670 4569 προτέρα
1696 4515 1852 4569 περι-

267 4591 416 4662 τομὴ
446 4592 504 4645 ἐν
530 4590 607 4662 τῷ
634 4590 750 4662 ίδίῳ
775 4589 975 4662 καιρῷ,
1015 4591 1063 4643 εί
1093 4589 1258 4660 νόμον
1296 4588 1546 4658 ἐφύλαξε.
1580 4589 1765 4661 Νόμος
1792 4591 1851 4645 δὲ

268 4680 510 4753 Χριστὸν
561 4680 928 4753 κατήγγελλεν
977 4679 1270 4753 ἐρχόμενον
1325 4680 1489 4752 νόμον
1538 4680 1851 4753 ἐλευθερίας

268 4772 676 4844 παρασχέσθαι,
720 4770 816 4843 καὶ
860 4772 1044 4826 ούκέτι
1075 4774 1110 4844 ἡ
1157 4773 1427 4844 περιτομὴ
1470 4774 1528 4825 ἐν
1570 4774 1733 4843 σαρκὶ
1770 4772 1850 4844 τῷ

269 4864 454 4938 χρόνῳ
474 4864 567 4918 τοῦ
593 4862 831 4935 Χριστοῦ
863 4863 1339 4936 ἐξυπηρετήσειεν.
1369 4859 1540 4917 Ἦλθε
1567 4862 1678 4935 γὰρ
1703 4866 1737 4934 ἡ
1768 4864 1856 4918 διὰ

270 4955 515 5027 Χριστοῦ
550 4955 800 5027 ἀληθινὴ,
827 4951 895 5027 ἧς
936 4954 1107 5019 τύπος
1153 4949 1458 5026 ἐκείνη’ἦν.
1490 4956 1552 5008 Οἱ
1591 4954 1647 5007 δὲ
1683 4955 1765 5008 ἐτι
1797 4957 1855 5008 ἐν

268 5048 461 5122 ἐκείνῃ
491 5047 935 5120 σφραγιζόμενοι,
969 5046 1071 5101 κᾶν
1105 5063 1165 5100 τε
1194 5047 1370 5101 πάντα
1394 5047 1484 5101 τὸν
1504 5047 1666 5118 νόμον
1688 5045 1856 5116 φυλά-

272 5143 465 5208 ξωσιν,
496 5140 682 5194 ούκέτι
724 5139 909 5202 αὐτοῖς
960 5137 1343 5209 λογισθήσεται
1391 5138 1554 5209 νόμου
1606 5136 1853 5206 φύλαξις.

290 5228 515 5301 Ἐπειδὴ
541 5229 654 5301 γὰρ
687 5230 715 5282 ό
748 5227 911 5299 νόμος
940 5225 1093 5295 ἔλεγε
1139 5226 1271 5296 περὶ
1296 5226 1555 5297 Χριστοῦ,
1582 5226 1665 5279 ὅτι
1713 5229 1857 5294 Προ·

272 5317 485 5391 φήτην
515 5316 710 5388 ἐγερεῖ
744 5317 889 5387 ὑμῖν
922 5316 1137 5384 Κύριος
1180 5319 1213 5370 ό
1246 5314 1390 5381 Θεὸς
1417 5316 1486 5369 ἐκ
1513 5314 1633 5369 τῶν
1680 5314 1857 5369 ἀδελ-

274 5412 416 5486 φῶν
446 5431 564 5483 μου
592 5413 672 5478 ὡς
703 5411 806 5482 ἐμέ
825 5427 840 5443 ο
872 5409 1058 5464 αὐτοῦ
1090 5407 1387 5465 ἀκούσετε
1406 5425 1421 5441 ο
1455 5404 1635 5461 αὐτῶν
1669 5405 1727 5460 δὲ
1759 5405 1854 5460 τοῦ

274 5504 525 5579 Χριστοῦ
561 5503 637 5576 μὴ
684 5502 1072 5567 ἀκουσάντων,
1116 5503 1150 5572 ἠ
1203 5498 1471 5572 περιτομὴ
1524 5497 1861 5570 ἀκροϐυστία

276 5598 492 5669 γίνεται
544 5596 760 5660 αὐτοῖς,
814 5595 907 5649 καὶ
957 5596 991 5666 ὴ
1034 5592 1260 5664 φύλαξις
1318 5593 1409 5648 τοῦ
1464 5594 1631 5665 νόμου
1679 5592 1861 5647 οὐκέτι

1939 3137 2131 3182 xerunt
2161 3145 2280 3183 cum
2309 3132 2447 3186 uitiis
2475 3143 2523 3186 et
2553 3134 2986 3203 concupiscentiis
3018 3136 3065 3193 ³.

2009 3215 2193 3275 Refut.
2219 3220 2270 3276 7.
2297 3220 2352 3276 Si
2374 3223 2465 3294 qui
2497 3220 2696 3279 Christi
2718 3237 2861 3292 sunt,
2885 3243 3096 3284 carnem
3118 3231 3520 3302 cruci/inerunt,

1942 3309 2171 3379 Marcio,
2202 3315 2548 3385 perspicuum
2589 3325 2672 3371 est
2711 3316 2914 3373 Christi
2960 3335 3145 3376 servos
3180 3322 3523 3380 circumcisis

1943 3400 2338 3472 cupiditatibus
2392 3414 2446 3460 et
2491 3404 2872 3463 affectionibus
2915 3410 3358 3480 purgatissimam
3400 3428 3523 3468 car-

1943 3507 2067 3546 nem
2113 3506 2270 3548 suam
2316 3493 2645 3564 reddidisse,
2675 3496 3023 3570 imitatosque
3064 3514 3188 3557 esse
3220 3501 3521 3569 Christum,

1945 3581 2074 3637 dum
2100 3584 2276 3655 ipsum
2316 3600 2535 3642 carnem
2577 3603 2729 3642 suam
2763 3590 2911 3643 cruci
2950 3588 3185 3647 aliirisse
3221 3584 3520 3649 declarant.

1946 3674 2104 3733 Unde
2133 3684 2189 3733 et
2221 3677 2300 3733 illi
2332 3678 2521 3735 eodem
2548 3696 2657 3752 quo
2686 3680 2950 3738 Dominus
2988 3698 3123 3740 suus
3156 3685 3388 3743 consilio
3413 3701 3526 3741 car-

1946 3783 2070 3823 nem
2106 3769 2161 3824 in
2191 3785 2354 3827 cruce
2393 3772 2651 3844 deﬁgunt.
2677 3773 2798 3830 Iam
2846 3790 2976 3831 vero
3025 3776 3069 3832 si
3110 3792 3329 3833 carnem
3368 3793 3525 3834 suam

1948 3852 2486 3928 cruciﬁxerint,rﬁeri
2520 3879 2629 3920 non
2677 3875 2855 3939 potest
2893 3867 3023 3937 quin
3063 3884 3192 3924 caro
3233 3885 3331 3940 pro
3369 3869 3527 3925 Clu-i-

1949 3961 2035 4008 sto
2066 3968 2323 4024 perpessa
2359 3969 2482 4010 cum
2525 3955 2742 4013 Christo
2775 3957 2980 4028 pariter
3021 3967 3251 4029 regnet:
3287 3960 3339 4014 id
3381 3963 3525 4032 quod

1951 4044 2057 4098 alio
2086 4045 2137 4098 in
2165 4044 2287 4099 loco
2317 4044 2402 4102 his
2431 4046 2613 4102 verbis
2638 4047 2976 4104 demonstrat
2997 4048 3294 4118 Apostolus
3326 4069 3339 4104 :
3378 4050 3528 4107 Sicut

1950 4138 2080 4191 socii
2105 4139 2410 4206 passionum
2438 4138 2639 4194 Christi
2673 4142 2820 4201 estis.
2852 4141 2929 4194 ita
2961 4150 3009 4195 et
3039 4140 3222 4213 gloria:
3244 4143 3282 4196 δ.

2026 4316 2211 4372 Schol.
2264 4316 2318 4371 8.
2366 4317 2546 4389 Neque
2594 4320 2731 4373 enim
2785 4321 2874 4391 qui
2922 4322 3370 4377 circumciduntur
3425 4328 3526 4397 ipsa

1881 4377 1927 4434 θ
1957 4409 2116 4479 legem
2151 4377 2522 4464 custodiunt".

2026 4501 2186 4572 353
2198 4500 2380 4558 Refut.
2394 4502 2447 4557 8.
2468 4501 2584 4558 Non
2607 4501 2771 4575 igitur
2783 4519 2882 4559 suo
2901 4510 3142 4577 tempore
3159 4507 3428 4578 prohibita
3447 4527 3528 4564 νυ.

1952 4600 2042 4649 tus
2061 4594 2149 4647 illa
2170 4593 2518 4650 circumcisio
2545 4593 2665 4663 fuit,
2689 4596 2735 4651 si
2762 4595 2979 4666 quidem
3013 4597 3183 4668 legem
3208 4599 3527 4657 custodiret.

1954 4682 2125 4739 Porro
2170 4683 2255 4739 lex
2298 4682 2575 4740 Christum
2618 4685 2907 4741 nuntiabat
2951 4687 3158 4743 idcirco
3198 4690 3527 4749 venientem.

1954 4777 2014 4825 ut
2052 4769 2225 4839 legem
2261 4771 2527 4828 libertatis
2567 4773 2805 4839 atierret,
2845 4784 2899 4829 et
2945 4777 3295 4834 circumcisio
3347 4780 3533 4836 carnis

1950 4874 2058 4917 non
2092 4863 2327 4932 amplius
2360 4872 2604 4934 tempore
2658 4865 2865 4922 Christi
2902 4867 3084 4923 locum
3137 4870 3385 4925 haberet.
3426 4870 3531 4925 Ve-

1946 4950 2027 5006 nit
2057 4952 2203 5006 enim
2242 4967 2334 5021 per
2357 4952 2639 5009 Christum
2674 4972 2822 5021 vera,
2854 4957 3013 5028 cujus
3053 4958 3144 5013 illa
3176 4960 3404 5030 ﬁguram
3437 4978 3531 5015 ex-

1941 5042 2160 5112 pressit.
2207 5043 2531 5115 Quicunque
2568 5061 2698 5103 vero
2741 5048 2924 5103 adhuc
2970 5050 3024 5105 in
3078 5049 3166 5104 illa
3211 5051 3525 5121 signantur.

1951 5136 2165 5191 tametsi
2222 5135 2395 5207 legem
2447 5152 2664 5193 omnem
2716 5139 3030 5208 observent,
3062 5157 3172 5198 non
3228 5151 3409 5198 tamen
3456 5144 3524 5200 iis

1945 5225 2256 5282 observatio
2287 5226 2385 5282 ista
2428 5227 2563 5299 legis
2600 5230 2977 5301 imputabitur.
3004 5232 3140 5287 Cum
3169 5232 3314 5288 enim
3341 5233 3428 5290 lex
3454 5235 3524 5290 de

1938 5317 2156 5374 Christo
2186 5320 2494 5388 praedixerit
2529 5339 2544 5376 :
2577 5323 2895 5394 Prop/letam
2925 5326 3205 5380 suscitabit
3242 5326 3386 5382 uobis
3418 5327 3522 5382 Do-

1937 5408 2112 5463 minus
2136 5408 2275 5464 Deus
2300 5427 2328 5464 ο
2361 5411 2616 5481 fratribus
2654 5415 2782 5469 meis
2811 5416 2946 5470 sicut
2970 5432 3092 5482 me;
3136 5416 3307 5486 ipsum
3341 5419 3521 5473 audie-

1938 5500 2003 5555 tis
2032 5500 2054 5533 ⁸
2087 5517 2100 5556 :
2131 5499 2225 5572 qui
2260 5517 2327 5558 ex
2363 5503 2473 5560 illis
2506 5503 2786 5562 Christum
2831 5523 2941 5564 non
2992 5510 3283 5573 audierint,
3320 5510 3515 5568 borum

1938 5591 2286 5650 circumcisio
2314 5595 2563 5663 prmputii
2585 5598 2757 5653 instar
2777 5601 3093 5669 aestimatur,
3121 5601 3347 5674 ipsaque
3382 5602 3516 5672 legis

361 5751 422 5808 ⁸1
450 5754 575 5812 Cor.
615 5769 704 5821 xv,
734 5754 820 5809 50.
898 5754 919 5785 ⁸
953 5749 1109 5806 Rom.
1141 5767 1257 5816 vm,
1293 5752 1380 5805 55.
1458 5751 1478 5781 ³
1518 5749 1693 5804 Galat.
1727 5767 1757 5804 v
1818 5748 1835 5800 ε

1986 5745 2074 5799 ‘ll
2104 5741 2230 5800 Cor.
2263 5756 2304 5808 ι,
2333 5742 2388 5799 7.
2475 5740 2496 5774 '
2520 5738 2677 5799 Galat
2728 5739 2917 5810 Vt,15.
2993 5741 3015 5774 ⁸
3044 5739 3203 5798 Deut.
3243 5757 3399 5808 xvrn,
3443 5743 3531 5800 l5.

616 5847 884 5912 ΡΑτιιοι..
916 5846 1033 5907 Ca.
1068 5844 1234 5908 XLI.

3142 5835 3223 5898 95
