3934 6418
251 363 342 419 731
914 364 1280 423 ADVERSUS
1320 362 1661 422 IIJEMSSES
1698 367 1824 422 LIB.
1863 367 1904 424 1.
1947 368 2112 424 TOM.
2150 369 2240 424 lll.
2275 367 2633 426 ——H.IERES.
2683 367 2843 425 XLII.
3212 340 3225 355 Ι
3417 372 3524 428 782

247 483 305 537 τὸ
330 481 498 537 κακὸν
536 482 930 554 ἐργαζόμενοι,
975 486 1174 555 μηκέτι
1227 486 1683 558 ἀποθνήσκοντες.
1726 489 1808 541 Κα

1941 488 2261 544 collocarat.
2296 489 2466 561 Igitur
2495 504 2605 544 non
2642 488 2821 543 solum
2859 495 2981 561 post
3012 502 3303 561 corporum
3338 507 3527 551 resur-

245 574 325 628 ὅτι
362 574 420 626 δὲ
466 572 832 656 παυθήσεται,
877 577 1222 647 μαρτυρήσει
1259 580 1288 632 6
1330 578 1493 643 αὐτὸς
1535 577 1692 646 λόγος
1728 579 1808 632 toi

1927 580 2225 635 rectionem
2253 580 2489 645 desinet,
2522 581 2617 637 sed
2638 581 2965 651 jamdudum
2995 583 3064 640 ab
3086 583 3204 655 ipsa
3229 584 3366 654 legis
3392 600 3522 656 pro—

259 654 585 715 ’Δποστόλου
624 664 883 731 φάσκων·
930 663 1063 717 Τῶν
1096 666 1405 734 ἀρχόντων
1454 666 1562 722 τοῦ
1608 667 1808 734 αἰῶνος

1928 670 2298 740 mulgatione;
2356 674 2465 727 imo
2513 682 2641 729 ante
2690 673 2864 744 legem
2918 654 3197 745 ipsamiin
3247 654 3524 747 plerisque

244 752 454 805 τούτου
478 750 600 804 τῶν
632 752 1147 822 καταργουμένων.
1177 756 1288 810 Καὶ
1317 756 1585 828 ἀνῄρηται
1620 776 1808 811 παντα‹

1927 761 2110 823 desiit.
2143 764 2235 833 qui
2268 763 2430 819 vitam
2454 780 2609 821 suam
2630 780 2696 820 ex
2728 766 2996 821 naturalis
3028 766 3165 836 legis
3195 746 3522 838 praescripto

244 842 393 915 χόθεν
416 846 449 914 ἡ
477 843 619 897 κατά
639 843 722 907 σὲ,
744 837 789 897 ὧ
822 844 1111 915 Μαρκίων,
1135 847 1414 912 ὑπόθεσις,
1443 848 1808 920 φαντασιώδης

1928 862 2324 925 temperarunt.
2381 854 2485 912 Sed
2521 858 2692 912 multo
2730 857 2903 929 magis
2940 865 3066 928 post
3096 858 3304 914 Christi
3336 837 3524 915 Salva—

241 950 323 997 τις
347 928 481 987 οὖσα
510 934 603 986 καὶ
632 931 855 1003 ψευδὴς,
888 934 983 987 καὶ
1008 934 1264 1000 ἄστατος,
1290 936 1382 989 καὶ
1407 936 1621 1004 ἄλογος.

1926 946 2060 999 toris
2083 944 2414 1013 adventum;
2448 961 2510 1001 ac
2540 946 2778 1017 denique
2810 956 2933 1019 post
2962 954 3305 1004 mortuorum
3337 965 3525 1005 resur--

240 1023 534 1079 rectionem
560 1023 718 1092 longe
782 1022 837 1078 id
903 1026 1240 1081 cumulatius
1309 1027 1541 1083 accidet.
1596 1025 2054 1101 Quandoquidem
2098 1037 2428 1091 seminantur
2475 1037 2531 1089 in
2575 1040 2930 1103 corruptione,
2969 1049 3192 1109 surgunt
3238 1056 3414 1094 autem
3461 1040 3517 1095 in

237 1117 679 1186 incorruptione',
700 1132 803 1172 nec
837 1119 1042 1173 malum
1060 1120 1294 1191 amplius
1319 1129 1655 1193 perpetrant,
1708 1139 1887 1195 neque
1938 1128 2273 1185 moriuntur.
2310 1131 2388 1186 Ac
2421 1140 2764 1187 cessaturum
2799 1132 3018 1203 quidem
3058 1133 3280 1189 omnino
3317 1132 3525 1188 malum

238 1213 422 1269 eadem
458 1216 549 1269 illa
583 1214 830 1287 Apostoli
906 1222 1141 1271 testatur
1200 1215 1383 1272 oratio
1435 1235 1448 1270 :
1491 1206 1800 1287 Principum
1863 1219 2021 1289 huius
2070 1224 2272 1289 sa’culi,
2320 1226 2410 1295 qui
2457 1237 2794 1280 evacuantur.
2838 1225 2917 1281 Ex
2962 1243 3071 1297 quo
3112 1242 3310 1282 vanum
3360 1234 3531 1281 tuutn‘

236 1310 364 1367 illud
400 1312 608 1384 Ldogma
645 1311 908 1377 concidit,
952 1309 1179 1377 Marcio,
1212 1313 1357 1383 quod
1397 1313 1655 1385 opinione
1689 1315 1804 1370 sola
1843 1318 2161 1384 conﬁctum,
2193 1320 2422 1377 mendax
2445 1362 2459 1386 ,
2517 1321 2863 1389 inconstans,
2931 1323 3240 1396 rationique
3294 1323 3519 1378 minime

234 1410 663 1458 consentaneum
692 1410 799 1457 88L
1300 1418 1309 1431 ‘

303 1492 346 1545 δ’
365 1493 460 1547 καὶ
480 1492 546 1564 ιβ’
582 1492 732 1564 σχόλ.
768 1491 1103 1563 Γέγραπται
1122 1492 1234 1563 γάρ
1255 1510 1268 1524 ·
1303 1494 1356 1546 '0
1390 1494 1813 1567 δρασσόμενος

237 1584 375 1651 τοὺς
399 1585 635 1654 σοφοὺς
663 1587 734 1641 ἐν
766 1586 843 1656 τῇ
867 1588 1203 1656 πανουργίᾳ
1226 1587 1427 1641 αὐτῶν
1450 1606 1463 1619 ο
1491 1592 1585 1644 καὶ
1619 1592 1780 1647 πάλιν
1797 1612 1809 1623 ο

238 1678 448 1746 Κύριος
468 1677 764 1748 ⁶γινώσκειν
792 1678 936 1745 τοὺς
965 1678 1396 1750 διαλογισμοὺς
1438 1681 1559 1735 τῶν
1593 1684 1816 1753 ἀνθρώ-

234 1781 382 1831 πων,
404 1766 495 1821 ὅτι
522 1767 640 1821 εἰσὶ
661 1766 923 1836 μάταιοι.

1990 1490 2176 1546 Schol.
2222 1491 2257 1546 4
2311 1500 2366 1547 ct
2429 1492 2517 1547 l2.
2568 1492 2834 1563 Scriptntu
2869 1504 2946 1549 est
2991 1496 3131 1551 enim
3168 1514 3187 1551 :
3234 1497 3341 1565 Qui
3377 1516 3517 1556 cont-

1917 1582 2189 1651 prehendit
2212 1584 2474 1651 sapientes
2504 1586 2562 1639 in
2589 1586 2790 1641 astutia
2836 1601 3014 1642 eorum
3047 1588 3087 1644 ³.
3119 1588 3280 1660 355
3319 1590 3384 1673 ξι
3412 1592 3515 1648 ilc-

1917 1690 2041 1728 rttm
2076 1692 2090 1728 :
2128 1674 2388 1729 Dominus
2446 1676 2590 1730 novit
2650 1678 2974 1747 cognitiones
3036 1679 3330 1747 hominum,
3388 1686 3516 1756 quia

1921 1779 2069 1817 vana:
2098 1774 2219 1818 sunt
2245 1764 2292 1813 ⁸.

495 1859 559 1930 ιβ’
585 1815 767 1931 ἔλετγχ.
800 1861 893 1923 Τὸ.
915 1860 1256 1931 γέγραπται,
1285 1866 1362 1929 εἰς
1383 1866 1581 1935 χρῆσιν
1612 1882 1808 1937 προφε-

2277 1855 2435 1909 ειίῖ.
2484 1854 2634 1910 Istud
2679 1856 2891 1926 ipsum,
2930 1855 3193 1927 Scriptum
3242 1869 3341 1928 est,
3378 1871 3513 1927 etc.,

238 1948 484 2019 ρόμενον,
514 1950 719 2016 καὶτὸ,
767 1950 1047 2021 γινώσκει
1091 1953 1323 2020 Κύριος,
1362 1956 1812 2028 ὁμολογούμενον,

234 2041 333 2094 οὐκ
371 2041 653 2113 ἀλλότριον
710 2044 949 2115 ὑπάρχει
996 2043 1076 2114 τῷ
1115 2045 1501 2117 ἀναλεξαμένῳ
1549 2048 1609 2101 τὸ
1652 2048 1815 2119 ῥητὸν

231 2131 324 2185 τοῦ
363 2131 521 2200 λόγου
548 2149 561 2162 ·
588 2134 730 2202 φημὶ
761 2134 819 2188 δὲ
857 2134 933 2205 τῷ
971 2136 1109 2206 ἁγίῳ
1152 2137 1485 2210 Ἀποστόλῳ,
1516 2141 1649 2210 παρ’
1695 2134 1740 2208 ᾧ
1777 2141 1813 2211 ἡ

232 2222 425 2293 χρῆσις
454 2222 772 2295 ἐμφέρεται.
818 2225 908 2294 Ἐξ
940 2221 1005 2298 ἧς
1050 2228 1298 2299 χρήσεως
1325 2232 1354 2283 6
1388 2230 1675 2302 χαρακτὴρ
1707 2249 1812 2301 (pat-

230 2316 397 2367 νεῖται
422 2313 522 2367 οὐκ
551 2314 831 2386 ἀλλοτρίου
862 2316 955 2370 τοῦ
982 2318 1340 2389 κηρύγματος
1361 2321 1453 2375 τοῦ
1489 2323 1812 2376 Ἀποστόλου

231 2403 338 2458 ἀπὸ
368 2407 466 2475 τῆς
492 2404 735 2470 Παλαιᾶς
775 2407 1071 2480 Διαθήκης.
1112 2410 1236 2463 ὅθεν
1269 2411 1421 2465 αὑτῶ
1468 2413 1502 2483 ἡ
1540 2418 1812 2485 μαρτυρία

233 2497 483 2567 συνέστη.

301 2588 344 2641 ε’
372 2589 467 2642 καὶ
492 2588 560 2657 ιγ’
585 2589 735 2660 σχόλ.
765 2591 874 2645 Καὶ
908 2592 1017 2662 γὰρ
1047 2596 1110 2645 τὸ
1164 2596 1378 2665 Πάσχα
1428 2596 1593 2669 ἡμῶν
1630 2598 1810 2667 ἐτύθη

227 2679 479 2746 Χριστός

299 2777 339 2823 ε’
369 2771 463 2824 καὶ
496 2779 563 2841 ιγ’
590 2772 770 2844 ἔλεγχ.
809 2773 870 2827 Ei
908 2774 1100 2845 Πάσχα
1123 2776 1152 2827 6
1181 2778 1500 2842 Ἀπὸστολος
1535 2781 1810 2850 ὁμολογεῖ,

228 2860 324 2914 καὶ
345 2859 575 2914 τυθέντα
604 2861 698 2915 τὸν
724 2862 958 2933 Χριστὸν
989 2865 1088 2917 οὐκ
1113 2865 1377 2935 ἀρνεῖται,
1401 2868 1503 2922 οὐκ
1534 2868 1811 2940 ἀλλότριον

224 2952 289 3005 τὸ
317 2952 509 3022 Πάσχα
538 2952 632 3006 τοῦ
669 2955 931 3026 Χριστοῦ,
962 2954 1058 3009 τοῦ
1085 2956 1225 3011 κατά
1257 2958 1419 3029 νόμον
1448 2959 1640 3030 Πάσχα
1673 2961 1811 3033 πρό-

226 3042 389 3098 ϐατον
416 3044 633 3109 θύοντος
667 3046 961 3117 ἀληθινῶς,
999 3049 1093 3103 καὶ
1116 3049 1178 3102 οὐ
1204 3049 1445 3122 δοκήσει,
1477 3051 1538 3105 οὐ
1560 3053 1576 3083 ¹
1603 3052 1811 3123 προϐά-

1920 1944 1990 2000 ad
2026 1962 2183 2003 usum
2217 1948 2581 2014 translatum;
2614 1948 2873 2019 itemque,
2906 1952 3047 2004 novit
3070 1950 3349 2015 Dominus,
3378 1963 3511 2017 etc.,

1921 2037 2025 2093 hac
2067 2039 2360 2094 autoritate
2402 2039 2841 2110 comprobatum,
2894 2042 3132 2097 alienum
3179 2043 3248 2098 ab
3291 2058 3358 2100 eo
3405 2046 3514 2099 mi-

1920 2128 2068 2183 nime
2114 2136 2391 2191 censetur,
2443 2129 2538 2198 qui
2591 2131 2733 2185 hanc
2780 2146 2813 2187 e
2854 2128 3140 2204 Scriptura
3183 2132 3515 2189 sententiam

1920 2219 2166 2289 protulit,
2218 2221 2480 2289 Apostoln
2543 2220 2819 2288 videlicet,
2876 2237 2907 2279 a
2962 2239 3073 2294 quo
3131 2225 3234 2279 ista
3279 2225 3510 2280 collecta

1918 2317 2070 2365 sunt.
2122 2310 2300 2381 Atque
2354 2311 2458 2367 hoc
2519 2327 2584 2367 ex
2623 2328 2725 2367 usu
2757 2313 3005 2368 locorum
3070 2316 3206 2371 satis
3260 2327 3507 2386 apparet,

1918 2402 2235 2471 apostolicae
2271 2402 2539 2459 doctrinae
2588 2401 2823 2458 formam
2862 2405 3000 2460 nihil
3030 2421 3061 2461 a
3095 2405 3289 2463 Vetere
3316 2406 3511 2463 Testa-

1917 2498 2105 2545 mento
2134 2491 2424 2557 dissidere,
2456 2493 2616 2562 cujus
2642 2494 2734 2549 ille
2765 2495 3138 2552 testimonium
3164 2497 3433 2553 adhibuit.

1992 2582 2177 2639 Schol.
2207 2584 2240 2639 5
2262 2592 2315 2639 et
2344 2586 2431 2639 l5.
2462 2584 2670 2640 Etenim
2703 2585 2912 2642 Pascha
2935 2600 3175 2644 nostrum
3204 2591 3507 2645 immolatus

1915 2683 1993 2727 est
2030 2673 2277 2730 Christus
2305 2676 2348 2728 '.
2592 2728 2600 2733 .

1990 2766 2172 2825 Refut.
2243 2770 2277 2824 5
2341 2778 2395 2825 et
2466 2772 2553 2825 l5.
2611 2772 2747 2826 Cum
2814 2780 2867 2828 et
2931 2772 3143 2829 Pascha
3213 2775 3507 2845 Apostolus

1916 2868 2202 2930 agnoscat,
2244 2869 2298 2916 ct
2341 2862 2677 2916 immolatum
2713 2862 2995 2921 Christum
3037 2880 3147 2920 non
3175 2854 3354 2938 neget,
3399 2884 3506 2921 non

1916 2958 1999 3006 est
2030 2951 2449 3005 abalienandum
2478 2967 2508 3005 a
2531 2952 2754 3008 Christo
2780 2953 2991 3008 Pascha
3017 2956 3111 3025 qui
3132 2972 3198 3010 ex
3222 2956 3505 3011 Paschalis

1916 3043 2035 3114 lege
2066 3058 2262 3098 verum
2303 3043 2518 3114 Agnum
2553 3060 2663 3099 non
2693 3047 2873 3117 specie
2899 3056 3058 3105 tenus
3088 3048 3333 3103 immolat
3363 3068 3375 3104 :
3410 3066 3508 3104 cu-

225 3152 321 3189 του
363 3136 534 3201 τύπος
584 3132 652 3209 ἦν
680 3140 708 3192 6
750 3139 812 3193 οὐ
843 3140 1065 3211 δοκήσει
1096 3140 1358 3213 θυόμενος
1393 3144 1647 3216 Χριστὸς,
1686 3144 1808 3199 οὐδὲ

1926 3135 2004 3200 ius
2041 3136 2166 3204 agni
2204 3134 2435 3190 formam
2478 3142 2588 3192 noni
2636 3138 2817 3207 specie
2861 3138 2987 3193 item
3038 3138 3157 3194 sola
3192 3139 3506 3195 immolatus

223 3225 354 3280 ἄνευ
411 3228 612 3299 σαρκὸς
662 3230 908 3301 πάσχων.
955 3232 1081 3297 Πῶς
1136 3233 1246 3305 γὰρ
1304 3235 1537 3305 ἠδύνατο
1590 3235 1809 3307 πνεῦμα

224 3317 492 3388 θῦεσθαις
530 3322 697 3395 Δῆλον
728 3323 828 3378 οὐκ
851 3323 1084 3396 ἠδύνατο
1103 3342 1115 3355 ·
1151 3326 1228 3398 μὴ
1251 3328 1555 3399 δυναμένου
1587 3329 1645 3383 δὲ
1680 3328 1810 3384 ἄνευ

224 3415 431 3485 σαρκὸς
465 3416 712 3488 τυθῆναι,
747 3420 1000 3484 τυθέντος
1028 3421 1086 3475 δὲ
1121 3422 1181 3475 ἐν
1217 3420 1450 3493 ἀληθείᾳ
1474 3421 1588 3492 (81)
1620 3422 1812 3493 ὁμολο⁴

222 3509 402 3573 γεῖται
429 3506 520 3560 διὰ
544 3507 645 3577 τῆς
671 3509 768 3563 τοῦ
810 3510 1139 3566 ’Λποστόλου
1178 3510 1586 3584 ἀναμφιλέκτου
1615 3511 1808 3581 ὁμολο·

220 3599 368 3665 γέας.
417 3598 627 3653 Οὐκοῦν
670 3602 737 3654 ὲκ
793 3602 995 3666 παντὸς
1039 3603 1230 3671 σαφῶς
1281 3605 1659 3660 ἀποδέδεικται
1708 3604 1809 3660 οὐκ

218 3687 555 3765 ἀλλότριοςρ
587 3690 751 3760 νόμος
782 3691 938 3761 τύπῳ
965 3692 1265 3766 φερόμενος
1292 3695 1469 3766 χρόνῳ
1516 3696 1680 3767 μέχρι
1712 3694 1806 3753 τοῦ

219 3779 601 3856 ὲντελεστέρου
648 3781 746 3835 καὶ⁵
794 3783 1062 3855 ἐναργοῦς
1112 3786 1386 3856 προϐάτου
1441 3787 1695 3849 τυθέντος
1750 3790 1807 3842 ἐν

217 3846 453 3945 ἀληθείᾷ
482 3846 745 3944 ἀριστοῦ,
785 3868 845 3929 οὗ
878 3846 1122 3945 προῆγεν
1158 3846 1218 3929 εν
1250 3880 1362 3941 τοῖς
1395 3877 1646 3942 παλαιοῖς

216 3981 337 4027 νοις
357 3964 537 4029 ἄλλοις
560 3964 821 4037 θυόμενον
842 3966 904 4019 τὸ
919 3968 1193 4038 πρόϐατον
1220 3968 1282 4021 τὸ
1307 3968 1583 4040 αἰσθητόν.
1618 3969 1808 4038 Ἠμῶν

216 4055 293 4110 δὲ
324 4056 391 4111 τὸ
423 4056 641 4127 Πάσχα
674 4058 857 4126 ἐτύθη
891 4061 1164 4127 Χριστός.

295 4331 350 4391 ς’
384 4325 480 4379 καὶ
513 4325 573 4380 ιδ’
597 4326 746 4397 σχόλ.
787 4328 911 4380 οὐκ
938 4326 1160 4389 οἴδατε,
1211 4325 1303 4379 ὅτι
1342 4326 1377 4380 ὁ
1422 4325 1807 4395 κολλώμενος

210 4415 298 4485 τῇ
339 4418 532 4486 πόρνῃ
573 4415 643 4470 ἐν
663 4415 835 4486 σῶμά
879 4417 1085 4480 eatur,-
1119 4417 1405 4471 Ἔσονται
1447 4414 1559 4483 γὰρ
1594 4417 1650 4468 οι
1694 4414 1806 4469 δύο

208 4512 267 4564 εξ
274 4529 307 4575 ς
334 4507 536 4578 σάρκα
564 4510 732 4578 μίαν.

294 4606 349 4665 ς’
384 4600 477 4652 καὶ
505 4599 564 4652 ιδ’
590 4599 769 4669 ελεγχ.
805 4601 868 4654 Ei
899 4600 1002 4653 οὐκ
1046 4598 1253 4672 ἀληθὴς
1278 4602 1307 4653 6
1350 4598 1534 4667 νόμος,
1576 4598 1682 4654 τίνι
1724 4599 1805 4671 τῷ

206 4691 367 4760 λόγῳ
397 4694 446 4745 ot
479 4691 700 4760 ἀληθεῖς
729 4691 827 4755 τὰς
864 4692 1167 4764 μαρτυρίας
1197 4693 1306 4747 ἀπὸ
1337 4690 1435 4745 τοῦ
1467 4691 1634 4762 νόμου
1666 4688 1805 4763 λαμ-

205 4784 511 4851 ϐάνουσινς
567 4777 643 4837 ὧν
679 4777 760 4846 εἷς
801 4784 1033 4855 ὑπάρχει
1068 4785 1096 4837 6
1135 4783 1290 4851 ἅγιος
1328 4783 1466 4837 Θεοῦ
1507 4783 1806 4845 ἀπόστολος

206 4874 457 4940 Παῦλος,
483 4876 513 4928 6
552 4875 651 4946 τὴν
686 4875 992 4948 μαρτυρίαν
1037 4875 1243 4947 ταύτην
1278 4876 1418 4947 μετὰ
1460 4876 1555 4929 καὶ
1593 4876 1804 4930 πολλῶν

203 4967 397 5023 ἄλλων
427 4966 608 5021 λαϐὼν
651 4969 729 5031 εις
769 4969 972 5040 ἐναργῆ
1020 4968 1364 5040 παράστασιν
1406 4968 1666 5033 ἀληθείας
1714 4970 1805 5021 καὶ

201 5059 576 5131 κηρύγματος
610 5059 817 5129 ἀγαθοῦ
854 5059 1012 5115 Θεοῦ.

288 5147 336 5214 ζ’
364 5149 460 5205 καὶ
494 5149 554 5204 ιε’
585 5149 731 5221 σχόλ.
773 5151 1270 5221 Μετηλλαγμένως
1292 5151 1414 5206 ἀντὶ
1447 5151 1556 5223 γὰρ
1585 5149 1701 5216 τοῦ,
1732 5151 1803 5204 ἐν

196 5239 298 5306 τῷ
326 5243 509 5311 νόμῳ,
555 5242 727 5311 λέγει,
754 5242 825 5296 ἐν
851 5241 932 5308 τῷ
984 5242 1281 5309 Μωῦσέως
1325 5243 1503 5312 νόμῳ.
1540 5243 1701 5312 Λέγει
1742 5244 1799 5296 δὲ

197 5332 328 5403 πρὸ
359 5331 547 5388 τούτου
565 5350 582 5368 ο
615 5337 669 5389 ει
695 5335 796 5389 καὶ
834 5336 869 5387 d
897 5336 1079 5404 νόμος
1114 5334 1300 5389 ταῦτα
1324 5338 1396 5391 οὐ
1426 5335 1611 5404 λέγει.

289 5552 307 5581 ¹
340 5547 494 5626 Κού
528 5550 1248 5626 προρ.,1ηναι.]εε.μτύπος
1273 5551 1344 5626 ἦν
1380 5554 1409 5605 ὁ
1437 5554 1679 5626 δοκήσει.

1796 5562 1815 5591 ²
1855 5558 1871 5611 Ι
1903 5557 2031 5613 Cor.
2064 5574 2155 5620 xv,
2189 5557 2277 5613 4‘3.

1913 3224 2166 3280 Christus
2196 3240 2297 3280 nec
2329 3226 2448 3281 sine
2476 3240 2643 3282 carne
2672 3242 2870 3297 passus
2904 3229 3192 3298 expressit.
3226 3226 3327 3294 Qui
3359 3229 3502 3283 enim

1912 3316 2142 3375 mactari
2189 3316 2418 3387 spiritus
2463 3317 2689 3386 posset?
2740 3316 2884 3373 Sane
2921 3317 3037 3372 ﬁeri
3082 3317 3229 3372 istud
3279 3319 3505 3373 omnino

1913 3409 2140 3478 nequit;
2182 3410 2277 3467 sed
2317 3425 2495 3481 neque
2535 3410 2653 3465 sine
2685 3426 2853 3467 carne
2890 3419 3071 3483 potest
3113 3412 3315 3467 occidi.
3352 3412 3505 3467 Oeric

1912 3515 2035 3555 sum
2064 3507 2247 3555 autem
2280 3516 2404 3557 esse
2437 3516 2649 3569 revera,
2688 3502 2833 3557 haud
2867 3502 3032 3557 dubia
3080 3502 3325 3574 Apostoli
3365 3520 3503 3560 con-

1913 3592 2155 3649 fessione
2201 3594 2535 3649 declaratur.
2588 3593 2955 3662 Quamobrem
3001 3598 3316 3653 necessaria
3369 3599 3502 3654 illud

1910 3687 2127 3743 ratione
2167 3686 2443 3760 colligitur
2484 3707 2497 3741 :
2537 3703 2646 3744 non
2693 3689 2926 3767 alienam
2971 3704 3093 3745 esse
3134 3690 3330 3760 legem,
3380 3707 3503 3762 quae

1911 3782 2252 3838 adumbratis
2292 3782 2457 3839 rebus
2487 3796 2552 3836 ac
2587 3780 2777 3855 ﬁguris
2813 3781 3003 3836 tandiu
3049 3782 3373 3850 constabat,
3404 3782 3502 3836 do-

1910 3886 2012 3927 nec
2063 3870 2374 3941 perfectior,
2428 3872 2682 3943 idemque
2722 3870 3050 3928 manifestus
3095 3889 3267 3945 agnus
3310 3888 3502 3930 succe-

1909 3961 2094 4026 deret,
2143 3963 2247 4018 hoc
2294 3974 2378 4019 est
2428 3963 2682 4020 Christus
2720 3966 2917 4036 reipsa
2968 3974 3274 4031 mactatus,
3332 3983 3497 4038 quem

1908 4054 2110 4123 priscis
2134 4054 2474 4124 temporibus
2506 4056 2804 4110 antecessit
2834 4056 2971 4111 alter
3002 4056 3091 4111 ille
3119 4058 3210 4127 qui
3245 4058 3497 4112 immola-

1909 4143 2068 4198 batur
2099 4160 2294 4214 agnus,
2320 4145 2520 4215 quique
2549 4161 2718 4202 sensu
2748 4147 2953 4216 percipi
2978 4156 3210 4216 poterat.
3238 4145 3498 4202 Nostrum

1909 4252 2027 4288 vero
2064 4234 2273 4291 Pascha
2307 4236 2614 4290 immolatus
2642 4246 2719 4291 est
2749 4235 3014 4292 Christus.

1982 4326 2164 4380 Schol.
2197 4326 2231 4381 6
2259 4334 2313 4381 et
2346 4327 2432 4381 Μ.
2475 4328 2705 4381 Nescitis
2745 4328 2885 4398 quod
2921 4330 3011 4399 qui
3051 4328 3284 4384 att/iteret
3336 4346 3498 4385 mere-

1911 4418 2050 4483 trici,
2086 4434 2248 4471 unum
2271 4433 2458 4487 corpus
2486 4427 2565 4474 est
2588 4416 2649 4471 ‘2
2676 4418 2843 4473 Erunt
2876 4420 3038 4487 enim,
3073 4421 3266 4491 inquit,
3305 4420 3411 4477 duo
3442 4424 3497 4477 in

1838 4513 1883 4571 D
1910 4526 2123 4564 carnem
2152 4526 2315 4564 unam
2344 4511 2388 4564 ⁷.

1982 4599 2165 4655 Refut.
2198 4600 2231 4655 6
2259 4607 2313 4655 et
2336 4599 2422 4656 14.
2454 4598 2572 4656 Nisi
2601 4615 2729 4656 vera
2763 4600 2848 4656 lex
2880 4600 2972 4666 sit,
2999 4600 3127 4672 quid
3161 4607 3245 4656 est
3272 4603 3489 4659 tandem

1912 4691 2057 4764 quod
2085 4691 2178 4777 qui
2208 4691 2422 4746 veritati
2457 4690 2678 4746 student
2706 4690 3060 4747 auctoritates
3097 4706 3163 4746 ex
3188 4691 3278 4745 illa
3301 4692 3494 4763 depro-

1910 4785 2105 4842 munt?
2137 4784 2446 4855 cujusmodi
2477 4796 2703 4839 sanetus
2729 4781 2828 4837 Dei
2875 4783 3157 4852 apostolus
3178 4792 3261 4839 est
3292 4782 3505 4843 Paulus.

1910 4877 2154 4947 quicum
2190 4875 2313 4930 aliis
2346 4874 2652 4928 innumeris
2682 4872 2787 4927 hoc
2821 4874 2985 4928 etiam
3018 4872 3388 4928 testimonium
3424 4873 3492 4925 ad

1910 4969 2195 5025 veritatem
2229 4967 2466 5035 bonique
2492 4964 2581 5019 Dei
2627 4963 3070 5036 praedicationem
3098 4962 3376 5020 evidenter
3397 4977 3490 5018 as-

1911 5059 2272 5114 severandam
2305 5072 2415 5111 non
2444 5056 2714 5112 dubitavit
2746 5053 2961 5111 atl‘erre.

1981 5147 2166 5204 Schol.
2216 5147 2325 5203 7et
2373 5148 2460 5202 15.
2509 5145 2748 5201 Mutatus
2794 5152 2878 5201 est
2914 5145 3085 5200 locus.
3128 5141 3262 5197 Nam
3294 5157 3391 5214 pro
3424 5158 3492 5198 eo

1907 5241 2051 5312 quod
2114 5247 2234 5306 est,
2282 5237 2350 5293 In
2398 5238 2568 5311 lege“,
2614 5236 2856 5307 scripsit,
2883 5238 2936 5289 in
2975 5232 3176 5306 Moysis
3211 5237 3338 5305 lege.
3382 5234 3488 5289 Sed

1908 5340 2065 5390 antea
2099 5332 2333 5397 dixerat,
2365 5331 2576 5386 tametsi
2602 5330 2686 5384 tea:
2710 5346 2773 5383 ea
2801 5345 2906 5383 non
2933 5328 3097 5382 dicat.

2388 5558 2408 5590 ⁸
2438 5554 2455 5609 1
2483 5556 2613 5612 Cor.
2647 5571 2733 5618 ιιι,
2770 5557 2873 5624 19;
2908 5556 3011 5614 Job
3038 5574 3089 5626 ν,
3128 5557 3213 5612 l3.
3293 5555 3314 5588 ⁸
3342 5554 3486 5613 Psal.

194 5633 378 5683 xcm,
414 5621 501 5676 ii.
576 5621 598 5655 ¹
636 5621 814 5679 lCor.
846 5640 901 5690 ν,
932 5624 983 5679 7.
1015 5621 1032 5623 ί
1060 5624 1132 5676 ⁸1
1166 5621 1392 5690 Corfw,
1425 5625 1514 5681 16.
1557 5621 1567 5626 ’
1607 5626 1626 5655 ⁷
1657 5628 1791 5684 Gen.

1926 5630 2023 5695 24;
2056 5628 2247 5684 Matth.
2279 5643 2396 5693 ιιι,
2441 5628 2495 5683 5.
2570 5629 2593 5660 ⁸
2619 5626 2638 5679 l
2667 5628 2794 5682 Cor.
2828 5621 2903 5694 ti,
2936 5628 2988 5683 9.

292 5771 412 5844 (8|)
458 5775 743 5844 Τυθέντος
772 5776 840 5831 δὲ
882 5779 953 5832 ἐν
996 5780 1171 5848 alno.
1216 5781 1411 5840 Deesse
1440 5784 1685 5839 nonnihil
1725 5783 1790 5837 ad
1828 5785 2195 5854 integritatem
2233 5785 2402 5854 huius
2436 5784 2538 5839 loci
2568 5784 2802 5864 videtutg,
