3934 6486
476 440 578 498 785

1864 438 1929 494 S.
1973 437 2066 493 EPi

2167 436 2319 494 IAN"
3591 432 3672 495 ιιι

556 563 740 616 Bet‘ut.
773 560 804 613 7
824 570 877 615 et
900 562 985 616 l5.
1012 560 1158 616 Licet
1187 560 1240 615 in
1268 557 1504 615 secunda
1536 559 1803 615 sententia
1832 560 2062 614 formam

2238 561 2282 623 ζ’
2320 559 2413 613 καὶ
2444 564 2504 611 ιε’
2543 557 2723 629 ἔλεγχ.
2770 558 2886 613 Κάν
2926 575 2984 612 τε
3024 557 3082 610 ἓν
3124 558 3191 629 τῇ
3219 556 3434 629 δευτέρᾳ.
3458 557 3674 626 ἀποφάσει

480 652 745 711 Orationis
775 652 1173 716 immutaveris,
1197 649 1417 715 Marcio,
1452 658 1612 720 atque
1643 666 1707 706 ex
1747 665 1813 706 eo
1841 649 1984 720 quod
2009 652 2064 702 in

482 745 589 813 lege
620 740 821 812 Moysis
854 739 1163 810 scripseris,
1190 741 1292 793 hac
1331 754 1482 804 voce,
1509 737 1736 809 Moysis,
1761 738 1997 792 alienum
2033 754 2063 793 a

480 833 596 904 lege
629 832 794 888 Deum
824 830 1039 888 ostendi
1068 831 1348 902 putaveris
1381 845 1565 902 posse,
1600 839 1783 884 tamen
1810 829 2065 898 superior

480 925 572 977 illa
622 922 939 994 coniunctio
989 923 1265 978 vesaniam
1318 929 1465 977 tuam
1513 921 1816 993 redarguit,
1854 922 2065 975 tametsi

479 1015 563 1069 lea:
587 1024 693 1068 ista
715 1030 815 1067 non
837 1013 1001 1067 dicat.
1024 1011 1189 1083 356
1213 1013 1266 1065 ln
1287 1011 1405 1082 lege
1429 1012 1627 1082 quippe
1653 1012 1916 1081 scriptum
1943 1018 2063 1066 est:

481 1104 607 1160 Non
634 1105 884 1177 alligabis
912 1122 969 1159 os
999 1104 1112 1158 bovi
1144 1106 1419 1158 trituranti
1450 1105 1491 1158 ¹.
1526 1105 1794 1159 Caeterum
1825 1102 1972 1174 quod
2005 1109 2063 1156 ιιι

477 1196 647 1269 legem
678 1195 882 1269 Moysis
915 1198 1158 1252 scribere
1189 1196 1453 1261 maluisti,
1489 1195 1626 1250 nihil
1655 1196 1814 1251 nobis
1841 1193 2066 1249 omnino

484 1289 753 1356 nocuisti,
784 1288 878 1344 sed
902 1288 1157 1360 profuisti
1192 1287 1394 1358 potius,
1432 1302 1494 1341 ac
1514 1286 1846 1342 luculentius
1875 1293 2066 1340 contra

477 1390 531 1437 te
561 1381 934 1438 testimonium
962 1379 1297 1442 oblirmasti,
1342 1386 1402 1432 ut
1446 1378 1531 1433 vel
1572 1376 1889 1447 imprudens
1934 1391 2066 1431 con-

478 1471 695 1528 ﬁtercre
738 1471 942 1542 Moysis
985 1470 1158 1541 legem
1209 1482 1239 1523 a
1288 1468 1398 1524 Deo
1436 1468 1760 1532 dcrivatam,
1807 1469 1910 1522 hoc
1948 1468 2065 1537 ipso

478 1563 645 1636 quod,
699 1563 756 1618 in
807 1564 913 1633 lege
968 1556 1160 1628 Hosis,
1210 1561 1519 1632 scripseris.
1570 1558 1725 1624 Item,
1771 1559 1855 1612 lea:
1910 1558 2060 1612 dicit.

478 1654 824 1725 Astipulatur
873 1654 1016 1708 enim
1052 1659 1108 1707 ct
1147 1651 1441 1721 Apostolus
1476 1658 1663 1720 postea
1713 1648 2013 1718 subjiciens
2048 1668 2062 1705 :

482 1741 736 1814 Nunquid
790 1743 853 1797 de
892 1743 1056 1797 bobus
1099 1758 1228 1795 cura
1269 1750 1344 1795 est
1399 1739 1548 1795 Deo?
1600 1739 1681 1793 Au
1724 1748 1934 1807 propter
1970 1754 2064 1794 nos

479 1837 655 1907 utique
683 1834 884 1889 dicit”?
956 1833 1113 1908 Quod
1146 1834 1190 1888 si
1240 1840 1461 1903 propter
1506 1832 1784 1902 apostolos
1826 1840 1934 1885 tam
1976 1831 2060 1886 los

478 1942 640 1997 quam
676 1926 769 1997 qui
809 1927 863 1980 in
903 1925 1019 1995 lege
1055 1924 1273 1978 locutus
1310 1930 1393 1976 est
1452 1920 1595 1977 Deus
1640 1920 1746 1976 ista
1784 1920 2062 1985 dixerunt,
2096 1910 2139 1966 Β

480 2027 711 2086 uterque
763 2014 1003 2084 proiecto
1045 2014 1415 2084 apostolorum
1461 2011 1665 2067 Christi
1709 2026 1898 2066 curam
1942 2025 2069 2066 sus-

478 2107 627 2176 cipit,
669 2106 796 2160 dum
835 2106 941 2159 illis
1002 2120 1066 2160 os
1122 2104 1329 2175 alligari
1377 2103 1658 2174 prohibet;
1711 2103 1825 2159 sive
1865 2115 1895 2155 a
1932 2116 2068 2173 prte-

485 2194 719 2250 dicanda
748 2195 955 2250 Christi
988 2194 1239 2250 doctrina
1274 2194 1523 2264 impediri
1559 2200 1742 2260 vetat;
1785 2194 1899 2248 sive
1932 2207 2069 2263 quo-

481 2283 686 2337 tidiana
717 2283 852 2354 ipsis
891 2283 1149 2337 alimenta
1190 2280 1530 2353 suppeditari
1573 2282 1898 2353 populorum
1929 2282 2066 2337 libe-

478 2374 696 2429 ralitate
743 2372 1011 2445 pra'cipit.
1054 2370 1246 2441 Itaque
1292 2386 1391 2426 nec
1455 2372 1665 2427 alienos
1708 2387 1737 2425 a
1782 2372 2068 2428 divinitate

479 2480 577 2518 sua
604 2463 884 2534 apostolos
909 2462 998 2519 ille
1020 2468 1195 2533 putat,
1218 2475 1319 2517 nec
1348 2460 1438 2518 isti
1465 2462 1703 2517 alienum
1736 2462 1921 2531 ipsum,
1943 2477 2067 2519 esse

480 2562 749 2609 statuunt.
778 2551 854 2607 Ex
880 2553 983 2607 hoc
1008 2566 1137 2607 vero
1160 2550 1438 2606 communi
1466 2552 1724 2606 omnibus
1746 2553 2066 2607 testimonio

481 2646 562 2702 sic
590 2645 794 2713 colligit
832 2643 1129 2714 Apostolus
1167 2662 1180 2697 :
1215 2640 1473 2713 Nunquid
1510 2642 1574 2698 de
1614 2642 1775 2698 bobus
1816 2659 1947 2698 cura
1987 2655 2064 2698 est

482 2735 630 2793 Deo?
668 2735 775 2793 Sed
807 2745 1028 2807 propter
1058 2734 1336 2807 apostolos
1371 2734 1530 2790 dixit.

554 2918 734 2987 Quare
761 2918 807 2975 si
842 2926 1064 2990 propter
1101 2919 1381 2990 apostolos
1423 2919 1707 2992 usurpavit
1729 2963 1743 2987 ,
1781 2922 2062 2978 hominum

482 3022 648 3080 porro
694 3006 1074 3080 pecudumque
1134 3011 1387 3065 conditor
1431 3021 1540 3077 est,
1573 3026 1603 3068 e
1654 3013 1857 3083 quibus
1897 3014 2065 3071 boves

482 3108 612 3157 sunt
645 3114 710 3155 ac
763 3115 1037 3172 passeres,
1085 3088 1388 3172 serpentes,
1441 3101 1650 3168 bestiaa,
1704 3103 1900 3172 pisces,
1947 3105 2066 3159 ani-

484 3192 800 3263 mantiaque
855 3192 1101 3262 reliqua,
1156 3205 1499 3263 consequens
1548 3201 1633 3249 est
1683 3209 1870 3249 curam
1913 3193 2063 3249 illum

482 3283 726 3339 omnium
797 3297 897 3354 pro
945 3282 1212 3354 cujusque
1278 3283 1488 3339 ratione
1551 3299 1859 3355 capessere.
1927 3284 2064 3340 Nam

485 3381 542 3429 et
608 3371 989 3429 universorum
1059 3373 1109 3429 ei
1190 3388 1377 3428 curam
1446 3389 1570 3430 esse
1647 3376 1781 3431 satis
1857 3389 1925 3432 ex
1998 3390 2067 3432 eo

488 3465 636 3535 quod
697 3465 962 3534 scriptum
1017 3472 1102 3520 est
1158 3463 1466 3519 ostenditur
1516 3480 1531 3517 :
1590 3461 1843 3520 Homines
1896 3475 1947 3521 et
1973 3467 2068 3536 ju-

485 3563 663 3609 menta
706 3551 959 3619 salvebis,
1001 3551 1224 3607 Domine
1257 3551 1457 3607 ’.ηοω
1497 3566 1652 3608 exeo
1697 3571 1710 3607 :
1750 3552 1883 3619 Quis
1920 3554 2066 3610 dedit

488 3660 641 3699 corvo
666 3643 841 3699 cibum
865 3644 921 3697 ‘1'
943 3650 996 3699 et
1027 3661 1041 3697 :
1069 3642 1215 3697 Pulli
1239 3659 1509 3697 corvorum
1551 3643 1618 3697 ad
1640 3642 1921 3700 Dominum
1951 3647 2067 3701 cla-

486 3746 633 3790 mant
686 3735 827 3789 cibos
885 3733 1217 3803 postulantes
1251 3734 1274 3767 '
1304 3752 1320 3802 ;
1359 3743 1415 3790 et
1448 3752 1462 3789 :
1497 3734 1665 3790 Dabis
1719 3747 2065 3807 opportunam

486 3843 659 3882 escam
698 3826 939 3881 omnibus
971 3827 1015 3881 ⁸.
1043 3824 1231 3897 Neque
1286 3840 1418 3880 vero
1459 3820 1622 3882 boum
1662 3828 1717 3882 in
1755 3829 2065 3887 obterendis

487 3916 737 3987 frugibus
757 3915 1023 3987 obstringi
1045 3914 1304 3985 capistris
1326 3928 1423 3971 ora
1443 3915 1762 3986 simpliciter
1781 3918 2061 3987 prohibet:

493 4009 696 4080 alioqui
744 4007 914 4064 Deum
963 4007 1196 4064 conditis
1238 4022 1268 4061 a
1304 4024 1366 4065 se
1416 4010 1785 4066 animantibus
1825 4012 2066 4081 prabere

487 4101 743 4157 alimenta
766 4115 874 4156 non
910 4115 1074 4171 posse
1104 4108 1436 4156 monstraret
1468 4119 1481 4156 :
1513 4116 1692 4172 neque
1714 4103 1873 4158 aliter
1900 4119 2064 4177 quam

485 4209 591 4264 ope
614 4194 893 4249 hominum
920 4203 973 4249 et
1004 4192 1208 4248 auxilio
1238 4206 1494 4264 pecorum
1529 4194 1730 4263 pabulo
1754 4195 2061 4265 providere.

489 4282 592 4340 Sed
621 4285 752 4340 illud
782 4283 1074 4355 Apostolus
1096 4282 1357 4350 declarat,
1387 4298 1495 4339 non
1518 4284 1850 4341 cibariorum
1881 4285 2064 4359 inopia

486 4373 656 4430 Deum
707 4374 883 4430 bobus
926 4375 1135 4430 triturae
1171 4384 1415 4445 tempore
1450 4379 1763 4432 consultum
1801 4378 2061 4449 voluisse,

488 4476 651 4536 atque
679 4465 909 4536 obligari
943 4467 1217 4535 vetuisse;
1258 4482 1448 4522 verum
1494 4468 1598 4524 hoc
1628 4469 1859 4539 aenigma
1887 4478 2062 4526 totum

2167 648 2402 721 ἀλλάξῃς
2435 649 2497 703 τὸ
2537 645 2697 715 εἶδος,
2729 644 2773 704 ὦ
2807 649 3095 722 Μαρκίων,
3132 648 3226 701 καὶ
3256 649 3467 721 νομίσῃς
3495 648 3586 702 ἀπὸ
3604 651 3677 703 τοῦ

2168 738 2526 808 πεποιηκέναι
2578 756 2637 792 σε
2661 778 2676 801 ,
2725 740 2795 792 ἐν·
2827 737 2906 802 τῷ
2950 739 3111 806 νόμῳ
3146 736 3456 803 Μωῦσέως,
3487 737 3677 790 ἀπαλλο-

2166 829 2350 899 τριοῦν
2376 829 2462 881 διὰ
2503 829 2595 881 τὸν
2644 827 2897 882 Μωυσέα
2926 827 3061 881 Θεοῦ
3104 827 3196 881 τὸν
3242 827 3399 898 νόμον
3418 869 3431 892 ,
3462 827 3630 881 ἀνωθεν
3661 830 3681 879 ό

2170 918 2464 989 σύνδεσμος
2496 917 2707 989 ἐλέγχει
2735 935 2828 971 σου
2862 918 2962 988 τὴν
2986 916 3318 989 ἀφροσύνην,
3352 918 3447 981 ὅτι,
3474 921 3519 972 εἰ
3551 920 3629 972 καὶ
3657 923 3681 971 ό

2166 1014 2350 1082 νόμος
2382 1010 2569 1067 ταῦτα
2621 1012 2694 1064 οὐ
2730 1010 2914 1080 λέγει.
2960 1009 3049 1062 Ἐν
3084 1008 3194 1080 γὰρ
3231 1007 3308 1080 τῷ
3358 1009 3493 1079 νόμῳ
3521 1009 3684 1079 γέγρα-

2167 1117 2330 1154 πται·
2365 1103 2446 1155 Οὐ
2476 1099 2766 1170 φιμώσεις
2800 1098 2962 1164 βοῦν
2987 1097 3279 1152 ἀλοῶντα.
3307 1098 3465 1150 Οὐδὲν
3492 1098 3540 1151 δὲ
3570 1100 3685 1168 ἡμᾶς

2164 1193 2453 1263 ἡδίκησας,
2494 1192 2598 1245 κάν
2623 1208 2680 1245 τε
2707 1191 2965 1262 προσθεὶς
2991 1190 3052 1244 τὸ
3079 1190 3250 1260 ὄνομα
3280 1189 3557 1253 Μωῦσέως’
3582 1190 3687 1243 ἀλλὰ

2167 1283 2314 1353 ἡμᾶς
2349 1283 2447 1352 μὲν
2477 1281 2789 1353 ὠφέλησας,
2821 1281 2963 1335 κατά
2992 1280 3191 1333 σαυτοῦ
3219 1280 3277 1332 δὲ
3309 1278 3401 1350 τὴν
3439 1280 3689 1351 μαρτυρίαν

2166 1375 2428 1443 ἔσφιγξας
2449 1414 2464 1436 ,
2502 1372 2844 1444 πανταχόθεν
2881 1372 2940 1427 δὲ
2983 1371 3364 1442 ὡμολόγησας,
3400 1372 3583 1439 ἁγνῶν
3615 1371 3689 1424 τοῦ

2165 1466 2297 1520 Θεοῦ
2350 1462 2489 1519 εἶναι
2530 1466 2623 1519 τὸν
2658 1464 2940 1529 Μωῦσέως
2991 1466 3156 1535 νόμον
3213 1463 3322 1517 ἀπὸ
3361 1463 3478 1525 τοῦ,
3524 1464 3606 1515 Ἐν
3629 1460 3692 1526 τῷ

2164 1557 2326 1624 νόμῳ
2355 1554 2669 1621 Μωῦσέως.
2704 1554 2835 1621 Καὶ,
2865 1556 2898 1607 ὁ
2926 1554 3109 1624 νόμος
3140 1551 3321 1623 λέγει.
3366 1552 3692 1606 Ἑπακολουθεί

2166 1647 2274 1719 γὰρ
2324 1650 2353 1700 ό
2404 1648 2729 1711 Ἀπόστολος
2794 1646 3175 1717 συντιθέμενος
3220 1648 3278 1699 ὲν
3314 1644 3392 1715 τῷ
3446 1644 3693 1714 μετέπειτα

2166 1739 2446 1810 εἰρηκέναι
2465 1755 2479 1769 ·
2512 1738 2609 1807 Μὴ
2640 1737 2758 1791 τῶν
2782 1737 2952 1802 ,βοῶν
2973 1737 3145 1807 μέλει
3176 1736 3257 1803 τῷ
3285 1735 3405 1802 Θεῷ
3428 1753 3447 1800 ;
3488 1738 3555 1791 Ἦ
3575 1733 3699 1788 πάνυ

2165 1847 2281 1898 τως
2306 1830 2380 1883 δι’
2406 1828 2567 1901 ἡμᾶς
2601 1830 2879 1898 εἵρηκεν;
2912 1830 2973 1882 Εἰ
3008 1829 3066 1882 δὲ
3101 1829 3188 1881 διὰ
3250 1831 3377 1892 τοὺς
3407 1827 3688 1888 ἀποστόλους

2167 1923 2388 1993 εἴρηκεν
2426 1922 2456 1973 ό
2491 1920 2676 1990 νόμος,
2724 1920 2820 1973 καὶ
2849 1921 2879 1971 ό
2917 1920 2975 1973 ὲν
3016 1918 3095 1989 τῷ
3134 1918 3285 1989 νόμῳ
3318 1918 3445 1981 Θεὸς
3478 1918 3692 1984 λαλήσας,

2168 2014 2505 2083 ἐπιμελεῖται
2535 2011 2643 2082 ἀρα
2676 2010 2785 2063 τῶν
2824 2010 3138 2064 ἀποστόλων
3170 2007 3267 2063 τοῦ
3313 2007 3612 2080 Χριστοῦθὲν
3637 2006 3699 2076 τῷ

2172 2104 2248 2175 μὴ
2285 2101 2485 2174 φιμοῦν
2534 2102 2735 2166 αὐτοὺς
2770 2099 3262 2173 παρακελεύεσθαι,
3300 2100 3417 2171 ἢτοι
3443 2098 3528 2152 τοῦ
3552 2098 3697 2152 λαλεῖν

2176 2192 2276 2263 τὴν
2318 2191 2412 2246 τοῦ
2448 2190 2687 2263 Χριστοῦ
2747 2190 2914 2244 αὐτοῦ
2963 2190 3327 2251 διδασκαλίαν,
3360 2189 3475 2260 ἦτοι
3508 2188 3596 2261 τὴν
3624 2187 3702 2255 ἑφ-

2167 2283 2373 2355 ήμερον
2416 2282 2626 2353 τροφὴν
2672 2280 2827 2353 παρά
2875 2281 2983 2335 τῶν
3035 2279 3181 2333 λαῶν
3233 2279 3488 2342 ἀνενδεῶς
3540 2277 3700 2337 αὐτοὺς

2165 2373 2330 2445 ἔχειν.
2368 2374 2482 2426 Οὐκ
2526 2372 2634 2444 ἄρα
2675 2371 2990 2443 ἀλλοτρίους
3018 2373 3143 2435 τοὺς
3190 2370 3512 2433 ἀποστόλους
3544 2365 3701 2422 ἑαυτοῦ

2166 2466 2266 2535 τῆς
2313 2464 2568 2535 θεότητος
2614 2458 2757 2517 οἶδεν
2778 2503 2792 2527 ,
2843 2454 2965 2515 οῦδὲ
3018 2464 3069 2516 οἰ
3129 2463 3419 2516 ἀπόστολοι
3465 2459 3702 2525 ἀλλότριον

2166 2557 2329 2611 αὑτὸν
2359 2555 2490 2610 Θεὸν
2528 2555 2810 2626 ἡγοῦνται.
2850 2554 2941 2622 Ἐξ
2975 2551 3159 2627 ἧσπερ
3192 2555 3338 2627 ὑπὲρ
3367 2554 3568 2608 πάντων
3592 2565 3704 2621 μαρ-

2164 2644 2356 2713 τυρίας
2405 2646 2434 2697 ό
2475 2643 2630 2711 ἅγιος
2660 2644 2986 2707 Ἀπόστολος
3037 2644 3350 2698 ἀποδέδωκε
3406 2639 3702 2714 φήσαιςίἨῆ

2166 2736 2297 2804 περί
2325 2734 2443 2789 τῶν
2468 2737 2639 2802 βοῶν
2659 2737 2830 2806 μέλει
2859 2735 2940 2802 τῷ
2964 2735 3123 2802 Θεῷ;
3157 2735 3322 2790 Ἀλλά
3352 2734 3440 2790 διὰ
3464 2734 3579 2797 τοὺς
3600 2732 3705 2783 ἀπο·

2167 2829 2384 2892 στόλους
2412 2830 2623 2901 εἴρηκε.

2236 2921 2349 2976 Καὶ
2395 2922 2444 2974 εἰ
2492 2920 2582 2974 διά
2620 2920 2748 2984 τοὺς
2785 2919 3117 2984 ἀποστόλους
3154 2918 3354 2992 εἴρηκε
3379 2916 3413 2984 ,’
3429 2916 3631 2987 κτίστης
3662 2912 3707 2966 δέ

2166 3014 2280 3066 ἐστι
2333 3011 2639 3083 ἀνθρώπων
2692 3013 2787 3066 καὶ
2831 3011 3046 3083 κτηνῶν
3075 3052 3090 3077 ,
3131 3010 3193 3076 ἐξ
3241 3005 3321 3064 ὧν
3375 3011 3493 3082 βόες
3532 3025 3586 3061 τε
3633 3006 3708 3058 καὶ

2169 3102 2439 3176 στρουθοὶ,
2473 3102 2682 3176 ἑρπετά
2724 3120 2782 3157 τε
2812 3104 2909 3157 κοιλ⁵
2946 3102 3213 3168 κνώδαλα,
3248 3102 3437 3157 ὲνάλιά
3465 3118 3521 3154 τε
3550 3095 3708 3153 καὶτὰ

2167 3196 2328 3250 ἀλλα·
2363 3196 2474 3269 ἄρα
2521 3195 2673 3267 μέλει
2709 3194 2859 3267 αὑτῷ
2888 3196 3019 3267 περὶ
3049 3195 3266 3249 πάντων
3300 3194 3445 3250 κατά
3477 3193 3569 3264 τὴν
3600 3189 3706 3244 ἑκά·

2170 3301 2300 3339 στου
2328 3285 2643 3356 ἀναλογίαν.
2663 3286 2775 3338 Καὶ
2801 3284 2953 3355 μέλει
2992 3284 3091 3355 μὲν
3118 3283 3268 3355 αὐτῷ
3300 3284 3429 3355 περὶ
3449 3282 3643 3336 πάντων
3662 3279 3708 3329 ὲν

2164 3375 2244 3447 τῷ
2263 3374 2441 3446 λέγειν
2461 3393 2476 3407 ο
2513 3374 2889 3452 ,Ἀνθρώπους
2915 3375 3013 3429 καί
3046 3374 3236 3443 κτήνη
3268 3375 3510 3440 σώσεις,
3532 3373 3679 3439 Κύριε
3695 3387 3707 3398 '

2167 3465 2264 3520 καὶ
2305 3467 2363 3520 ἐν
2403 3465 2484 3536 τῷ
2527 3465 2807 3539 εἰρηκέναι
2826 3484 2840 3497 ·
2882 3465 2979 3531 Τίς
3019 3464 3238 3519 δέδωκε
3270 3467 3481 3534 κόρακι
3511 3460 3707 3532 ,ϐοράνέ

2168 3558 2569 3628 καὶῄΝεοσσοί
2597 3556 2870 3626 κοράκων
2895 3557 3046 3626 πρὸς
3059 3558 3282 3627 Κύριον
3307 3557 3634 3628 κεκράγασι,
3657 3554 3711 3606 τὰ

2165 3647 2306 3701 σῖτα
2329 3647 2663 3716 ζητοῦντεςο
2690 3649 2805 3715 καὶ,
2828 3647 3046 3714 Δώσεις
3075 3647 3193 3717 τὴν
3211 3649 3448 3719 τροφὴν
3469 3648 3709 3714 εὔκαιρον

2165 3740 2290 3807 τοῖς
2317 3739 2530 3798 πᾶσιν.
2567 3741 2729 3795 Ἀλλά
2762 3741 2864 3795 οὐκ
2896 3743 2954 3795 ὲν
2981 3740 3060 3811 τῷ
3090 3741 3255 3812 ἀλοᾷν
3294 3744 3424 3805 τοὺς
3450 3740 3570 3811 βοῦς
3597 3753 3711 3805 παρ·

2166 3831 2447 3886 εκελεύετο
2483 3832 2558 3904 μὴ
2598 3832 2799 3903 φιμοῦν
2834 3831 2960 3902 βοῦν
2984 3832 3263 3886 ἀλοῶνταο
3300 3834 3428 3886 ἐπεὶ
3480 3831 3711 3885 ἐδείκνυεν

2165 3922 2233 3977 ἂν
2259 3923 2334 3994 μὴ
2359 3922 2618 3993 δύνασθαι
2651 3923 2744 3976 τὸν
2783 3922 2915 3976 Θεὸν
2937 3923 3159 3995 τρέφειν
3189 3922 3356 3976 αὑτοῦ
3391 3924 3491 3993 τὴν
3522 3920 3712 3989 κτῆσιν⁹

2167 4012 2305 4066 ἀλλά
2341 4014 2391 4065 εἰ
2422 4013 2518 4067 καὶ
2553 4014 2628 4085 μὴ
2657 4011 2749 4065 διὰ
2790 4013 2890 4082 τῆς
2922 4013 3032 4067 τῶν
3066 4011 3373 4084 ἀνθρώπων
3404 4013 3515 4074 τοῖς
3554 4011 3711 4078 κτήνε-

2168 4121 2253 4158 σιν
2304 4104 2797 4176 ὲπικουρουμένους
2838 4103 2861 4135 '
2898 4103 3129 4174 τροφῆς.
3167 4103 3379 4169 Ἐδειξε
3421 4102 3479 4155 δὲ
3520 4103 3547 4153 ό
3592 4098 3713 4163 ἅγιος

2179 4195 2499 4259 ’Δπόστολος
2538 4196 2599 4249 οὐ
2626 4195 2693 4248 δι’
2734 4194 2969 4266 ἀπορίαν
3000 4194 3210 4266 τροφῆς
3240 4195 3337 4248 τὸν
3370 4193 3503 4248 Θεὸν
3538 4191 3616 4243 διὰ
3639 4185 3712 4239 τοῦ

2170 4285 2401 4359 ἀλοητοῦ
2427 4284 2783 4356 ἐπιμέλεσθαι
2812 4284 2970 4356 βοῶν,
2994 4286 3052 4337 ὲν
3073 4286 3150 4356 τῷ
3174 4280 3632 4356 παρακελεύεσθαι
3657 4275 3714 4346 μὴ

2167 4375 2370 4447 φιμοῦν
2412 4376 2540 4440 τοὺς
2585 4376 2895 4441 τοιούτους·
2955 4375 3090 4430 ἀλλά
3135 4376 3225 4429 διὰ
3278 4375 3374 4429 τοῦ
3431 4372 3713 4441 αἰνίγματῦς

2170 4470 2299 4538 περί
2340 4466 2452 4520 τῶν
2493 4468 2809 4522 ἀποστόλων
2852 4466 3216 4540 σημαίνεσθαι
3245 4468 3349 4537 τὴν
3397 4465 3595 4537 σχέσιν.
3622 4457 3717 4511 Τῶν

487 4554 557 4608 ad
605 4557 882 4625 apostolos
930 4555 1162 4626 quadam
1208 4557 1528 4614 habitudine
1577 4560 1945 4617 referendum.
1990 4561 2061 4617 At

2167 4559 2274 4632 γὰρ
2312 4559 2455 4614 κατά
2484 4560 2546 4615 τὸ
2572 4561 2615 4592 ⁸⁸
2645 4560 2920 4631 αἰσθητῶν
2962 4562 3176 4616 πάντων
3214 4561 3454 4613 ποιεῖται
3498 4557 3589 4621 τὴν

486 4659 618 4701 vero
663 4645 848 4701 inﬁma
902 4646 1105 4711 omnia,
1156 4661 1276 4716 quae
1327 4663 1494 4703 sensu
1546 4651 1753 4722 percipi
1807 4660 2060 4722 possunt,

486 4734 632 4792 Deus
663 4735 1002 4806 providentia
1033 4750 1133 4791 sua
1165 4737 1564 4808 complectitur,
1593 4748 1647 4796 et
1680 4741 2062 4799 universorum

488 4840 677 4881 curam
731 4825 938 4897 pariter
985 4826 1235 4896 suscipit.
1281 4825 1400 4907 Non
1441 4830 1586 4885 enim
1631 4830 1900 4887 Salvatori
1936 4849 2065 4891 con-

487 4917 653 4971 traria
681 4916 904 4986 scripsit
930 4918 1249 4988 Apostolus,
1281 4926 1340 4973 ut
1365 4918 1509 4976 hanc
1543 4921 1648 4977 sibi
1690 4923 1935 4996 plerique
1976 4941 2064 4981 ex-

486 5005 788 5062 cusationis
818 5005 1080 5061 latebram
1115 5015 1382 5077 quaerant.
1422 5006 1635 5065 Etenim
1687 5012 1846 5084 longe
1886 5014 2064 5073 bobus

487 5100 727 5154 minores
743 5108 871 5153 sunt
887 5112 1160 5168 passeres,
1178 5100 1245 5156 de
1266 5101 1466 5171 quibus
1495 5115 1525 5156 a
1543 5100 1825 5160 Salvatore
1856 5106 2065 5164 dictum

485 5199 595 5245 est:
618 5189 859 5260 Quinque
885 5205 1123 5258 passeres
1149 5202 1367 5246 veneunt
1383 5191 1632 5263 diponaio
1646 5195 1690 5250 '.
1723 5195 1789 5251 Et
1808 5213 2062 5256 rursum:

491 5277 678 5336 Nonne
713 5280 876 5352 357
924 5281 1029 5337 duo
1079 5297 1320 5351 passeres
1375 5299 1495 5340 asse
1536 5298 1778 5353 veneunt,
1831 5299 1881 5344 et
1928 5307 2066 5347 unus

484 5382 549 5421 ex
575 5370 708 5437 ipsis
738 5386 842 5424 non
862 5371 1013 5426 cadet
1034 5372 1090 5424 in
1112 5371 1357 5442 laqueum
1378 5375 1492 5429 sine
1518 5374 1682 5432 Patre
1704 5387 1873 5434 vestro
1897 5384 1987 5450 qui
2013 5383 2067 5436 in

486 5456 629 5510 caelis
683 5467 759 5511 est
799 5457 870 5511 '1’
917 5458 1009 5515 Sic
1051 5459 1217 5531 igitur
1258 5460 1513 5517 universa
1546 5461 1688 5518 Dens
1724 5466 2064 5535 providentia

487 5561 587 5602 sua
609 5547 896 5618 gubernat.
922 5550 1054 5617 Qum
1081 5566 1214 5608 vero
1253 5552 1463 5623 majora
1507 5564 1655 5622 sunt,
1701 5556 1896 5614 altiore
1935 5574 2066 5630 qua-

560 5700 580 5733 ί
614 5696 786 5779 Deut;
814 5701 1020 5779 xxv}.
1093 5701 1164 5756 'l
1197 5702 1322 5779 αρτ.
1352 5721 1449 5779 _rx_._
1472 5706 1625 5779 9,710
1713 5707 1904 5779 iPsal.
1945 5729 2069 5779 xxv,
2102 5715 2152 5771 7.

2168 4668 2340 4719 v0tav,
2382 4652 2477 4706 καὶ
2502 4652 2703 4723 ὁμοίως
2739 4653 2893 4722 μέλει
2926 4652 3073 4724 αὐτῷ
3100 4652 3230 4723 περὶ
3258 4652 3498 4706 πάντων.
3529 4648 3599 4702 Οὐ
3631 4642 3717 4712 γὰρ

2168 4742 2460 4806 ἀντιθέτως
2495 4744 2524 4795 ό
2562 4743 2881 4807 Ἀπόστολος
2927 4743 3063 4814 πρὸς
3107 4742 3197 4795 τὺν
3237 4742 3470 4812 Σωτῆρα
3491 4739 3717 4808 ἔγραφεν.

2171 4833 2259 4887 ἵνα
2288 4832 2462 4897 οὕτως
2493 4835 2938 4905 προφασίσωνται
2972 4836 3021 4887 οἰ
3056 4833 3260 4887 πολλοί.
3288 4832 3601 4904 Μικρότερα
3631 4822 3719 4893 γὰρ

2166 4924 2278 4978 τῶν
2310 4924 2448 4995 βοῶν
2475 4926 2544 4979 τὰ
2580 4926 2861 4997 στρουθία,
2894 4927 3024 4999 περὶ
3051 4918 3129 4979 ὧν
3148 4927 3176 4979 ό
3202 4925 3399 4997 Σωτὴρ
3439 4923 3634 4990 ἔλεγεν,
3653 4918 3718 4967 ὅτι

2124 5076 2125 5079 η
2168 5014 2355 5070 Πέντε
2403 5021 2695 5086 στρουθία
2746 5018 3028 5074 πωλεῖται
3087 5017 3406 5085 ἀσσαρίων
3458 5015 3597 5069 δύο·
3644 5003 3720 5060 καὶ

2170 5106 2332 5161 πάλιν
2356 5123 2369 5137 ·
2423 5108 2572 5178 Οὐχὶ
2606 5109 2716 5164 δύο
2772 5112 3062 5178 στρουθία
3110 5108 3394 5163 πωλεῖται
3448 5099 3720 5169 ἀσσαρίου

2169 5199 2338 5264 ἐνός;
2364 5200 2410 5231 ¹¹
2431 5202 2530 5255 καί
2565 5199 2638 5255 ἓν
2667 5201 2736 5266 ἐξ
2757 5201 2957 5256 αὐτῶν
2991 5203 3065 5255 οὐ
3101 5199 3367 5254 πεσεῖται
3420 5198 3508 5261 εἰς
3532 5186 3721 5258 πατίδα

2168 5290 2318 5345 ἄνευ
2371 5292 2476 5346 τοῦ
2525 5292 2758 5363 Πατρός
2799 5291 2967 5362 ὑμῶν
3012 5292 3118 5347 τοῦ
3175 5291 3246 5346 ἐν
3293 5290 3421 5356 τοῖς
3449 5278 3718 5353 οὐρανοῖς·

2184 5379 2349 5450 Ὀμοῦ
2393 5381 2491 5453 μὲν
2524 5383 2746 5436 πάντων
2799 5385 3051 5455 προνοεῖ·
3090 5381 3199 5436 τῶν
3234 5381 3292 5434 δὲ
3333 5378 3594 5450 μειζόνων
3623 5371 3721 5422 ἐπι-

2174 5472 2415 5544 μελεῖται
2439 5514 2455 5540 ,
2510 5475 2653 5530 κατά
2700 5475 2759 5529 τδ
2807 5473 2991 5546 μεῖζον
3038 5470 3178 5537 εἶδος
3225 5473 3325 5543 τῆς
3371 5458 3719 5537 πνευματικῆς

2167 5564 2508 5630 ἀκολουθίας.
2561 5566 2714 5620 ”Ωστ’
2764 5562 2858 5621 οῦν
2910 5568 2976 5620 ὲκ
3023 5565 3224 5628 παντὸς
3265 5561 3603 5633 ὁμολογεῖται
3644 5550 3720 5602 τὸν

2252 5717 2408 5774 ⁸101)
2475 5736 2706 5783 xxxviii,
2738 5719 2828 5775 41.
2905 5719 3108 5777 'Psal.
3163 5733 3339 5782 chvr,
3406 5714 3462 5769 9.
3539 5700 3712 5783 '_P5;",'-

438 5782 443 5787 δ
488 5768 1193 5858 animali»;“ganeam,
1403 5768 1589 5858 naua.
1627 5794 1681 5843 ι,
1704 5778 1797 5835 29.
1873 5781 1973 5839 ’F.
2007 5768 2066 5839 ἔτι

2167 5768 2719 5858 υρουμένων-ῗηώ.
2748 5768 2920 5849 iccirco.
2963 5768 3377 5845 TiWV-latjna-ddit
3419 5768 3498 5837 Ei
3527 5774 3617 5833 οὖν
3638 5772 3717 5827 δύο

481 5838 746 5925 ,στρουθία
783 5836 1040 5893 πωλεῖται
1065 5842 1325 5914 ἀσσαρίου
1350 5845 1486 5911 ἑνός.
