3934 6416
236 483 340 544 785

945 478 1318 546 ADVERSUS
1357 485 1700 543 HERESES
1724 484 1805 541 LII

1912 488 1936 539 “.
1978 485 2143 544 ΤΟΜ.
2186 486 2274 543 III.
2312 518 2381 527 —
2419 486 2692 542 ΗᾹΞΒΕ3.
2737 486 2895 542 XLII.

3392 436 3541 545 786‘

236 609 399 663 αὐτὸν
443 607 694 679 ποιητὴν,
721 606 813 660 καὶ
851 607 1205 679 δημιουργὸν,
1242 608 1336 661 καὶ
1370 604 1666 679 νομοθέτην
1702 604 1805 656 Πα-

1915 601 2040 656 dam
2067 617 2199 658 cura
2227 613 2282 659 et
2311 579 2565 675 spiritali,
2609 604 2980 674 qumolllornm
3008 610 3261 659 naturam
3294 572 3491 659 conse-

236 696 394 761 λαιᾶς
435 698 532 750 καὶ
581 698 789 767 Καινῆς
832 696 1108 768 Διαθὴκης
1140 696 1300 761 ὅντα,
1346 695 1481 749 Θεὸν
1513 694 1715 763 ἀγαθόν
1754 710 1813 747 τε

237 790 333 843 καὶ
358 788 568 844 δίκαιον
597 789 691 843 καὶ
719 789 826 842 τῶν
850 789 1066 843 πάντων
1096 788 1322 861 Κύριον.

318 1058 368 1121 η’
400 1050 493 1105 καὶ
519 1058 594 1116 ις’
636 1050 783 1122 σχόλ.
813 1054 870 1106 Μ
878 1051 910 1121 ὴ
938 1052 1059 1107 τῶν
1076 1053 1249 1118 ,βοῶν
1269 1052 1443 1124 μέλει
1474 1052 1554 1120 τῷ
1587 1051 1743 1120 Θεῷ;

303 1240 356 1304 η’
384 1234 479 1289 καὶ
508 1241 583 1299 ις’
615 1233 794 1304 ἐλεγχ.
817 1234 954 1305 Ἤδη
984 1234 1585 1305 διαπεπραγμάτευται,
1620 1235 1715 1288 κα)⁵
1728 1234 1813 1289 διὰ

237 1325 475 1390 πλάτους
523 1327 860 1397 ἡρμήνευται
909 1328 968 1380 ἐν
1010 1325 1089 1397 τῷ
1140 1326 1248 1397 πρὸ
1291 1325 1454 1380 αὑτοῦ
1508 1326 1677 1398 ῥητῷ.
1725 1328 1815 1381 Διὸ

237 1418 493 1487 περιττὸν
524 1418 868 1489 ἡγησάμενος
898 1412 1052 1481 αὖθις
1082 1420 1211 1489 περὶ
1237 1417 1402 1471 αὐτοῦ
1449 1417 1648 1488 λέγειν,
1712 1422 1814 1490 ὴρο

235 1508 437 1579 κέσθην
465 1511 578 1571 τοῖς
604 1508 1040 1586 προειρημένοις.

307 1598 353 1651 θ’
385 1599 478 1652 καὶ
507 1597 571 1664 ιζ’
594 1600 739 1670 σχόλ.
766 1602 849 1654 Οὐ
874 1600 1026 1656 θέλω
1045 1601 1154 1671 γὰρ
1182 1601 1339 1671 ὑμᾶς
1359 1602 1623 1672 ἀγνοεῖν,
1642 1602 1817 1658 ἀδελσ

235 1690 358 1758 gsol,
394 1688 483 1743 ὅτι
508 1692 561 1743 ol
588 1689 837 1757 πατέρες
867 1690 1035 1761 ὑμῶν
1054 1693 1172 1747 ὑπὸ
1198 1691 1313 1763 τὴν
1340 1693 1605 1761 νεφέλην
1629 1690 1811 1765 ἦσαν,

235 1781 334 1834 καὶ
368 1780 590 1846 πάντες
625 1781 724 1836 διὰ
750 1780 857 1850 τῆς
888 1782 1208 1851 θαλάσσης
1245 1784 1514 1853 διῆλθον,
1539 1784 1637 1840 καὶ
1665 1784 1815 1839 πάν-

235 1890 334 1937 τες
382 1872 448 1925 τὸ
492 1873 638 1927 αὐτὸ
688 1875 1092 1942 πνευματικὸν
1144 1874 1372 1945 ἔφαγον
1426 1876 1661 1945 βρῶμα,
1712 1875 1813 1931 καὶ

234 1963 458 2030 πάντες
480 1964 547 2018 τὸ
578 1964 726 2018 αὐτὸ
759 1937 1370 2036 πνευματικὸνίξπυιον
1645 1937 1813 2024 Ἕπι-
1841 1937 1885 1995 Β

234 2073 349 2109 νον
381 2057 490 2125 γὰρ
521 2057 589 2111 ἐκ
617 2058 1024 2128 πνευματικῆς
1063 2060 1523 2130 ἀκολουθούσης
1558 2062 1809 2131 πέτρας·

235 2148 273 2208 ἡ
322 2146 389 2200 δὲ
430 2147 616 2216 πέτρα
665 2145 744 2218 ἦν
794 2154 831 2205 ό
877 2153 1149 2219 Χριστός.
1196 2153 1356 2207 Ἀλλ’
1397 2156 1510 2208 οὐκ
1565 2153 1636 2207 ἐν
1688 2155 1814 2222 τοῖς

231 2236 513 2291 πλείοσιν
542 2237 740 2293 αὐτῶν
770 2240 1096 2309 ηὐδόκησε.
1126 2242 1317 2298 Ταῦτα
1354 2244 1421 2298 δὲ
1451 2245 1624 2299 τύποι
1646 2245 1814 2316 ἡμῶν

229 2328 629 2398 ἐγενήθησαν,
655 2330 741 2401 μὴ
782 2332 933 2400 πρὸς
964 2334 1029 2389 τὸ
1066 2331 1217 2389 εἶναι
1251 2335 1410 2406 ἡμᾶς
1447 2338 1814 2409 ἐπιθυμητὰς

231 2418 464 2483 κακῶν,
516 2421 711 2489 καθὼς
766 2424 865 2477 καὶ
923 2425 1140 2481 ἐκεῖνοι
1182 2429 1594 2498 ἐπεθύμησαν·
1651 2430 1811 2501 μηδὲ

230 2508 653 2580 εἰδωλολάτραι
696 2514 957 2582 γίνεσθε,
997 2517 1188 2583 καθώς
1238 2535 1396 2586 τινες
1453 2520 1672 2586 αὐτῶν,
1708 2539 1811 2589 κατ

229 2601 346 2667 θὼς
390 2601 710 2672 γέγραπται
732 2620 745 2633 ·
801 2605 1115 2661 Ἐκάθισεν
1167 2611 1201 2661 ὁ
1256 2611 1406 2677 λαὸς
1460 2611 1675 2681 φαγεῖν
1710 2615 1809 2668 καὶ

229 2695 411 2760 πιεῖν,
460 2695 560 2748 καὶ
587 2695 940 2765 ἀνέστησαν
971 2697 1216 2760 παίζειν.
1251 2701 1420 2770 Μηδὲ
1458 2700 1811 2772 ὲκπειράζω-’

180 2790 189 2797 ”
220 2804 341 2857 μεν
364 2785 471 2840 τὸν
497 2788 757 2856 Χριστόν
775 2804 787 2819 ·
824 2789 959 2843 ὅπου
999 2789 1146 2860 λέγει
1174 2809 1187 2822 ·
1216 2790 1401 2847 ταῦτα
1450 2793 1519 2847 δὲ
1547 2795 1810 2863 τυπικῶς

225 2876 590 2932 συνέϐαινεν
635 2878 917 2946 ἐκεινοις·
966 2880 1194 2952 ἐγράφη
1239 2882 1308 2936 δὲ
1360 2884 1535 2953 ἡμῖν,
1592 2888 1687 2941 καὶ
1740 2889 1810 2943 τὰ

224 2969 379 3040 ἑξῆς.

298 3062 343 3116 θ’
389 3063 483 3117 καὶ⁸
538 3062 602 3129 ιζ’
650 3063 828 3135 ἐλεγχ.
872 3066 935 3118 Ὢ
973 3066 1172 3137 πολλῆς
1219 3069 1677 3139 φρενοϐλαϐείαςι
1712 3072 1806 3136 Τίς

224 3154 371 3229 ἔχων
430 3153 763 3226 ὀφθαλμοὺς,
807 3156 956 3227 ἡλίου
998 3157 1403 3224 ἀνατέλλοντος,
1464 3161 1654 3216 ἑαυτὸν
1695 3161 1806 3216 ἀπὸ

1917 692 2125 762 quitur,
2153 693 2518 750 administrat.
2550 691 3000 751 Concludendttm
3023 693 3190 764 igitur
3214 700 3320 759 est,
3343 707 3498 748 eum-

1916 785 2039 840 dem
2073 784 2434 850 conditorem,
2478 794 2532 841 et
2569 786 2840 856 opiﬁcem,
2877 802 2941 841 ac
2969 786 3337 857 Iegislatorem
3369 801 3496 843 esse

1923 875 2134 933 Veteris
2170 891 2233 932 ac
2257 876 2393 933 Novi
2425 876 2757 934 Testamenti
2779 920 2794 944 ,
2825 878 3003 933 Deum.
3024 878 3259 944 bonum,
3302 885 3363 934 et
3394 878 3487 949 ju.

1916 978 2084 1032 stum.
2116 969 2605 1040 universorumque
2640 968 2948 1024 Dominum.

1992 1061 2179 1116 Schol.
2235 1060 2268 1115 8
2318 1074 2374 1117 et
2440 1061 2526 1116 16.
2571 1059 2828 1132 Nunquid
2882 1059 2947 1115 de
3020 1059 3182 1115 bobus
3237 1078 3367 1115 cura
3418 1069 3498 1116 est

1927 1151 2039 1206 Deo
2070 1147 2123 1200 ‘?

1989 1241 2179 1297 Refut.
2209 1242 2242 1297 8
2268 1251 2324 1297 et
2357 1242 2446 1297 t6.
2500 1242 2729 1299 Abunde
2780 1249 3050 1298 tractatus
3080 1243 3171 1297 hic
3201 1242 3357 1297 locus
3390 1248 3494 1306 est,

1917 1343 1972 1391 et
2011 1335 2069 1390 in
2098 1335 2370 1406 superiori
2425 1335 2604 1404 capite
2653 1350 2682 1389 a
2730 1335 2891 1391 nobis
2920 1334 3225 1404 expositus.
3260 1333 3498 1403 Ideoque

1916 1440 2391 1496 supervacaneum
2423 1426 2527 1479 rati
2556 1426 2744 1480 eadem
2778 1426 2960 1480 denuo
2983 1434 3250 1496 repetere,
3281 1425 3349 1480 iis
3375 1438 3497 1494 qua

1915 1514 2061 1569 dicta
2090 1506 2223 1569 sunt
2249 1515 2489 1570 contenti
2522 1530 2644 1572 esse
2672 1515 2958 1572 debemus.

1989 1604 2175 1660 Schol.
2209 1606 2242 1661 9
2271 1612 2325 1660 et
2354 1606 2441 1659 17.
2494 1604 2637 1661 Nolo
2682 1607 2821 1661 enim
2847 1624 2937 1663 vos
2969 1609 3237 1677 ignorare,
3275 1607 3501 1675 fratres,

1912 1695 2164 1764 quoniam
2210 1706 2388 1764 patres
2436 1698 2607 1751 nostri
2645 1696 2741 1751 sub
2789 1697 2924 1752 nube
2963 1698 3197 1768 fuerunt,
3232 1706 3285 1752 et
3311 1714 3489 1752 omnes

1913 1800 2061 1839 mare
2083 1786 2431 1853 transierunt,
2454 1796 2504 1841 et
2529 1803 2707 1841 omnes
2732 1787 2970 1843 eamdem
2993 1804 3168 1844 escam
3199 1789 3495 1858 spiritalem

1916 1877 2364 1932 manducarerunt
2391 1919 2405 1941 ,
2464 1887 2515 1933 et
2569 1895 2747 1933 omnes
2802 1879 3041 1935 eumdem
3086 1891 3270 1949 potum
3341 1881 3501 1949 spiri-

1914 1967 2074 2020 talem
2123 1966 2384 2021 biberunt.
2453 1967 2710 2023 Bibebant
2750 1970 2888 2024 enim
2940 1971 3004 2025 de
3040 1971 3274 2041 spiritali
3316 1985 3500 2025 conse-

1912 2066 2097 2128 quente
2124 2074 2211 2112 eos
2240 2068 2428 2125 petra;
2471 2070 2626 2129 petra
2669 2068 2849 2114 autem
2898 2070 3015 2115 erat
3064 2059 3327 2116 Christus.
3381 2059 3486 2115 Sed

1914 2163 2014 2201 non
2046 2148 2100 2201 in
2128 2148 2371 2216 pluribus
2414 2165 2594 2204 eorum
2634 2148 3017 2218 beueplacitum
3057 2158 3135 2205 est
3180 2148 3311 2204 Deo.
3359 2147 3487 2203 Ha’c

1913 2249 2091 2296 autem
2115 2242 2170 2295 in
2194 2242 2367 2313 ﬁgura
2397 2242 2544 2311 facta
2580 2253 2702 2298 sunt
2744 2244 2936 2309 nostri,
2970 2253 3026 2298 ut
3053 2260 3155 2300 non
3177 2246 3346 2300 simus
3368 2261 3486 2300 con-

1912 2334 2234 2400 cupiscentes
2268 2335 2554 2400 malorum,
2599 2336 2860 2391 sicut'illi
2902 2336 3157 2406 fuerunt;
3192 2354 3351 2408 neque
3374 2338 3492 2391 ido-

1913 2423 2086 2479 lorum
2145 2425 2371 2481 cultores
2423 2426 2742 2496 eﬂiciamini,
2781 2428 2919 2481 sicut
2963 2427 3179 2497 quidam
3226 2443 3290 2482 ea:
3330 2428 3496 2497 ipsis,

1911 2516 2350 2589 quemadmodum
2380 2521 2633 2586 scriptum
2658 2529 2773 2574 est:
2815 2519 2962 2576 Sedit
3004 2520 3227 2588 populus
3270 2519 3497 2574 mundus

1911 2623 2031 2683 care
2083 2616 2133 2663 et
2161 2607 2355 2673 bibere,
2385 2616 2434 2663 et
2464 2620 2808 2664 surrexerunt
2846 2608 3044 2664 ludere.
3093 2608 3275 2679 Neque
3319 2620 3493 2664 tente-r

1910 2715 2028 2752 mus
2076 2698 2367 2764 Christum,
2423 2716 2598 2771 usque
2646 2702 2713 2755 ad
2763 2702 2853 2756 illa
2898 2703 3104 2757 verba:
3137 2701 3264 2757 Ηωε
3302 2713 3495 2757 autem,

1874 2815 1877 2819 ι
1911 2788 2091 2842 omnia
2126 2789 2181 2844 in
2209 2789 2385 2860 ﬁgura
2416 2790 2786 2862 contingebant
2818 2791 2971 2858 illis,
2992 2793 3193 2861 scripta
3224 2803 3345 2846 sunt
3382 2810 3479 2847 au-

1910 2888 2014 2932 tent
2046 2877 2196 2933 nobis
2230 2881 2273 2946 ’,
2300 2889 2417 2935 etc.

1978 3059 2159 3116 Refut.
2212 3061 2245 3116 9
2276 3069 2330 3117 et
2394 3062 2479 3117 17.
2526 3060 2892 3119 Oinauditam
2955 3063 3282 3120 amentiam!
3325 3064 3484 3131 Quis.

1908 3150 2119 3208 oriente
2169 3155 2303 3217 sole,
2336 3153 2382 3208 si
2411 3153 2572 3209 modo
2611 3154 2801 3209 oculos
2845 3155 3060 3221 habeat,
3096 3170 3125 3209 a
3160 3155 3281 3210 luce
3314 3156 3481 3226 possit

223 3244 322 3298 τοῦ
354 3245 531 3314 φωτὸς
562 3245 857 3319 πλανήσει;
903 3249 965 3303 El
995 3250 1104 3322 γὰρ
1146 3252 1387 3324 πατέρας
1434 3251 1629 3305 ἑαυτοῦ
1677 3254 1803 3318 τοὺς

1912 3245 2204 3300 aberrare?
2243 3245 2381 3326 Num
2413 3246 2458 3302 si
2491 3253 2675 3317 patres
2710 3262 2841 3301 suos
2871 3254 3082 3302 veteres
3107 3246 3230 3301 illos
3259 3244 3476 3316 Aposto

222 3337 345 3390 τότε
386 3336 533 3406 λέγει
582 3338 612 3391 δ
664 3338 817 3409 άγιος
879 3342 1221 3409 Ἀπόστολος,
1259 3344 1353 3397 καὶ
1400 3344 1505 3399 ὑπὸ
1555 3346 1802 3418 νεφέλης,

222 3429 322 3482 καὶ
367 3428 457 3482 διὰ
516 3429 790 3503 Θαλάσσης
840 3432 1240 3505 διεληλυθέναι,
1293 3437 1388 3489 καὶ
1440 3440 1806 3509 πνευματικὸν

224 3522 423 3594 βρῶμα
456 3524 552 3577 καὶ
591 3525 744 3595 πόμα
776 3522 937 3595 εἶναι,
972 3527 1304 3601 βεϐρωκέναι
1356 3529 1413 3583 δὲ
1463 3532 1557 3585 καὶ
1615 3550 1806 3587 πεπω-

221 3613 378 3667 κέναι
405 3616 469 3668 ὲκ
496 3617 873 3687 πνευματικῆς
891 3618 1289 3692 ἀκολουθούσης
1317 3621 1543 3694 πέτρας,
1569 3625 1804 3696 Χριστὸν

218 3704 281 3758 δὲ
308 3702 446 3761 εἶναι
487 3706 587 3778 τὴν
624 3708 829 3780 πέτραν
870 3710 1101 3778 φάσκει·
1146 3714 1229 3777 τίς
1261 3713 1615 3787 πεισθήσεται
1643 3718 1802 3789 Μαρ-

218 3797 416 3861 κίωνος
449 3801 514 3870 τῇ
553 3800 801 3872 ἀπονοίᾳ,
832 3801 925 3855 τοῦ
969 3803 1307 3869 σκοτίζοντος
1336 3807 1528 3860 ἑαυτοῦ
1557 3807 1648 3861 τὸν
1678 3809 1803 3863 νοῦν

217 3890 319 3942 καὶ
364 3890 472 3943 τῶν
524 3891 829 3946 ἀκουόντων
877 3893 1065 3959 αὑτοῦ,
1106 3896 1382 3969 ἀλλότριον
1427 3898 1659 3968 φάσκειν
1708 3900 1803 3954 τὸν

213 3981 455 4050 Χριστὸν
484 3979 592 4034 τῶν
627 3984 684 4034 ὲν
717 3982 864 4053 νόμῳ
892 3985 1218 4054 γενομένων,
1255 3987 1701 4059 ὁμολογουμένων
1744 3989 1801 4042 δὲ

214 4069 372 4142 παρὰ
415 4069 508 4123 τοῦ
559 4070 882 4126 Ἀποστόλου
910 4074 967 4127 ὲν
994 4074 1245 4147 ἀληθείᾳ,
1274 4076 1366 4130 καὶ
1414 4078 1515 4131 οὐκ
1556 4080 1614 4131 ἐν
1643 4079 1799 4149 δοκή-

213 4174 338 4225 σει;
389 4158 591 4213 Φάσκει
632 4159 690 4213 δὲ
727 4163 757 4214 ό
802 4160 957 4230 ἅγιος
1020 4164 1362 4229 Ἀπόστολος,
1421 4165 1508 4235 μὴ
1560 4167 1630 4219 ἐν
1674 4167 1800 4235 τοῖς

211 4251 529 4318 πλείστοις
561 4251 668 4306 τὸν
714 4253 971 4321 Χριστὸν
1006 4255 1427 4325 ηὐδοκηκέναι,
1459 4259 1677 4323 πάντως
1708 4260 1797 4317 διὰ

211 4342 537 4415 παράνομον
565 4346 764 4416 πρᾶξιν
794 4347 904 4401 τῶν
946 4350 1145 4405 αὐτῶν.
1188 4351 1250 4403 Εἰ
1280 4350 1336 4404 δὲ
1369 4352 1469 4404 οὐκ
1498 4352 1801 4425 ηὐδόκησεν

207 4436 275 4487 ἐν
299 4438 414 4499 τοῖς
434 4437 575 4491 κατὰ
604 4438 693 4492 τὸν
720 4439 881 4510 νόμον
905 4442 1197 4514 παράνομα
1230 4444 1641 4516 ἐργασαμένοις,
1688 4447 1797 4519 ἄρα

206 4528 520 4594 ἀγανακτεῖ
556 4530 692 4602 πρὸς
717 4533 843 4596 τοὺς
869 4533 1163 4598 τοιούτους,
1194 4534 1271 4599 ὡς
1298 4535 1463 4591 αὐτοῦ
1501 4535 1795 4604 δεδωκότος

1908 3336 1994 3392 Ius
2020 3338 2288 3405 nominat,
2313 3345 2368 3393 et
2394 3338 2498 3393 sub
2522 3338 2665 3394 nube
2690 3336 2882 3403 fuisse,
2917 3353 2980 3393 ac
3016 3351 3166 3392 mare
3197 3337 3482 3392 transiisse

1908 3430 2197 3499 praedicat;
2244 3431 2289 3486 si
2336 3432 2637 3503 spiritalem
2676 3447 2859 3487 escam
2912 3439 2968 3487 et
3018 3440 3205 3501 potum
3247 3445 3474 3485 comme-

1906 3530 2091 3576 morat
2123 3541 2137 3577 :
2172 3524 2413 3592 itemque
2444 3523 2809 3583 manducasse
2836 3538 2899 3579 ac
2928 3523 3137 3579 bibisse
3159 3521 3225 3577 de
3248 3523 3481 3593 spiritali

1904 3621 2275 3682 consequente
2322 3614 2446 3668 illos
2487 3623 2661 3683 petra,
2697 3629 2930 3684 eamque
2956 3621 3167 3684 petram
3196 3612 3481 3668 Christum

1903 3719 2027 3761 esse
2051 3705 2273 3772 scribit;
2300 3705 2424 3775 quis
2449 3704 2740 3761 Marcionis
2763 3705 2989 3761 insania:
3009 3705 3166 3761 iidem
3192 3705 3471 3763 adhibeat:

1904 3795 1997 3865 qui
2048 3812 2205 3852 suam
2260 3812 2323 3850 ac
2372 3804 2708 3852 sectatorum
2766 3812 2993 3852 suorum
3044 3804 3278 3852 mentem
3316 3797 3481 3852 tantis

1903 3885 2147 3941 tenebris
2199 3886 2465 3955 implicat,
2520 3896 2577 3941 ut
2613 3885 2895 3940 Christum
2930 3886 2998 3941 ab
3026 3885 3095 3941 iis
3148 3887 3241 3956 qui
3279 3886 3333 3940 in
3367 3888 3481 3957 lege

1902 3979 2104 4033 versati
2154 3986 2284 4034 sunt
2333 3979 2647 4034 abalienare
2683 3979 3026 4035 contendat:
3065 3996 3205 4049 quos
3259 3978 3477 4051 quidem

1899 4071 2194 4142 Apostolus
2244 4086 2453 4138 revera,
2496 4087 2607 4126 non
2659 4071 2781 4126 ficta
2826 4072 3063 4142 quadam
3105 4073 3307 4143 specie,
3329 4088 3476 4127 com-

1900 4162 2214 4218 mendarit?
2247 4161 2399 4228 Quod
2452 4169 2636 4218 autem
2684 4164 2738 4217 in
2780 4163 3044 4233 plerisque
3087 4164 3280 4218 scribit
3333 4163 3475 4218 idem

1899 4269 2002 4307 non
2037 4252 2200 4323 fuisse
2229 4254 2485 4323 placitum
2509 4252 2743 4319 Christo,
2779 4255 2939 4323 plane
2973 4254 3138 4326 358
3164 4255 3229 4309 ad
3259 4254 3475 4309 illorum

1900 4344 2109 4399 scelera
2144 4345 2416 4413 pertinere
2451 4345 2753 4414 putandum
2785 4353 2890 4400 est.
2915 4344 3035 4400 Jam
3068 4361 3195 4401 vero
3225 4347 3272 4401 si
3324 4346 3378 4401 in
3407 4347 3475 4401 iis

1898 4437 1990 4506 qui
2020 4435 2075 4489 in
2122 4437 2236 4506 lege
2273 4438 2538 4492 scelerate
2577 4452 2636 4492 se
2671 4447 2962 4508 gesserunt
3020 4455 3362 4511 nequaquam
3396 4441 3472 4495 illi

1898 4528 2156 4597 placitum
2190 4537 2295 4594 est,
2335 4529 2456 4583 ideo
2483 4530 2591 4585 illis
2616 4531 2995 4585 succensuerit
3042 4540 3277 4602 oportet,
3329 4534 3473 4602 quod

204 4616 306 4669 τὸν
338 4620 523 4691 νόμον,
555 4598 651 4677 καὶ
678 4624 917 4679 διδάσκει
954 4626 1144 4680 ἑαυτοῦ
1178 4598 1268 4682 τὸν
1299 4630 1463 4700 νόμον
1506 4598 1794 4703 ὑπάρχειν,

1912 4622 2075 4691 legem
2157 4620 2273 4689 ipse
2339 4622 2569 4688 tulerit;
2624 4638 2790 4691 quam
2854 4623 3081 4677 omnino
3148 4639 3301 4679 suam
3355 4640 3473 4680 esse

203 4712 392 4788 καιρῷ
434 4715 658 4771 δοθέντα
704 4719 798 4773 καὶ
841 4719 1064 4783 δικαίως
1110 4720 1617 4796 ἐξυπηρετηθέντα,
1668 4725 1795 4796 ἄχρι

1902 4710 2212 4775 conﬁrmat,
2278 4727 2400 4781 quae
2445 4727 2544 4782 pro
2594 4713 3305 4784 temporis-opportunilate
3346 4730 3461 4768 eou-

200 4807 315 4877 τῆς
367 4807 632 4879 ὲνσάρκου
676 4808 840 4861 αὐτοῦ
884 4812 1204 4881 παρουσίας.
1241 4813 1458 4885 Πρέπον
1500 4815 1609 4886 γάρ
1648 4818 1795 4870 ἐστιν

1912 4816 2074 4867 :essa,
2122 4801 2309 4856 tandlu
2357 4802 2697 4859 iunctionem
2727 4819 2882 4859 suam
2920 4811 3005 4859 est
3041 4804 3469 4860 administratio-

198 4900 565 4972 οἰκοδεσπότῃ
610 4900 733 4954 καθ’
763 4902 993 4956 ἕκαστον
1037 4903 1226 4975 καιρὸν
1254 4905 1527 4976 ἁρμοδίως
1570 4909 1793 4964 ἐπιτάσ-

200 5009 328 5046 σειν
375 4994 486 5052 τοῖς
530 4991 724 5054 ἑαυτοῦ
767 4992 1007 5057 οἰκέταις
1054 4994 1123 5049 τὰ
1166 4998 1462 5067 πρέποντα.
1516 4998 1692 5064 Εὐθὺς
1734 5001 1792 5055 δὲ

192 5084 484 5155 ἐπιφέρει,
509 5081 685 5152 λέγων
705 5100 718 5113 ·
760 5084 951 5139 Ταῦτα
984 5084 1053 5139 δὲ
1082 5087 1255 5141 τύποι
1296 5087 1466 5156 ἡμῶν
1512 5090 1791 5160 ἐγενήθη-

191 5189 353 5236 σαν,
385 5174 535 5243 πρὸς
562 5173 629 5228 τὸ
652 5173 739 5242 μὴ
775 5169 927 5228 εἶναι
959 5174 1116 5245 ἡμᾶς
1159 5176 1528 5247 ἐπιθυμητὰς
1568 5181 1787 5248 κακῶν,

190 5262 408 5331 καθὼς
436 5262 700 5319 κάκεῖνοι
729 5263 1120 5334 ἐπεθύμησαν
1148 5281 1161 5295 ·
1187 5265 1345 5335 μηδὲ
1372 5266 1792 5339 εἰδωλολάτραι

190 5354 476 5423 γίνεσθε,
522 5352 717 5419 καθώς
747 5369 901 5420 τινες
937 5353 1168 5408 αὐτῶν·
1218 5356 1338 5427 οὑχὶ
1385 5356 1525 5410 κατὰ
1574 5358 1792 5411 πάντων

187 5445 305 5516 τὴν
330 5445 511 5516 ψῆφον
547 5445 778 5513 διεξιών.
808 5447 917 5501 Καὶ
952 5446 1114 5501 πόθεν
1145 5444 1291 5513 οἶδας
1317 5449 1508 5515 ταῦτα,
1548 5445 1594 5505 ὦ
1635 5453 1794 5506 Ἀπό-

190 5535 403 5605 στολε;
436 5538 741 5610 Ἐπιφέρει,
797 5538 892 5605 Ὠς
930 5538 1269 5609 γέγραπται,
1311 5542 1521 5613 φήσας·
1565 5544 1789 5601 Ἐκάθι-

186 5644 324 5684 σεν
358 5631 391 5682 ό
437 5629 588 5696 λαὸς
638 5629 851 5700 φαγεῖν
903 5632 998 5685 καὶ
1049 5630 1236 5694 πιεῖν,
1288 5633 1388 5687 καὶ
1438 5633 1791 5704 ἀνέστησαν

183 5718 456 5780 παίζειν.

285 5916 353 5974 ιι
390 5917 515 5974 Cor.
554 5936 629 5983 IX,
654 5920 707 5977 9.
787 5923 804 5954 '
842 5921 1015 5979 ICor.
1047 5940 1101 5993 κ,
1148 5924 1170 5979 1
1212 5941 1364 5998 sqq.;
1398 5925 1567 5984 Exod.
1610 5946 1780 6001 xxxii,
1812 5934 1864 5989 6.

1897 4908 2135 4963 nemque
2170 4894 2389 4957 sortita,
2423 4893 2597 4948 donec
2626 4895 2716 4949 ille
2749 4909 2916 4949 carne
2941 4895 3202 4963 pranlitus
3234 4895 3471 4949 advenit.

1903 4984 2038 5040 Nam
2115 4994 2175 5039 et
2217 4985 2610 5057 paterfamilias
2676 4986 2849 5041 servis
2914 4987 3031 5041 suis
3108 4993 3470 5041 consentanea

1896 5082 2095 5150 cuique
2128 5082 2359 5152 tempori
2400 5081 2563 5136 debet
2606 5081 2862 5135 mandata
2908 5081 3288 5151 praescribere.
3332 5079 3463 5134 Sub-

1896 5170 2022 5226 inde
2046 5186 2176 5226 νει-ο
2204 5172 2306 5225 ista
2339 5171 2647 5226 subtexuit:
2674 5171 2797 5225 Haec
2829 5181 3003 5225 autem
3029 5172 3082 5224 in
3109 5172 3282 5240 ﬁgura
3305 5171 3480 5225 nostri

1896 5264 2230 5333 contigerunt
2259 5303 2276 5329 ,
2333 5279 2395 5317 ne
2460 5264 2627 5317 simus
2666 5263 3121 5331 'concupisceutes
3174 5262 3467 5323 malorum,

1896 5355 2029 5409 sicut
2064 5356 2144 5410 illi
2173 5356 2585 5423 concupierunt;
2622 5371 2781 5426 neque
2814 5355 3077 5408 idolorum
3106 5353 3332 5417 cultores
3367 5355 3473 5422 elﬁ-

1897 5447 2136 5513 ciamiui,
2190 5447 2326 5501 sicut
2369 5446 2587 5517 quidam
2628 5462 2697 5505 ea;
2729 5448 2877 5515 ipsis.
2912 5444 2969 5499 In
3003 5461 3113 5516 quo
3141 5461 3248 5500 non
3281 5460 3472 5502 omnes

1898 5538 2169 5593 sententia
2198 5552 2295 5593 sua
2328 5536 2730 5593 condemnavit.
2759 5537 2865 5593 Sed
2890 5536 3186 5602 undenam,
3219 5536 3478 5592 obsecro-

1897 5628 2032 5693 hmc,
2088 5628 2365 5699 Apostole,
2425 5628 2607 5683 nosti?
2648 5626 2795 5683 Sicut
2827 5630 3078 5697 scriptum
3118 5636 3217 5694 est,
3253 5626 3428 5698 inquit
3447 5639 3479 5677 τ-

1897 5721 2046 5777 Sedit
2075 5722 2298 5791 populus
2332 5719 2652 5777 manducare
2690 5734 2738 5776 et
2782 5721 2973 5789 bibere,
3027 5731 3076 5777 et
3123 5731 3485 5779 sur-rexerune

1898 5819 2096 5871 ludere.
