3934 6432
493 488 600 547 m
773 462 799 484 ’
1900 485 2046 542 $.E

2174 484 2357 541 [ιΑΜί
3009 438 3015 444 ί
3641 482 3727 540 7x3

568 609 706 666 Vera
734 616 818 666 est
850 609 1034 680 itaque
1065 608 1375 679 Scriptura,
1412 607 1481 664 ile
1511 624 1618 679 qua
1648 606 1714 661 ad
1746 602 2079 661 convinceuo
2113 650 2121 665 .

2261 606 2405 676 ’Λρα
2432 602 2562 673 γοῦν
2592 602 2800 674 ἀληθὴς
2824 603 2858 674 ἡ
2885 601 3115 674 Γραφὴ,’
3137 599 3198 666 ἐξ
3228 590 3294 671 ἧς
3318 598 3411 653 καὶ
3435 597 3523 652 τὸν
3549 597 3730 670 ἔλεγχον

494 702 595 757 dos
653 702 932 774 improbos
984 699 1189 757 Paulus
1241 710 1561 772 argumenta
1611 699 1837 771 colligit.
1885 697 2047 754 Deind

2194 699 2335 753 κατά
2364 696 2473 751 τῶν
2505 697 2724 768 ἀνόμων
2750 698 2780 751 6
2820 692 3142 758 ’Δπόστολος
3180 690 3464 763 λαμϐάνει.
3504 685 3623 743 Εἶτα
3649 691 3732 744 πά-

493 809 689 850 rursus
717 790 946 864 :‘Neqtte
974 800 1238 847 tentemus
1265 791 1572 847 Dominum.
1604 790 1811 847 Marcio
1842 806 1973 847 vero
1993 805 2046 859 pl

2193 794 2277 847 λιν
2297 812 2309 823 ·
2348 790 2519 861 Μηδὲ
2549 786 2910 860 πειράᾷυμεν
2928 787 3037 841 τὸν
3062 788 3302 855 Κύριον.
3346 786 3405 839 '0
3431 785 3485 839 δὲ
3508 785 3734 854 Μαρκίων

494 885 724 941 Domino
769 884 1050 940 Christum
1100 884 1411 941 substituit.
1473 883 1581 939 Sed
1629 883 1774 939 idem
1811 892 1897 940 est
1927 883 2047 954 plan

2193 885 2314 940 ἀντὶ
2349 882 2466 951 τοῦ,
2501 882 2745 951 Κύριον,
2780 880 3014 953 Χριστὸν
3047 879 3295 951 ἐποίησε.
3335 878 3564 949 Χριστὸν
3590 877 3639 931 δέ
3663 880 3736 931 καὶ

492 977 749 1030 Christus
793 989 859 1029 ac
908 973 1195 1039 Dominus,
1247 976 1354 1032 etsi
1412 972 1679 1031 Marciani
1719 974 1880 1029 aliter
1909 973 2045 1029 visui

2194 978 2399 1047 Κύριον
2439 974 2640 1047 ταυτὸν
2668 974 2962 1045 ὑπάρχειν,
3006 971 3113 1026 κᾶν
3149 970 3229 1043 μὴ
3271 969 3453 1040 δοκοίη
3496 968 3569 1037 τῷ
3607 970 3735 1040 Μαρ-

491 1068 582 1131 sit,
610 1082 734 1121 cum
761 1066 966 1123 Christi
993 1067 1289 1138 appellatio
1315 1068 1564 1138 subjecta
1594 1066 1666 1123 sit
1693 1067 1747 1121 iu
1776 1067 1844 1122 iis
1873 1065 2044 1122 verbis

2194 1070 2372 1133 κίωνι,
2404 1065 2963 1140 προῦποτεταγμένης
2995 1064 3098 1134 τῆς
3143 1062 3237 1117 τοῦ
3284 1060 3517 1134 Χριστοῦ
3565 1061 3740 1114 ἐπωνυ-

492 1158 657 1211 Pelra
710 1167 887 1212 autem
935 1167 1053 1212 erat
1102 1157 1381 1224 Christus;
1451 1167 1531 1222 ct,
1577 1175 1683 1214 non
1731 1158 1786 1211 in
1828 1156 2045 1227 plerisqr

2197 1161 2349 1233 μίας,
2382 1162 2442 1215 ἐν
2472 1158 2552 1230 τῷ
2584 1160 2760 1212 εἰπεῖν
2782 1173 2795 1189 ·
2850 1157 2911 1213 Ἡ
2938 1156 3125 1223 πέτρα
3151 1151 3231 1227 ἧν
3270 1158 3305 1209 ό
3345 1155 3619 1224 Χριστός-ο
3647 1154 3739 1218 καὶ,

491 1243 709 1298 illorum
759 1245 1145 1315 beneplacitum
1187 1255 1269 1302 est
1302 1246 1433 1302 Deo.
1468 1245 1601 1303 Post
1640 1247 1757 1302 haec
1786 1246 2044 1317 Apostolt

2190 1255 2312 1308 Οὐκ
2352 1252 2423 1306 ἐν
2465 1251 2593 1318 τοῖς
2639 1251 2926 1306 πλείοσιν
2957 1246 3158 1304 αὐτῶν
3193 1247 3519 1315 ηὑδόκησε.
3558 1244 3743 1313 Διεξιὼν

494 1338 586 1393 ubi
631 1346 808 1393 totum
859 1340 994 1395 illud
1052 1330 1433 1410 argumentum
1481 1339 1775 1412 percurrit,
1829 1337 2047 1409 subjicit

2192 1345 2250 1399 δέ
2278 1344 2443 1399 πάλιν
2484 1344 2517 1397 ὁ
2564 1345 2721 1413 ἅγιος
2763 1341 3087 1405 Ἀπόστολος
3118 1342 3298 1395 πᾶσαν
3343 1341 3443 1413 τὴν
3483 1340 3572 1394 τοῦ
3607 1357 3745 1409 κεφα-

496 1429 629 1485 Ηωο
686 1440 863 1486 autem
918 1432 975 1486 in
1021 1432 1201 1503 ﬁgura
1260 1432 1636 1503 contingebant
1686 1432 1838 1495 illis;
1892 1432 2049 1501 script

2193 1438 2348 1493 λαίου
2381 1436 2661 1501 ὑπόθεσιν,
2693 1435 2859 1507 φησί’
2906 1433 3099 1490 Ταῦτα
3124 1431 3195 1486 δὲ
3222 1431 3486 1498 τυπικῶς
3510 1431 3746 1486 συνέϐαι-

496 1533 625 1578 simt
667 1533 846 1578 autent
896 1523 966 1578 ad
1008 1524 1396 1592 correptionem
1427 1532 1691 1579 nostram.
1753 1523 1890 1578 Cum
1928 1523 2049 1594 igitt

2195 1550 2303 1586 rer
2329 1532 2588 1597 ἐκείνοις
2609 1546 2623 1560 ·
2662 1528 2893 1600 ἐγλυὰρη
2927 1526 2995 1580 δὲ
3022 1525 3169 1596 ἡμῖν
3202 1526 3291 1591 είς
3329 1525 3657 1579 νουθεσίαν.
3697 1524 3748 1578 Ei

496 1630 620 1686 quae
648 1616 761 1670 illis
793 1616 847 1669 in
912 1613 1085 1686 figura
1130 1616 1524 1687 contingebant
1572 1615 1639 1670 ad
1690 1616 2049 1685 correptionel

2197 1627 2373 1679 τοίνυν
2431 1623 2501 1679 τὰ
2549 1621 2796 1686 τυπικῶς
2849 1621 3088 1682 ἐκείνοις
3122 1616 3510 1689 συμϐεϐηκότα
3569 1619 3750 1688 ἐγράφη

495 1716 743 1763 nostram
796 1708 1001 1779 scripta
1042 1708 1172 1774 sint,
1211 1709 1304 1779 qui
1332 1724 1394 1765 ea
1425 1724 1549 1779 qua:
1619 1716 1734 1763 tum
1776 1708 2048 1763 acciderui

2195 1720 2327 1789 ἡμῖν
2372 1718 2453 1782 είς
2491 1715 2794 1780 νουθεσίαν,
2827 1717 2855 1770 6
2888 1713 3109 1786 γράψας
3146 1713 3218 1767 τὰ.
3250 1710 3512 1781 γεγονότα
3538 1710 3649 1763 τότε
3689 1712 3748 1773 εἰς

496 1800 564 1854 ad
617 1802 1017 1871 correptioncm
1072 1810 1321 1875 nostram
1374 1801 1741 1872 praescripsit,
1803 1799 1912 1855 illis
1946 1799 2049 1853 hau

2197 1809 2479 1864 νουθεσίαν
2529 1806 2687 1881 ἡμῶν
2729 1808 3052 1880 ἐπεμελεῖτο
3086 1801 3163 1862 ὧν
3213 1807 3310 1861 καὶ
3360 1804 3462 1877 τὴν
3508 1802 3750 1858 νουθεσίαν

495 1890 663 1945 dubie
695 1892 988 1947 consulere
1028 1892 1265 1958 studuit,
1303 1908 1444 1964 quos
1477 1892 1758 1964 corrigere
1801 1901 1965 1962 atque
1999 1905 2048 1947 at

2197 1903 2454 1967 ἐποιεῖτο,
2494 1900 2557 1953 τὸ
2605 1900 2680 1972 μὴ
2715 1899 2964 1970 γίνεσθαι
2999 1903 3150 1971 ἡμᾶς
3196 1896 3541 1970 ἐπιθυμητὰς
3581 1893 3746 1950 κακῶν.

497 1996 725 2038 monere
787 1984 1084 2054 cupiebat,
1152 2000 1225 2041 ne
1286 1986 1557 2040 malorum
1634 1985 2050 2057 concupiscenti

2208 1995 2266 2048 Ὀ
2299 1994 2355 2048 δὲ
2389 1993 2463 2066 μὴ
2487 1993 2659 2047 θέλων
2689 1993 2877 2047 κακῶν
2903 1991 3249 2064 ἐπιθυμητὰς
3284 1992 3437 2063 ἡμᾶς
3499 1984 3645 2052 εἶναι,
3667 1989 3752 2058 ἄρα

496 2090 767 2131 essemus.
826 2076 1198 2143 Quamobrem
1250 2078 1432 2135 bonus
1487 2078 1669 2143 idem,
1738 2056 1848 2132 non
1917 2077 2049 2131 mali:

2315 2056 2401 2150 θδέ
2431 2056 2688 2157 ῦπάρχει,
2726 2087 2821 2140 καὶ
2846 2086 2906 2139 οὒ
2937 2056 3145 2149 κακός..
3178 2083 3269 2137 Ἐν
3294 2056 3378 2147 ei;
3405 2081 3513 2153 γὰρ
3533 2056 3753 2151 ὑπάρχέιν

497 2163 665 2219 fuerit
688 2173 922 2236 oportet.
963 2165 1180 2253 Quibus
1209 2169 1355 2223 enim
1389 2166 1623 2224 allectus
1658 2174 1766 2233 est,
1805 2167 2003 2223 iisdem
2036 2183 2050 2220 ι

2200 2179 2258 2231 ἐν
2286 2175 2499 2241 τούτοις
2534 2177 2907 2248 προτρέπεται
2946 2177 3099 2248 ἡμᾶς
3135 2170 3297 2242 εἶναι,
3332 2178 3360 2230 6
3396 2174 3557 2238 αὐτὸς
3586 2171 3753 2242 ἀγαθὸς

496 2258 711 2327 praediti
749 2274 875 2317 esse
902 2260 1136 2316 velimus
1171 2261 1444 2327 hortatur,
1477 2262 1658 2317 bonus
1704 2260 1795 2315 ille
1834 2260 2049 2315 nimirui

2200 2268 2332 2334 Θεὺς
2357 2268 2435 2322 ὢν
2464 2268 2557 2322 καὶ⁸
2597 2268 2826 2333 δίκαιος,
2861 2271 2889 2323 ὁ
2918 2267 3029 2322 τῶν
3058 2266 3490 2340 προγραφέντων
3512 2265 3650 2330 Θεὸς,
3682 2263 3753 2317 καὶ

499 2348 666 2413 Deus,
709 2365 774 2407 ac
796 2351 1023 2422 justus;
1071 2367 1137 2408 ac
1167 2360 1279 2409 tam
1316 2367 1510 2409 eorum
1538 2367 1677 2424 quos
1707 2361 1832 2408 ante
1859 2352 2052 2423 scripsi

2203 2361 2309 2414 τῶν
2371 2360 2668 2431 μετέπειτα
2720 2359 3161 2432 νουθετουμένων
3231 2358 3465 2430 κτίστης
3521 2356 3623 2423 ὢν,
3671 2354 3756 2409 τῶν

500 2449 587 2496 rat
637 2440 800 2511 Deus,
851 2460 1016 2516 quam
1068 2446 1457 2516 posteriorum,
1530 2445 1627 2516 qui
1673 2446 1911 2515 correpti
1945 2459 2053 2500 sun

2201 2452 2422 2506 πάντων
2455 2450 2550 2505 καὶ
2598 2449 2932 2522 δημιουργὸς
2964 2449 3061 2504 καὶ
3104 2448 3437 2521 νομοθέτης,
3483 2448 3574 2502 καὶ
3611 2447 3754 2518 δωρη“

499 2537 788 2598 conditor:
827 2540 1138 2595 communis
1200 2537 1443 2609 denique
1488 2547 1685 2593 auctor
1736 2538 1985 2594 omnium
2034 2555 2052 2593 ιι

2200 2542 2353 2606 τικδς
2401 2541 2515 2595 τῶν
2565 2540 2936 2610 Εὐαγγελίων,
2992 2542 3088 2595 καὶ
3144 2540 3454 2612 καθοδηγὺς
3500 2539 3602 2593 τῶν
3644 2539 3753 2591 ἁποο

500 2632 812 2703 legislator;
844 2632 939 2702 qui
969 2639 1025 2688 et
1054 2630 1352 2702 Evangelia
1386 2630 1621 2702 largitus
1649 2637 1756 2698 est,
1791 2636 1847 2687 et
1871 2637 2097 2702 aposto-
2205 2635 2431 2691 στόλων.

502 2726 683 2779 lorum
717 2725 825 2779 dux
860 2740 925 2779 ac
960 2723 1277 2779 moderator
1300 2723 1536 2778 exstitit.

577 2837 767 2892 Schol.
812 2836 881 2891 10
910 2843 964 2892 et
989 2835 1077 2890 18.
1113 2833 1253 2901 Quid
1321 2851 1444 2904 ergo
1486 2833 1652 2890 dico?
1686 2833 1842 2902 Quod
1871 2834 1925 2887 in
1969 2843 2101 2888 tem-

2279 2847 2307 2892 ι’
2340 2840 2434 2894 καὶ
2472 2846 2539 2910 ιη’
2571 2839 2719 2910 σχόλ.
2758 2842 2817 2895 Tl
2839 2835 2953 2896 οὖν
3002 2854 3189 2910 φημι;
3219 2839 3353 2892 Ὅτι
3408 2836 3689 2907 ἱερόθυτόν
3714 2831 3756 2885 τί

503 2931 592 2998 plo
618 2929 953 2983 immolatum
983 2926 1187 2996 aliquid
1226 2927 1317 2991 sit,
1355 2935 1448 2980 aut
1493 2925 1848 2997 idolothytum
1895 2924 2056 2994 aliqui

2203 2932 2405 2997 ἐστιν,
2467 2929 2507 2999 ἢ
2571 2930 2972 2985 εἰδωλόθυτόν
3020 2932 3080 2985 τι
3133 2931 3346 2995 early;
3401 2928 3559 2984 Ἀλλ’
3613 2926 3691 2980 ὅτι
3728 2923 3756 2977 tl

505 3024 618 3078 sit?
647 3020 751 3076 Sed
771 3037 888 3092 qua:
912 3019 1193 3079 immolant
1215 3018 1515 3083 dwmoniis,
1550 3027 1600 3074 et
1634 3036 1739 3074 non
1774 3018 1882 3073 Deo
1919 3019 1960 3071 ¹.
1995 3016 2058 3073 Ul

2203 3024 2421 3078 θύουσι
2462 3019 2816 3091 δαιμονίοις.
2869 3019 2969 3075 καὶ
3016 3022 3089 3075 οὐ
3138 3017 3281 3084 Θεῷ.
3319 3017 3616 3089 Πωσέθετο
3653 3014 3702 3069 δὲ
3736 3012 3756 3063 6

505 3113 713 3169 Marcio
734 3115 787 3168 in
818 3113 988 3169 sacris
1028 3112 1364 3167 immolatum
1400 3110 1623 3181 adjecit.

1400 3110 1623 3181 adjecit.
2204 3110 2472 3180 Μαρκίων
2502 3111 2583 3175 τὸ,
2612 3111 2940 3180 ἱερόθυτον.

577 3204 762 3261 Refut.
797 3206 864 3261 10
887 3213 943 3261 et
972 3205 1058 3260 l8.
1093 3204 1238 3272 Quid
1265 3221 1389 3276 ergo
1420 3204 1583 3260 (lico?
1607 3200 1779 3258 Idalis
1809 3201 1977 3274 359
2001 3204 2102 3256 im-

2277 3218 2310 3257 t'
2355 3203 2448 3258 καὶ
2501 3210 2568 3276 ιη’
2617 3203 2798 3276 ἒλεγχ.
2836 3203 2897 3258 Τί
2925 3199 3040 3260 οὖν
3073 3220 3267 3274 pnju;
3304 3199 3695 3258 Εὶδωλόθυτόν
3719 3194 3759 3248 τί

506 3298 769 3352 molalum
804 3295 1010 3369 aliquid
1042 3299 1163 3352 est?
1212 3295 1316 3352 Sed
1350 3313 1468 3368 qua:
1502 3295 1781 3349 immolant
1821 3295 2059 3350 dwmoni:

2207 3299 2413 3361 ἐστινὶ
2478 3298 2641 3354 Ἀλλ’
2693 3298 2783 3353 ὅτι
2838 3296 2878 3352 ἃ
2924 3299 3143 3354 θύουσι
3182 3298 3536 3368 δαιμονίοις,
3583 3294 3668 3349 καὶ
3705 3292 3758 3344 οὐ

507 3398 692 3444 etnon
742 3388 874 3444 Deo.
918 3387 1039 3443 Non
1073 3389 1255 3459 prisca
1299 3389 1389 3443 illa
1436 3399 1654 3459 patrum
1689 3394 1934 3458 tempora
1968 3402 2060 3443 con

2214 3387 2353 3455 Θεῷ.
2406 3390 2521 3444 Οὐκ
2563 3391 2914 3462 ἀπηγόρευσε
2968 3390 3060 3443 τὸν
3115 3389 3350 3445 παλαιὸν
3393 3390 3502 3445 τῶν
3554 3385 3760 3457 πατέρων

508 3478 790 3534 demnavit
825 3479 1144 3551 Apostolus,
1195 3495 1319 3550 qum
1364 3479 1433 3533 ad
1474 3486 1690 3534 aetatem
1723 3495 1897 3550 usque
1927 3493 2061 3535 suau

2211 3482 2402 3552 χρόνον
2432 3483 2460 3536 6
2497 3482 2818 3546 Ἀπόστολος
2851 3482 2956 3546 ἓως
2994 3481 3181 3547 αὐτοῦ,
3216 3483 3312 3536 καὶ
3358 3482 3466 3547 ἓως
3509 3483 3760 3547 ἀνέστηκεν

511 3576 757 3643 adeoque
819 3571 1064 3642 quandiu
1114 3579 1315 3627 stetere
1356 3569 1759 3643 Hierosolyma,
1796 3570 2064 3626 ﬂuxerunt

2224 3575 2614 3648 Ἰερουσαλὴμ,
2666 3575 2776 3629 ἀπὸ
2822 3572 2917 3627 τοῦ
2967 3576 3143 3630 εἰπεῖν
3190 3575 3321 3640 τοὺς
3363 3576 3447 3639 εἰς
3492 3573 3559 3627 τᾶ
3607 3566 3759 3623 eam

512 3679 637 3717 cum
693 3678 788 3718 eos
844 3662 1003 3731 dixit,
1055 3663 1151 3735 qui
1212 3663 1376 3737 idolis
1424 3663 1774 3718 immolarent
1822 3662 2065 3719 daemonii

2212 3667 2442 3731 θύοντας
2495 3667 2795 3738 δαιμονίοις
2848 3665 3020 3732 θύειν,
3077 3667 3171 3719 καὶ
3218 3666 3280 3719 οὐ
3339 3664 3481 3738 Θεῷ.
3534 3662 3637 3717 (lux
3682 3658 3760 3726 ἄρα

514 3756 823 3819 immolare,
880 3770 991 3810 non
1046 3754 1176 3809 Deo.
1233 3752 1351 3809 Non
1386 3755 1534 3819 illos,
1561 3754 1808 3825 inquam,
1847 3755 2067 3811 damnat

2213 3757 2502 3830 κατέκρινε
2528 3757 2607 3829 τῷ
2634 3756 2754 3830 Θεῷ
2795 3756 3098 3823 θυσάντων,
3144 3758 3233 3810 ὅτε
3267 3756 3436 3827 χρεία
3476 3751 3658 3809 θυσιῶν
3694 3743 3759 3819 ἦν.

514 3849 710 3914 voluit,
739 3849 833 3920 qui
866 3847 978 3903 Deo
1025 3848 1430 3913 sacriﬁcarent,
1479 3862 1590 3918 quo
1621 3855 1870 3919 tempore
1900 3847 2067 3904 sacrit

2212 3849 2552 3922 Κατακρίνει
2580 3849 2638 3903 δέ
2680 3851 2809 3914 τοὺς
2855 3848 3084 3913 θύοντας
3126 3846 3391 3913 εἰδώλοις,
3427 3847 3489 3901 οὐ
3526 3845 3608 3900 διὰ
3631 3840 3761 3901 θύειν,

514 3941 631 3996 cari
662 3941 931 4012 oportuit.
978 3939 1086 3996 Sed
1117 3956 1215 3996 eos
1250 3938 1520 3994 duntaxat
1553 3946 1802 4006 accusat,
1835 3939 2067 4012 quiidoll

2214 3942 2353 3998 ἀλλά
2399 3941 2489 3996 διὰ
2521 3941 2584 3995 τὸ
2627 3941 2749 3997 ἀντὶ
2789 3939 2911 4013 Θεῷ
2941 3942 2962 3972 ²
3016 3939 3259 4004 εἰδώλοις
3298 3939 3471 3994 θύειν.
3514 3938 3641 3993 Οὔτε
3683 3933 3762 4003 γὰρ

515 4037 822 4101 immolant,
859 4048 967 4090 non
1002 4035 1072 4091 ob
1109 4035 1216 4091 hoc
1248 4035 1455 4107 ipsum,
1484 4033 1632 4105 quod
1660 4033 1971 4100 immolant,
2011 4049 2068 4091 se

2215 4035 2454 4097 θύουσιν,
2497 4034 2586 4089 ἴνα
2619 4033 2825 4108 τροφὴν
2860 4034 3077 4099 ἑαυτοῖς
3121 4036 3186 4088 ἐκ
3231 4034 3371 4088 Θεοῦ
3406 4028 3762 4105 κεχαρισμένην

517 4129 663 4201 quod
710 4128 875 4186 idolis
917 4129 1066 4185 istud
1114 4128 1295 4199 ipsum
1347 4142 1450 4198 pro
1499 4126 1608 4183 Deo
1657 4135 1938 4197 praestant.
1988 4123 2070 4181 No

2216 4130 2297 4193 εἰς
2326 4125 2631 4198 μετάληψιν
2659 4127 3023 4200 ἐργάσωνται,
3055 4125 3191 4181 ἀλλὰ
3219 4126 3444 4198 δαίμοσι
3472 4124 3673 4185 θύοντες
3695 4115 3762 4172 καὶ

516 4222 665 4278 enim
720 4222 846 4279 ideo
899 4220 1240 4285 sacriﬁcant,
1298 4229 1358 4275 ut
1409 4220 1669 4277 alimenta
1729 4218 1994 4274 divinitus
2043 4235 2069 4273 a

2220 4218 2688 4292 ματαιοφροσῦνῃ.
2724 4219 2798 4272 Σὺ
2832 4218 2910 4283 δέ,
2951 4211 2998 4274 ὦ
3038 4218 3331 4292 Μαρκίων.
3376 4217 3702 4292 προσέθηκας
3721 4207 3763 4262 τὸ

519 4331 680 4372 usum
709 4330 974 4373 concessa
1000 4316 1105 4372 sibi
1137 4322 1482 4385 comparent,
1515 4312 1613 4371 sed
1648 4312 2015 4379 daemonibus,
2048 4329 2072 4369 a

2218 4313 2547 4382 ἱερόθυτον,
2596 4300 2839 4383 νομίσας
2862 4311 2971 4366 ἀπὸ
3017 4311 3111 4366 τοῦ
3161 4309 3428 4383 μεμίχθαι
3457 4307 3526 4363 τὰ
3559 4308 3643 4362 δύο
3679 4301 3763 4356 ὀνό-

519 4410 833 4467 vanissimis
863 4410 1178 4465 numinibus
1210 4423 1367 4465 sacra
1399 4407 1631 4463 faciunt.
1664 4406 1747 4462 Tu
1780 4422 1939 4471 vero,
1974 4405 2072 4460 Mai

2223 4423 2391 4477 ματα,
2445 4402 2593 4476 ἱεροῦ
2622 4421 2683 4457 τε
2736 4404 2833 4457 καὶ
2865 4402 3112 4466 εἰδώλου,
3164 4400 3534 4457 συνάπτεσθαι
3576 4397 3675 4452 τῶν
3698 4391 3766 4446 δύο

520 4500 628 4568 cio,
657 4516 848 4557 vocem
897 4500 1069 4564 illam,
1114 4501 1170 4554 in
1215 4498 1407 4566 templo
1439 4498 1799 4562 immolatum,
1836 4496 2071 4569 adjecist

2218 4497 2439 4571 τρόπων
2484 4496 2585 4569 τὴν
2626 4497 2831 4569 σχέσιν.
2875 4496 2989 4551 Καὶ
3043 4496 3144 4551 οὐκ
3195 4495 3313 4549 ἐστι
3356 4493 3537 4549 τοῦτο.
3598 4491 3654 4544 Ei
3693 4484 3765 4555 μὲν

520 4609 585 4647 ex
609 4607 675 4648 eo
700 4601 875 4657 ratus,
930 4591 1078 4663 quod
1130 4591 1240 4647 duo
1287 4590 1403 4646 lucc
1432 4589 1720 4656 vocabula,
1749 4590 2016 4660 templum
2045 4606 2073 4646 e

2221 4586 2352 4655 γὰρ,
2395 4585 2536 4657 μετὰ
2572 4586 2635 4640 τὸ
2669 4586 2845 4641 ἐλθεῖν
2882 4583 2982 4657 τὴν
3028 4584 3237 4657 Καινὴν
3274 4585 3570 4657 Διαθήκην,
3618 4577 3765 4632 ἐθύετο

524 4686 692 4752 idola,
741 4684 1002 4756 permista
1059 4684 1294 4740 invicem
1327 4682 1530 4750 forent,
1563 4680 1852 4736 ambarum
1894 4696 2077 4752 quequ

2220 4678 2300 4749 τῷ
2350 4680 2573 4752 Χριστῷ
2620 4682 2740 4734 κατ’
2796 4679 2954 4746 ἰδίαν,
3012 4679 3107 4733 καὶ
3138 4680 3219 4742 εἰς
3271 4679 3446 4750 ὄνομα
3496 4672 3648 4731 αὑτοῦ
3678 4667 3765 4734 ζῶα

524 4779 802 4837 rationum
850 4777 1203 4834 habitudines
1254 4791 1420 4848 posse
1468 4773 1763 4831 confundi.
1814 4772 1923 4828 Sed
1955 4774 2077 4846 long

2224 4771 2521 4843 ἀνεφέρετο
2545 4788 2559 4802 ·
2603 4769 2831 4826 πιθανὸν
2872 4770 2939 4826 ἄν
2978 4788 3063 4825 σοι
3107 4770 3396 4841 εὑρίσκετο
3424 4770 3486 4824 τὸ
3521 4769 3612 4839 τῆς
3642 4776 3766 4818 συκο-

521 4871 783 4943 opinione
814 4878 906 4926 tua
937 4870 1166 4926 falleris.
1202 4868 1419 4924 Etenim
1476 4867 1523 4924 si
1567 4874 1864 4938 postquam
1904 4864 2074 4920 Novul

2227 4865 2459 4936 φαντίας
2492 4864 2721 4935 ψεῦδοςο
2753 4865 2831 4928 ὡς
2859 4863 2969 4919 τῶν
3004 4863 3100 4918 νῦν
3133 4863 3256 4935 Θεῷ
3279 4864 3516 4918 θυόντων
3549 4861 3590 4923 ³.
3616 4850 3767 4911 τῶνδὲ

524 4963 939 5020 Testamentum
989 4962 1200 5017 illatum
1245 4969 1351 5026 est,
1402 4961 1658 5032 privatim
1688 4959 1910 5015 Christo
1938 4959 2077 5014 adhu

2224 4958 2349 5012 τότε
2397 4957 2675 5013 θυσάντων
2717 4959 2775 5011 ἐν
2817 4956 2896 5030 τῷ
2943 4956 3074 5030 ἱερῷ
3129 4957 3537 5029 Ἰεροσολύμων,
3574 4944 3766 5006 καὶτῶν

526 5055 924 5119 immolaretur,
958 5060 1013 5110 et
1054 5053 1109 5108 in
1136 5052 1258 5124 ejus
1292 5054 1515 5109 nomine
1547 5051 1878 5107 ollerrentur
1907 5050 2079 5105 anima

2228 5052 2343 5114 τοῖς
2380 5048 2622 5115 εἰδώλοις
2663 5050 2902 5105 θυόντων
2939 5050 3076 5123 ὁμοῦ
3116 5048 3557 5120 συναπτομένων,
3587 5043 3669 5098 καὶ
3699 5038 3767 5106 δηο

527 5147 620 5211 lia,
668 5146 1026 5217 probabiliter
1073 5145 1172 5200 abs
1210 5154 1264 5201 te
1315 5143 1754 5199 mendacissima:
1785 5142 1890 5198 illa:
1912 5142 2080 5196 calum

2234 5143 2596 5217 μοσιευόντων
2623 5143 2666 5210 ⁸,
2708 5145 2803 5198 καὶ
2839 5145 2961 5215 οὐχὶ
2991 5143 3131 5215 Θεῷ.
3176 5142 3419 5215 Μηδενὸς
3455 5140 3511 5194 δὲ
3551 5137 3768 5192 θύσαντος

530 5239 633 5294 nia:
661 5246 890 5311 repertae
919 5238 1263 5304 viderentur,
1296 5245 1357 5292 ut
1389 5249 1444 5293 et
1474 5237 1566 5308 qui
1599 5236 1701 5293 hoc
1730 5248 1975 5307 tempore
2008 5233 2083 5291 De

2230 5236 2345 5302 ζῶα
2379 5235 2605 5309 Χριστῷ
2635 5237 2743 5290 ἀπὸ
2768 5237 2869 5308 τῆς
2909 5236 3148 5308 Χριστοῦ
3191 5234 3455 5308 ἐνδημίας
3492 5219 3768 5311 καὶΚαινῆς

533 5308 930 5397 sacriﬁcarent,
966 5338 1023 5386 et
1058 5330 1164 5386 hoc
1192 5330 1324 5385 olim
1364 5328 1866 5401 llierosolymitano
1892 5328 1946 5382 in
1977 5336 2086 5383 tem

2231 5308 2528 5403 Διαθήδξης.
2564 5329 2780 5403 φανερὰ
2808 5331 2842 5401 ἡ
2886 5329 3040 5401 παρά
3082 5330 3166 5384 σοὶ
3207 5327 3512 5401 προσθήκη.
3543 5317 3675 5410 me
3699 5308 3768 5410 ξξὶ

532 5423 624 5490 pio
658 5421 917 5478 fecissent
943 5431 997 5478 et
1027 5422 1191 5479 idolis
1222 5422 1596 5488 immolarent,
1629 5422 1685 5477 in
1716 5436 1886 5476 unum
1919 5421 2085 5477 misce

2232 5399 2397 5488 φύσει
2434 5399 2616 5472 ἔκειτο
2646 5420 2680 5489 ἡ
2707 5399 2852 5485 λέξις
2870 5419 2928 5472 ἐν
3119 5399 3413 5484 Αποστόλῳ
3446 5409 3569 5482 περὶ
3602 5399 3768 5490 ἱεροθύξ

534 5518 726 5565 rentur
755 5526 969 5577 omnes,
998 5529 1063 5568 ac
1095 5514 1403 5579 daemoniis,
1454 5529 1565 5569 non
1606 5513 1718 5570 Deo
1752 5527 1909 5571 sacra
1943 5512 2087 5568 facer

2232 5484 2324 5564 του
2375 5510 2472 5564 καὶ
2502 5484 2881 5574 εἰδωλοθύτου,
2929 5484 3066 5582 ὁμοῦ
3102 5509 3161 5563 ἓν
3200 5510 3295 5563 καὶ
3324 5507 3384 5561 τὸ
3421 5502 3549 5560 αὐτὸ
3579 5484 3765 5568 ἓκρινε¹

534 5599 881 5655 dicerentur..
923 5600 1030 5658 Sed
1078 5618 1202 5659 cum
1248 5605 1508 5659 animalia
1556 5620 1717 5660 nemo
1749 5604 1968 5660 Christo
1999 5619 2087 5675 pos

2235 5603 2387 5675 παρὰ
2417 5605 2531 5667 τοῖς
2557 5601 2782 5671 εὔλογον
2811 5601 3083 5673 λογισμὸν,
3120 5598 3492 5671 κεκτημένοις,
3536 5595 3766 5675 scamilli?

534 5690 656 5758 ejus
696 5690 991 5746 adventum
1027 5707 1093 5747 ac
1142 5692 1353 5750 Novum
1388 5694 1805 5751 Testamentum
1836 5672 2087 5750 conditur

2238 5672 2438 5758 στέκῶς
2482 5693 2787 5765 λεγομένης
2835 5692 2937 5763 τῆς
2973 5691 3173 5757 λέξεως
3205 5691 3309 5744 ὑπὸ
3345 5686 3438 5742 τοῦ
3492 5672 3763 5741 Ἀποστόλῡυ

621 5868 692 5990 ἰ¹1
740 5865 873 5921 Cor.
928 5884 979 5933 x,
1028 5868 1114 5923 19.
1227 5871 1245 5901 '
1293 5871 1353 5926 F.
1410 5872 1501 5925 τοῦ
1550 5872 1707 5926 Θεοῦ.
1816 5875 1835 5904 ³
1875 5872 2000 5926 Var.
2048 5871 2171 5927 addi

638 5954 781 5990 νετο.

2206 5911 2243 5935 η
2283 5873 2502 5945 Χρίττῷ
2533 5872 2788 5929 θυόντων.
2871 5870 2950 5925 ⁸Γ
3007 5869 3304 5941 δαιμονίοις
3331 5864 3573 5919 θυόντων.
3665 5849 3684 5883 ⁵
3711 5839 3757 5899 Fr

547 5952 781 6008 κρίνετο.
