3934 6416
261 427 365 486 180

932 426 1304 484 ADVERSUR
1345 426 1687 485 HIERESES
1726 427 1855 481 LIB.
1899 426 1939 481 1.
1981 425 2144 483 TUM.
2178 426 2265 481 ιιι.
2307 455 2377 471 -
2416 424 2691 481 ΗΕΒΕΒ.
2732 424 2889 480 XLll.

3442 425 3555 481 790

258 547 346 602 διὰ
376 547 475 618 τὴν
502 546 611 601 τῶν
653 545 957 619 ἀνθρώπων
988 546 1300 619 συνήθειαν,
1333 547 1441 602 τῶν
1485 548 1576 602 ἀεὶ
1604 548 1665 601 τὸ
1693 547 1848 602 εἴδω-

1978 545 2278 625 mmoJarit,
2318 545 2451 601 illud
2477 553 2531 601 te
2552 545 2833 602 addidisse
2864 542 3223 600 manifestum
3259 550 3364 600 est.
3395 541 3552 610 Quod

259 639 349 692 λον
379 637 525 710 ίερὸν
554 635 888 691 καλούντων.

1958 638 2086 694 licet
2126 640 2230 694 ista
2274 638 2465 706 dictio,
2483 639 2557 692 ita
2612 644 2672 692 ut
2713 636 2990 707 concipis,
3016 636 3084 691 ab
3108 636 3376 707 Apostoto
3404 643 3555 718 esset

258 743 541 800 expressa,
570 737 734 799 atque
768 728 1040 801 ἱερόθυτον
1106 728 1176 784 ad
1222 729 1571 784 εἰδωλόθυτον
1602 806 1609 811 ἡ
1641 728 1861 800 adjunx‘

1972 736 2016 795 t,
2071 743 2243 783 unum
2320 736 2502 783 tamen
2540 729 2794 797 idemque
2833 741 2958 782 esse
3028 725 3343 796 judicarent
3381 726 3417 781 ii
3460 723 3554 797 qul

259 820 492 875 rationis
540 821 822 891 paululum
865 820 1284 878 hatierentzsic
1343 829 1404 877 ιιι
1481 821 1746 878 abusione
1804 820 2045 891 quadam
2113 822 2269 876 vocis
2342 820 2477 875 illud
2518 834 2816 891 usurpasse
2865 818 3185 875 crederetur
3231 814 3553 890 Apostolus,

256 916 403 987 quod
430 916 685 971 homines
716 916 921 971 idolum
956 917 1123 989 ἱερόν,
1160 917 1265 973 hoc
1295 924 1382 974 est
1420 933 1663 983 sacrum,
1705 918 1982 989 appellare
2010 916 2207 973 solent.

331 1012 444 1065 Καὶ
485 1011 761 1083 πανταχοῦ
789 1012 1006 1067 διέπεσέ
1046 1030 1141 1067 σου
1172 1014 1206 1085 ἡ
1246 1013 1587 1086 ψευδηγόρος
1626 1013 1858 1079 διάνοια,

259 1104 677 1174 ἀποδειχθείσης
701 1103 804 1174 τῆς
836 1104 1128 1175 ἀληθείας·
1162 1106 1245 1159 ὅτι
1272 1106 1321 1159 οἱ
1349 1104 1567 1169 θύοντες
1596 1104 1859 1169 εἰδώλοις,

260 1198 379 1268 ἦτοι
419 1196 559 1250 κατὰ
604 1196 694 1249 τὸν
728 1197 909 1251 αὐτῶν
944 1196 1105 1266 λόγον
1141 1196 1415 1269 ἱερόθυτον
1459 1196 1488 1250 ὃ
1537 1197 1757 1251 ἐποίουν
1824 1197 1857 1269 ἢ

265 1284 504 1351 ποιοῦσι,
539 1285 736 1355 ψεῦδος
769 1285 1151 1358 ἐργαζόμενοι,
1190 1286 1491 1357 δαιμονίοις
1529 1282 1737 1350 θύουσι,
1765 1286 1863 1340 καὶ

258 1381 383 1451 οὐχὶ
411 1368 657 1455 Χριστῷ.
700 1380 839 1435 Ἀλλ’
878 1381 983 1452 οὐχ
1029 1382 1084 1435 οῖ
1127 1399 1257 1435 ποτε
1296 1381 1440 1436 κατά
1469 1382 1634 1452 νόμον
1671 1380 1866 1435 θύσαν-

261 1490 351 1537 τες
412 1472 751 1529 δικαιότατα.
794 1470 906 1527 Νῦν
958 1472 1018 1526 δὲ
1061 1472 1253 1526 τούτου
1287 1474 1486 1546 μηκέτι
1539 1473 1859 1544 γενομένου,

259 1563 432 1618 αὐτοῦ
459 1564 705 1627 θέλοντος
728 1582 742 1595 ·
772 1565 848 1628 ὡς
879 1564 1112 1618 καὶλάπὸ
1143 1563 1252 1618 τῶν
1275 1563 1538 1618 ἀνέκαθεν
1572 1562 1659 1617 διὰ
1699 1564 1864 1635 Ἰερε-

263 1655 388 1727 μίου
419 1654 513 1710 τοῦ
545 1657 830 1727 προφήτου
860 1655 1047 1725 ἔλεγεν
1066 1672 1081 1686 ·
1130 1657 1263 1711 Ἵνα
1303 1656 1360 1710 τί
1381 1673 1483 1726 μοι
1511 1657 1764 1709 λίϐανον
1792 1655 1863 1708 ἐκ

261 1747 425 1803 Σαϐᾶ
473 1749 696 1817 φέρεις,
730 1749 829 1803 καὶ
881 1749 1226 1819 κινάμωμον
1268 1749 1335 1802 ἐκ
1379 1747 1491 1819 γῆς
1528 1749 1865 1818 μακρόθεν;

2037 1014 2307 1081 Quocirca
2358 1012 2494 1069 falsa
2544 1014 2635 1068 iita
2668 1024 2759 1069 tua
2812 1014 2954 1070 ratio
3000 1013 3266 1079 concidit,
3325 1027 3452 1068 cum
3506 1023 3558 1066 ιιι

1970 1108 2256 1163 verissime
2303 1107 2376 1162 sit
2422 1106 2799 1177 patefactum,
2865 1108 2959 1179 qui
3028 1108 3193 1164 idolis
3243 1107 3555 1169 immotam,

1963 1197 2112 1268 quod
2163 1197 2440 1268 ἱερόθυτον
2476 1198 2567 1255 isti
2603 1209 2823 1262 vocant,
2857 1199 3065 1270 quique
3095 1199 3201 1255 hoc
3235 1215 3295 1255 se
3330 1196 3558 1253 menda-

1921 1310 1926 1315 ·
1964 1292 2052 1346 cio
2080 1292 2353 1363 obstringi
2387 1292 2533 1363 passi
2560 1299 2711 1354 sunt,
2761 1300 2856 1346 aut
2891 1292 3072 1346 adhuc
3102 1292 3407 1362 patiuntur,
3445 1292 3557 1346 da:-

1965 1384 2166 1439 moniis
2210 1383 2517 1448 immolare,
2546 1398 2656 1438 non
2685 1382 2928 1438 Christo.
2956 1383 3112 1450 Quod
3143 1384 3362 1454 quidem
3398 1385 3560 1454 longe

1965 1474 2038 1529 ab
2063 1474 2174 1529 illis
2207 1474 2398 1530 aberat
2454 1477 2548 1544 qui
2591 1489 2658 1530 ex
2705 1473 2825 1545 lege
2863 1479 2978 1529 tum
3011 1474 3320 1545 iustissime
3343 1476 3557 1531 sacriﬁ-

1966 1564 2187 1621 cabant.
2245 1564 2401 1631 Quod
2462 1564 2645 1635 ipsum
2690 1573 2874 1622 tamen
2931 1566 3125 1622 eodem
3175 1566 3395 1623 volente
3443 1567 3559 1622 ﬁeri

1967 1654 2176 1711 desiit:
2209 1655 2674 1725 quemadmodum
2738 1657 2852 1728 jam
2918 1657 3049 1712 olim
3097 1672 3195 1729 per
3238 1658 3558 1728 prophetam

1964 1742 2257 1801 Jeremiam
2281 1745 2607 1801 vaticinatus
2630 1755 2746 1801 est.
2774 1745 2842 1802 Ut
2874 1747 3001 1817 quid
3032 1748 3158 1802 mihi
3188 1751 3305 1802 tltus
3327 1748 3392 1802 de
3417 1746 3561 1803 Saba

261 1840 359 1893 καὶ
396 1840 590 1894 πάλιν·
620 1845 687 1895 Al
727 1842 932 1896 θυσίαι
970 1856 1086 1895 σου
1129 1843 1243 1910 οὐχ
1294 1839 1533 1909 ἥδσιινιῐν
1573 1858 1714 1909 μοι·
1758 1839 1853 1893 καὶ

1971 1836 2140 1905 ιΙῙενε,
2187 1845 2239 1890 et
2292 1836 2649 1891 rinamomum
2695 1836 2761 1889 de
2816 1846 2960 1892 terra
2991 1838 3275 1909 longinqua
3299 1839 3359 1892 ’ἲ
3386 1838 3557 1894 Item:

262 1933 486 1986 ἄλλοτε·
525 1929 703 2002 τΑρόν
732 1949 849 1989 σου
882 1935 989 2001 τὰς
1022 1935 1261 2000 θυσίας,
1301 1932 1572 2003 Ἰσραὴλ,
1607 1934 1706 1987 καὶ
1741 1931 1855 2002 φά-

263 2042 398 2095 γετε
443 2027 606 2093 κρέα.
658 2027 743 2080 Οὐ
781 2026 892 2095 γὰρ
947 2024 1341 2096 ἐνετειλάμην
1388 2024 1512 2091 τοῖς
1560 2023 1859 2093 πατράσιν

260 2113 431 2185 ὑμῶν
476 2115 547 2168 ἐν
589 2115 780 2185 ἡμέρᾳ
827 2116 1269 2186 ἐπιλαϐομένου
1347 2133 1466 2185 μου
1506 2112 1616 2183 τῆς
1661 2114 1859 2184 χειρὸς

260 2207 482 2273 αὐτῶν,
527 2208 843 2279 ἐξαγαγεῖν
871 2210 1096 2275 αὐτοὺς
1131 2210 1198 2263 ἐκ
1224 2209 1338 2278 γῆς
1370 2208 1691 2279 Αἰγύπτου,
1726 2204 1861 2273 περὶ

260 2299 526 2356 θυσιῶν·
576 2302 736 2359 ἀλλὰ
784 2303 961 2357 τοῦτο
1016 2301 1408 2372 ἐνετειλάμην
1455 2299 1680 2365 αὐτοῖς,
1724 2299 1861 2353 ἕκα-

261 2408 416 2445 στον
439 2392 634 2446 ποιεῖν
664 2392 1067 2461 δικαιοσύνην
1105 2393 1257 2461 πρὸς
1302 2393 1404 2446 τὸν
1432 2393 1723 2460 πλησίον.
1756 2391 1863 2444 Αὑ-

260 2485 357 2538 τοῦ
392 2484 450 2538 δὲ
488 2484 763 2554 λέγοντος,
806 2486 887 2539 ὅτι
939 2488 1062 2539 Οὐκ
1106 2484 1522 2554 ἐνετειλάμην,
1556 2486 1646 2538 καὶ
1695 2481 1859 2538 αὑτοῦ

260 2581 322 2632 ἐν
353 2578 430 2649 τῷ
457 2579 607 2649 νόμῳ
642 2579 891 2646 λέγοντος
927 2578 1005 2649 τῷ
1036 2580 1267 2650 Μωΰσῇ,
1300 2578 1381 2631 ὅτι
1408 2578 1704 2644 Ἕκαστος
1744 2575 1863 2629 τῶν

262 2670 412 2726 υἱῶν
472 2670 734 2739 Ἰσραὴλ,
766 2671 875 2725 ἐὰν
915 2672 1294 2740 προσενέγκῃ
1336 2672 1560 2726 θυσίαν
1587 2672 1655 2725 ἐκ
1694 2667 1865 2733 βοῶν

260 2764 300 2831 ἢ
356 2763 689 2831 προϐάτων,
743 2763 935 2832 ἄρσεν
983 2763 1228 2833 ἄμωμον
1279 2762 1664 2832 προσφερέτω
1698 2778 1710 2791 ·
1770 2761 1864 2814 καὶ

265 2856 462 2909 πάλιν·
516 2854 661 2910 Ἐάν
718 2873 809 2921 τις
866 2855 1125 2925 ἁμάρτῃ,
1174 2855 1274 2909 καὶ
1325 2853 1568 2925 γένηται
1624 2854 1696 2908 ἕν
1747 2870 1865 2907 τινι

260 2950 666 3018 πλημμελείᾳ,
722 2948 1075 3017 προσαγάγῃ
1128 2949 1461 3015 πρόϐατον·
1518 2948 1613 3000 καὶ
1665 2946 1860 3000 πάλιν·

276 3044 421 3098 Ἐὰν
450 3043 682 3114 ἁμάρτῃ
718 3048 750 3098 ό
780 3043 951 3109 λαὸς,
986 3041 1361 3112 προσενέγκῃ
1387 3044 1662 3111 μόσχον·
1698 3038 1863 3103 ἔδειξε

263 3135 368 3207 μὲν
410 3135 826 3206 εὐπροσδέκτως
864 3134 1025 3188 αὐτὸν
1058 3134 1384 3204 κομίζεσθαι
1424 3133 1524 3196 τὰς
1569 3131 1711 3203 ὑπὲρ
1760 3147 1867 3184 σω-

259 3227 458 3299 τηρίας
487 3227 581 3281 τοῦ
633 3225 764 3280 λαοῦ
790 3243 922 3279 ποτε
954 3225 1302 3290 τελεσθείσας
1348 3224 1541 3286 θυσίας
1560 3234 1577 3251 ⁶
1626 3224 1728 3276 οὐκ
1758 3220 1860 3274 αὐ-

259 3319 361 3372 τοῦ
408 3319 761 3389 ἔπιδεομένου
802 3318 1029 3379 τούτων,
1058 3317 1178 3371 οὐδὲ
1213 3317 1462 3379 θέλοντος
1491 3314 1683 3380 ταῦτα,
1728 3312 1867 3367 ἀλλὰ

263 3412 791 3480 συγωταὸαίνοντος
814 3409 995 3464 αὐτῶν
1019 3413 1086 3482 τῇ
1113 3409 1393 3481 ἀσθενείᾳ,
1425 3409 1521 3462 καὶ
1546 3409 1612 3478 τῇ
1643 3407 1745 3478 τῆς
1773 3407 1867 3459 ἀν-

262 3504 620 3575 θρωπὸτητος
666 3503 966 3576 προλήψει·
1012 3502 1101 3555 ἵνα
1150 3501 1259 3556 ἀπὸ
1304 3505 1406 3573 τῆς
1457 3500 1750 3562 πολυθεῇις
1780 3501 1863 3564 είς

259 3596 363 3666 τὴν
409 3594 504 3649 τοῦ
535 3596 663 3666 περὶ
699 3595 818 3659 ἑνὸς
854 3593 989 3648 Θεοῦ
1024 3592 1224 3662 γνῶσιν
1275 3593 1577 3665 μετενέγκῃ
1625 3593 1725 3665 τὴν
1754 3592 1864 3645 τῶν

260 3688 362 3743 ἀνθ
373 3687 569 3760 ρώπων
598 3687 857 3742 διάνοιαν.

347 3780 565 3850 Ἐπειδὴ
600 3779 709 3851 γὰρ
744 3780 981 3852 ἰσχυρῶς
1008 3778 1399 3850 ἐτεθεμελίωτο
1438 3781 1472 3850 ἡ
1516 3778 1724 3833 διάνοια
1764 3779 1865 3833 αὐε-

260 3873 375 3925 τῶν
404 3873 460 3925 ἒν
489 3875 557 3943 τῇ
586 3870 772 3944 θυσίᾳ,
798 3872 874 3936 ὡς
903 3870 1158 3943 εὐσεϐείᾳ
1195 3873 1259 3942 τῇ
1296 3870 1438 3942 ὑπὲρ
1469 3870 1719 3941 ἱλασμῶν
1737 3872 1865 3923 ἐαυ-

260 3964 374 4017 τῶν
414 3964 510 4017 καὶ
560 3964 836 4035 σωτηρίας
884 3962 1124 4025 εἰδώλοις
1184 3962 1611 4035 προσφερομένῃ
1682 3964 1761 4024 εἰς
1810 3961 1867 4014 δὲ

260 4057 321 4109 τὸ
353 4054 429 4127 μὴ
460 4054 607 4119 ἅπαξ
633 4055 743 4126 (82)
775 4054 1027 4125 χαλεπῶς
1062 4054 1218 4127 φέρει
1253 4056 1296 4120 ³,
1330 4053 1417 4107 διὰ
1448 4053 1547 4123 τὴν
1579 4052 1867 4124 συνήθειαν

258 4145 357 4208 τοῦ
387 4145 750 4217 ἀποστρέψαι,
785 4144 945 4197 τοῦτο
977 4145 1290 4209 ποιεῖν’ἓως
1325 4143 1521 4215 καιροῦ
1548 4146 1628 4206 εἰς
1673 4144 1864 4215 ὄνομα,

258 4237 372 4290 ἀπὸ
418 4237 522 4308 τῆς
575 4236 838 4291 πολυθέου
897 4236 1199 4306 φαντασίας
1249 4235 1494 4308 ἠθέλησα
1528 4237 1571 4268 ¹¹
1625 4236 1695 4289 τὰ
1741 4235 1864 4289 κατ’

259 4330 384 4392 ἔτος
410 4330 593 4393 αὐτοῖς
619 4330 883 4400 γινόμενα
917 4330 999 4393 είς
1024 4328 1116 4382 τὸν
1151 4327 1513 4399 μεταλλάξαι·
1548 4328 1638 4382 ἵνα
1676 4326 1865 4382 λοιπὸν

259 4421 484 4490 γνόντες
513 4421 602 4474 τὸν
635 4420 755 4483 ἕνα,
785 4423 880 4474 καὶ
926 4420 1318 4483 πιστεύσαντες
1372 4418 1633 4488 ἀσφαλῶς
1675 4419 1754 4490 τῷ
1786 4420 1865 4473 ἐνὶ

1968 1929 2214 1984 Victima:
2248 1938 2353 1984 tua:
2383 1948 2482 1983 non
2520 1931 2834 1999 placuerunt
2871 1932 3002 1985 mihi
3033 1932 3074 1985 ³.
3102 1932 3268 2004 360
3300 1932 3363 1986 Et
3392 1933 3558 1987 alibi:

1966 2021 2111 2076 Tolle
2138 2022 2381 2076 victimas
2402 2032 2546 2085 tuas,
2574 2022 2775 2088 Israel,
2823 2033 2872 2078 et
2900 2026 3156 2080 comedite
3184 2042 3393 2079 carnes.
3426 2024 3557 2079 Non

1961 2118 2095 2171 enim
2128 2118 2351 2187 μητερρὶ
2389 2117 2632 2184 patribus
2664 2117 2845 2170 vestris
2874 2119 2926 2170 in
2959 2118 3044 2170 die
3103 2133 3209 2180 qua
3238 2116 3559 2187 apprehendi

1965 2225 2184 2262 niauum
2211 2225 2417 2271 eorum,
2452 2219 2508 2261 ut
2529 2209 2803 2262 educerem
2830 2224 2919 2263 eos
2953 2209 3023 2263 de
3041 2219 3186 2263 terra
3224 2206 3466 2279 Aigypti,
3497 2209 3563 2262 de

1964 2302 2225 2365 victimis;
2252 2300 2345 2355 sed
2367 2301 2462 2356 hoc
2492 2302 2717 2371 praecepi
2739 2301 2874 2367 illis,
2907 2316 3332 2369 unumquemque
3386 2300 3563 2369 facere

1955 2395 2231 2465 justitiam
2288 2411 2407 2449 cum
2450 2396 2695 2464 proximo
2737 2410 2833 2449 suo
2871 2394 2921 2450 ⁸.
2980 2393 3118 2449 Cum
3170 2394 3337 2464 igitur
3384 2393 3559 2449 dicit:

1968 2474 2092 2541 Non
2120 2490 2345 2559 prwcepi
2376 2489 2533 2555 illis;
2595 2497 2649 2544 et
2701 2488 2843 2543 idem
2891 2497 3072 2544 tamen
3121 2489 3176 2542 in
3226 2488 3342 2558 tege
3390 2486 3566 2559 Moysi

1969 2581 2255 2651 praecipit:
2288 2580 2519 2646 Quilibet
2563 2582 2799 2651 ﬁliorum
2845 2580 3042 2643 Israel,
3079 2581 3126 2635 si
3178 2581 3561 2650 oﬂeratsacrio

1968 2673 2148 2742 [icium
2178 2674 2241 2728 de
2268 2674 2428 2727 bobus
2455 2684 2547 2726 aut
2578 2673 2780 2737 ovibus,
2815 2673 3115 2727 masculum
3144 2662 3563 2727 zmma'culatum

1969 2765 2159 2835 oﬂ'erat
2184 2766 2226 2819 ⁵.
2259 2764 2339 2821 Ac
2374 2780 2636 2821 rursum:
2671 2762 2733 2818 Si
2760 2764 2877 2834 quis
2914 2764 3225 2832 peccaverit,
3264 2772 3321 2817 et
3362 2764 3415 2817 in
3461 2763 3566 2816 ali-

1966 2875 2070 2928 quo
2114 2858 2383 2911 inventum
2406 2867 2483 2912 est
2514 2855 2790 2923 delictum,
2822 2857 3001 2926 o/feret
3032 2873 3247 2928 agnum.
3291 2857 3419 2912 Item
3452 2875 3466 2911 :
3504 2855 3565 2911 Si

1970 2950 2263 3021 peccaverit
2320 2949 2570 3020 populus,
2631 2949 2812 3018 offeret
2863 2949 3133 3003 vitulum:
3167 2949 3259 3004 his
3307 2948 3564 3004 omnibus

1972 3049 2126 3112 grata
2162 3041 2265 3095 sibi
2308 3040 2483 3096 fuisse
2516 3040 2791 3096 sacrilicia
2827 3039 3092 3105 declarat,
3144 3054 3267 3111 qua:
3318 3048 3430 3093 tum
3462 3053 3566 3110 pro

1973 3138 2151 3192 salute
2175 3134 2362 3206 populi
2394 3135 2561 3191 istius
2584 3135 2772 3189 oblata
2804 3143 2934 3189 sunt
2964 3154 2976 3189 :
3013 3149 3125 3189 non
3163 3135 3309 3205 quod
3344 3135 3451 3190 illis
3480 3136 3566 3188 in-

1971 3230 2206 3301 digeret,
2237 3236 2332 3283 aut
2358 3228 2654 3283 admodum
2688 3236 2931 3299 cuperet,
2975 3226 3070 3281 sed
3101 3233 3163 3281 ut
3191 3227 3257 3281 ad
3288 3240 3477 3281 eorum
3506 3241 3569 3280 se

1969 3322 2400 3377 imbecillitatem
2435 3329 2490 3377 et
2532 3321 2887 3391 anticipatam
2922 3319 3177 3373 humana:
3212 3317 3412 3372 mentis
3446 3317 3566 3388 cpi-

1967 3414 2185 3469 nionem
2250 3411 2716 3475 accommodaret,
2790 3419 2955 3480 atque
3006 3416 3066 3463 ut
3118 3424 3148 3463 a
3202 3409 3563 3480 plurimorum

1975 3505 2128 3559 cultu
2183 3505 2470 3558 numinum
2504 3504 2572 3560 ad
2608 3504 2777 3559 unius
2805 3502 2902 3558 Dei
2938 3502 3305 3573 cognitionem
3344 3501 3573 3556 illorum

1977 3600 2194 3655 animos
2228 3598 2566 3654 traduceret.

2047 3775 2258 3831 Etenim
2299 3776 2561 3848 quoniam
2603 3777 2657 3832 in
2702 3776 2995 3834 sacriﬁciis
3038 3776 3391 3832 vehementer
3417 3774 3575 3846 ipso--

1969 3883 2091 3922 rum
2128 3868 2305 3925 deﬁxa
2332 3885 2496 3959 \mens
2524 3878 2661 3935 erat,
2693 3877 2956 3941 tanquam
2988 3870 3211 3940 pietatis
3238 3870 3356 3925 haec
3381 3874 3565 3924 essent

1973 3959 2171 4023 olIicia,
2226 3974 2347 4029 quae
2395 3958 2557 4015 idolis
2610 3976 2711 4030 pro
2764 3960 3077 4030 expiatione
3124 3975 3223 4015 sua
3276 3974 3340 4014 ac
3390 3959 3565 4015 salute

1969 4056 2331 4117 praestarent,
2368 4048 2535 4102 simul
2566 4063 2637 4103 ne
2666 4049 2737 4103 ob
2762 4050 3223 4104 consuetudinem
3252 4049 3563 4120 extorqueri

1970 4139 2156 4223 subito
2204 4139 2309 4195 sibi
2346 4139 2453 4195 ista
2486 4140 2675 4195 omnia
2722 4142 3011 4197 molestius
3065 4141 3309 4210 ferrent;
3362 4159 3462 4199 suo
3504 4144 3561 4199 in

1971 4230 2193 4285 nomine
2233 4229 2349 4285 ﬁeri
2396 4231 2504 4286 ista
2555 4231 2840 4303 aliquanto
2885 4240 3133 4305 tempore
3160 4235 3353 4300 voluit,
3383 4251 3494 4306 quo
3528 4252 3561 4291 a

1969 4321 2209 4391 plurium
2259 4321 2488 4377 deorum
2532 4323 2684 4379 inani
2721 4326 2872 4381 cultu
2901 4340 3114 4383 annuas
3150 4326 3272 4383 illas
3305 4343 3563 4385 caeremo-

1969 4414 2091 4470 nias
2144 4414 2212 4470 ad
2262 4415 2589 4487 obsequium
2641 4433 2802 4473 suum
2857 4419 3267 4477 transferrent:
3303 4431 3471 4493 atque
3502 4431 3564 4477 ut

261 4516 396 4589 παρ’
427 4512 594 4567 αὐτοῦ
622 4513 979 4585 ἀκούσωμεν·
1013 4512 1112 4581 Μὴ
1145 4512 1408 4583 φάγομαι
1438 4510 1581 4579 κρέα
1604 4513 1860 4581 ταύρων,

1972 4523 2083 4561 uno
2127 4506 2347 4562 demum
2383 4510 2608 4580 cognito
2642 4510 2774 4576 Deo,
2809 4512 3284 4585 corroborataque
3318 4514 3371 4569 in
3406 4515 3561 4570 illum

260 4606 299 4673 ἢ
360 4600 504 4673 αἷμα
554 4603 783 4675 τράγων
818 4605 1062 4674 πίομιιι;
1108 4601 1348 4672 καὶ,“Μὴ
1403 4602 1862 4671 τεσσαράκοντα

259 4700 367 4763 ἐτη
410 4698 631 4750 θυσίαν
685 4695 1142 4766 προσηνέγκατέ
1175 4713 1275 4766 μοι
1326 4697 1396 4751 ἐν
1428 4694 1651 4765 ἐρήμῳ,
1695 4691 1859 4762 οἶκος

273 4787 524 4856 Ἰσραήλ
547 4806 564 4854 ;

330 5057 593 5123 Καίτοιγε
626 5056 843 5109 πολλῶν
910 5056 1119 5111 θυσιῶν
1180 5058 1303 5111 τότε
1374 5059 1857 5129 προσενεχθεισῶν

259 5150 409 5221 ξ85),
470 5149 557 5203 ἵνα
613 5148 792 5221 δείξῃ.
850 5150 931 5202 ὅτι
984 5150 1085 5202 οὐκ
1142 5150 1291 5220 αὐτῷ
1324 5151 1683 5223 προσέφερον.
1719 5154 1854 5207 Καί-

352 5310 370 5339 ¹
395 5305 524 5382 (lor.
553 5304 781 5382 φέρειν.⁸
826 5306 990 5362 “Pro
1025 5307 1291 5382 ῂθέλησα,
1325 5309 1430 5378 leg.
1462 5310 1714 5382 ἠθέλησε.
1790 5313 1811 5344 ²
1840 5310 1861 5365 l

1985 5327 2060 5375 vr,
2097 5312 2187 5369 20.
2265 5312 2285 5343 ³
2313 5312 2443 5367 ibid.

261 5394 403 5446 ml,
438 5377 524 5433 l9.
569 5375 634 5409 ⁷⁸⁷
659 5375 805 5433 Psal.
837 5394 989 5444 xux,
1022 5375 1105 5433 15.
1183 5375 1202 5409 ⁷
1238 5375 1409 5434 Aunus
1443 5375 1496 5445 ν,
1520 5382 1610 5435 25.

337 5564 447 5633 (82)
471 5566 576 5630 Εἰς
610 5562 678 5615 δὲ
703 5563 771 5616 τὸ
794 5562 880 5633 μὴ
910 5562 1095 5628 ἅπαξ.
1127 5563 1332 5618 Vitium
1366 5564 1532 5633 hujus
1556 5565 1657 5620 loci
1694 5582 1857 5623 nemo

260 5651 377 5689 nm:
420 5634 584 5687 videt.
636 5633 792 5699 Quod
819 5648 943 5704 iego
988 5649 1053 5688 ex
1102 5635 1423 5704 trajectione
1467 5651 1663 5691 vocum
1713 5637 1852 5693 irre-

259 5706 447 5775 psisse
492 5706 764 5775 suspicor.
816 5702 952 5758 Vide
992 5702 1338 5775 igitur—num
1385 5706 1461 5760 ita
1514 5709 1849 5763 conformari

255 5773 601 5849 iteiteatZEic;
637 5773 698 5849 δε
721 5774 781 5825 τὸ
811 5774 887 5844 μὴ
922 5773 1070 5849 ᾇπαξ
1108 5775 1359 5849 χαλεπῶς
1397 5775 1604 5849 φέρειν,
1634 5778 1724 5831 διὰ
1758 5779 1856 5847 τὴν

262 5845 583 5915 συνήθειαν,
611 5844 769 5897 τοῦτο
800 5846 973 5899 ποιεῖν
1006 5844 1338 5917 ἓιιιςκαιροῦ
1374 5849 1449 5912 εἰς
1470 5844 1659 5919 ’ὄνομα
1692 5844 1856 5902 αὐτοῦ

1972 4599 2075 4654 [ide
2121 4608 2336 4668 nostra,
2389 4600 2653 4675 deinceps
2695 4604 2765 4659 ab
2806 4604 2998 4660 eodem
3036 4606 3369 4664 audiamus:
3408 4607 3564 4662 Nun-

1966 4690 2095 4762 quid
2150 4693 2487 4749 manducabo
2540 4711 2728 4751 carnes
2776 4706 3081 4765 taurorum,
3128 4709 3220 4753 aut
3250 4702 3563 4771 sanguinem

1966 4784 2231 4839 hircorum
2259 4786 2454 4854 potabo
2477 4788 2538 4841 ‘?
2566 4789 2701 4843 Item
2731 4807 2744 4843 :
2780 4788 3040 4860 Nunquid
3078 4790 3438 4865 quadraginta
3468 4810 3563 4847 an-

1967 4878 2046 4931 uis
2100 4878 2435 4948 sacriﬁcium
2487 4881 2753 4938 obtulistis
2812 4884 2946 4937 milti
2988 4885 3042 4937 in
3074 4884 3322 4957 desertoJ
3371 4886 3562 4941 domus

1967 4968 2217 5023 Israel"?

2034 5058 2360 5129 Quanquam
2412 5063 2623 5119 inﬁnita
2658 5064 2771 5135 jam
2822 5074 2981 5122 erant
3032 5067 3216 5121 oblata
3254 5067 3558 5136 sacrificia;

1963 5155 2058 5209 sed
2088 5163 2145 5209 ut
2172 5156 2489 5213 Ostenderet
2510 5158 2612 5213 sibi
2644 5158 2761 5214 haec
2791 5159 2973 5215 oblata
3008 5176 3117 5216 non
3155 5158 3329 5218 fuisse
3360 5177 3374 5213 τ
3416 5168 3559 5215 tam-

2542 5313 2562 5344 ⁸
2587 5311 2786 5369 Jercm.
2822 5330 2972 5380 χχιιι,
3002 5315 3071 5370 52
3098 5332 3220 5387 sqq.
3322 5317 3345 5350 ⁵
3374 5315 3550 5377 chit.

1961 5568 2232 5641 ἠθέλησε,
2264 5566 2357 5641 τοῦ
2384 5567 2726 5641 ἀποστρέψαι
2902 5567 3001 5640 τῆς
3035 5569 3300 5641 πολυθέου
3345 5589 3553 5641 φαντα-

1938 5636 2246 5713 σίας-Ἀκοῇ
2289 5636 2357 5691 τὰ
2394 5639 2515 5712 κατ’
2559 5636 2678 5702 ἔτος
2710 5639 2895 5703 αὐτοῖς
2930 5636 3195 5713 γινόμενα
3236 5643 3316 5708 εἰς
3357 5636 3552 5697 ἒαυτὸν

2005 5708 2292 5763 εταλλάΞαι
2303 5750 2315 5763 .

2005 5727 2315 5763 εταΑΑα·αι.

1963 5727 2002 5779 μ
2044 5747 2763 5851 (85)-ἦιιοῖοιγελπολλῶν
2805 5781 3033 5835 θυσιῶν
3079 5782 3213 5837 τότε
3265 5796 3552 5851 προσενε-

1970 5849 2253 5919 χίπιιίνᾱηκ
2292 5848 2428 5906 Tom
2464 5849 2553 5906 illo
2595 5851 2803 5921 spatio.
2833 5868 2943 5923 quo
2987 5848 3551 5910 indescrtotsmctitm
