3934 6444
499 439 589 497 19!

1877 436 1937 493 S.
1979 432 2319 490 EPIPHANII

3637 440 3718 497 79'!

497 561 601 618 etsl
641 566 696 617 et
737 562 1010 632 acciperet
1053 559 1190 631 ipse,
1223 560 1357 616 etin
1391 561 1612 616 nomine
1640 560 1761 630 ejus
1788 556 2069 625 ollarrent.

2204 576 2325 629 ὀιγε
2357 558 2522 613 αὐτοῦ
2581 559 2894 631 δεχομένου,
2941 560 3035 613 καὶ
3071 561 3150 623 είς
3177 559 3347 630 ὄνομα
3378 556 3536 613 αὐτοῦ
3570 558 3720 615 αὐτῶν

499 651 655 718 Quod
695 650 915 720 quidem
963 650 1053 706 ob’
1083 651 1440 707 inveteratam
1481 648 1792 707 istiusmodi
1825 650 1881 705 in
1911 649 2077 705 rebus

500 744 719 798 illorum
766 739 1222 796 consuetudinem
1267 748 1352 797 est
1402 740 1630 806 factum,
1680 742 1859 797 donec
1887 742 2077 811 aplu-

501 836 639 888 r'rum
684 835 912 889 deorum
946 848 1051 888 usu
1082 834 1345 904 paulatim
1392 834 1451 890 in
1498 834 1663 891 unius
1696 835 1878 890 cultus
1906 832 2081 889 refor-

502 930 677 978 iratos
700 923 1059 995 perduceret;
1088 930 1144 979 et
1174 924 1243 979 ab
1272 924 1368 980 illo
1398 923 1658 996 deinceps
1690 924 2076 995 intelligerent,

503 1015 633 1070 nihil
701 1016 846 1069 hunc
897 1014 1170 1084 ejusmodi
1216 1014 1418 1071 ritibus
1465 1030 1607 1085 opus
1658 1014 1942 1078 habuisse,
1983 1029 2081 1069 nec

502 1107 702 1162 habere
733 1125 745 1160 :
780 1114 946 1176 atque
996 1105 1072 1160 ita
1113 1105 1334 1161 demum
1382 1121 1479 1176 per
1518 1105 1723 1162 Christi
1758 1105 1843 1161 sui
1881 1104 2084 1160 adven-

500 1207 639 1263 tum,
690 1207 863 1253 totum
911 1198 1045 1253 illud
1086 1198 1482 1255 sacriﬁciorum
1544 1197 1822 1268 negotium
1852 1197 2084 1253 circum.

502 1291 770 1346 scriberet
800 1309 812 1345 :
846 1300 1137 1361 postquam
1185 1291 1409 1346 unicum
1452 1305 1519 1345 ac
1562 1290 1839 1360 singulare
1878 1287 2087 1345 sacriﬁ~

501 1383 652 1439 cium
707 1383 1090 1438 antecedentia
1151 1383 1336 1438 omnia
1384 1390 1865 1449 consummasset;
1928 1382 2078 1437 nimi-

507 1492 628 1532 rum
691 1475 898 1532 Christi
953 1475 1308 1532 sacriﬁcium.
1358 1475 1663 1543 Quoniam,
1710 1482 1771 1528 ut
1816 1474 2084 1545 scriptum

506 1579 610 1632 est,
664 1567 873 1622 Pascha
905 1578 1143 1622 nostrum
1173 1566 1479 1621 immolatus
1507 1575 1584 1621 est
1609 1564 1853 1620 Christus
1884 1565 1926 1620 ³.
1967 1563 2083 1618 llu-

509 1662 596 1728 ius
619 1676 780 1730 porro
808 1659 1091 1724 sacriﬁcii,
1136 1668 1192 1715 et
1236 1658 1547 1722 Paschalis.
1603 1667 1658 1715 et
1688 1658 1958 1714 doctrinae
1980 1672 2082 1728 pae-

508 1752 754 1822 dagogus
784 1750 870 1805 lex
900 1749 1020 1814 fuit,
1053 1750 1211 1821 361
1263 1765 1386 1820 quae
1424 1764 1520 1820 per
1555 1748 1851 1820 ﬁgurarum
1894 1748 2088 1803 adum-

513 1844 793 1899 lrationes
821 1843 1138 1910 deduceret,
1170 1850 1224 1897 et
1265 1841 1332 1896 ad
1374 1841 1523 1897 aliud
1569 1839 1873 1911 disciplinae
1914 1854 2087 1912 genus

509 1934 809 1990 conferret.

584 2024 765 2081 Schol.
800 2026 858 2080 11
896 2031 950 2081 et
988 2026 1069 2080 l9.
1121 2025 1211 2079 Vir
1240 2041 1445 2085 comam
1496 2041 1599 2079 non
1644 2024 1869 2089 nutriat,
1917 2023 2089 2094 gloria

511 2127 557 2172 ct
591 2117 765 2186 imago
794 2115 892 2171 Dei
922 2132 1039 2171 cuin
1063 2116 1132 2171 sit
1150 2118 1191 2170 ¹.

584 2207 763 2263 llel‘ut.
802 2208 861 2262 11
891 2215 945 2263 ct
988 2207 1078 2265 19.
1114 2206 1236 2263 Νοη
1286 2209 1466 2265 solum
1505 2206 1599 2264 Dei
1642 2207 1955 2280 imaginem,
1994 2205 2092 2263 sed

511 2307 566 2356 et
609 2299 840 2371 gloriam
879 2298 1176 2370 Apostolus
1235 2300 1512 2356 hominem
1558 2315 1684 2356 esse
1725 2299 1938 2355 deﬁnit.
1986 2298 2094 2355 Co-

514 2403 658 2443 mam
688 2403 819 2445 vero
849 2390 1039 2461 utique
1071 2404 1415 2462 corpoream,
1452 2404 1558 2445 non
1589 2389 1786 2444 animae
1814 2387 2092 2460 propriam

515 2497 640 2535 cum
674 2482 943 2547 nominat,
983 2497 1094 2538 non
1131 2483 1371 2537 alienum
1409 2497 1439 2535 a
1467 2482 1613 2536 bono
1650 2479 1758 2537 Deo
1788 2495 1927 2551 opus
1960 2478 2094 2535 illud

515 2587 641 2627 esse
673 2572 964 2644 signiﬁcat,
1005 2587 1070 2628 eo
1098 2573 1243 2644 quod
1275 2589 1397 2645 qua:
1432 2574 1487 2628 in
1514 2572 1708 2628 Vetere
1746 2569 2096 2626 Testamento

516 2663 942 2719 continebantur
970 2664 1025 2718 in
1047 2663 1200 2720 Novo
1225 2665 1447 2735 impleta
1475 2679 1599 2721 esse
1628 2663 1885 2718 fateatur.

590 2751 777 2807 Schol.
812 2752 880 2807 12
911 2761 965 2808 et
985 2752 1076 2808 20.
1121 2753 1226 2809 Sed
1259 2753 1401 2808 Deus
1436 2755 1737 2825 temperavit
1770 2753 2025 2823 corpus’.

589 2928 772 2986 Refut.
821 2930 889 2985 i2
917 2939 972 2985 et
1007 2929 1096 2987 20.
1139 2928 1197 2985 Si
1247 2945 1447 3001 corpus
1495 2945 1525 2984 a
1576 2929 1686 2986 Deo
1734 2937 2097 2998 temperatum

519 3027 625 3088 est,
660 3033 764 3075 nec
797 3018 960 3075 alium
995 3034 1156 3091 quam
1205 3034 1388 3075 verum
1429 3018 1594 3075 Deum
1634 3019 1932 3090 Apostolus
1959 3034 2099 3090 prae-

521 3111 688 3175 dicat,
713 3110 961 3166 eumdem
1001 3126 1163 3182 porro
1187 3109 1355 3166 Deum
1397 3110 1647 3181 corporis
1688 3111 1930 3166 membra
1962 3118 2099 3166 tem-

525 3217 744 3273 perasse
782 3217 846 3257 ac
900 3202 1168 3259 formasse
1220 3204 1544 3271 conlitetur;
1595 3218 1704 3258 non
1756 3203 1921 3258 alium
1973 3218 2100 3273 pro-

525 3294 661 3348 lecto
707 3291 894 3365 Deum,
945 3308 1109 3364 quam
1161 3291 1511 3349 Conditorem
1549 3294 1750 3364 ipsum,
1796 3301 1852 3348 et
1880 3293 2098 3363 quidem

526 3393 748 3449 bonum,
803 3393 859 3439 et
910 3394 1235 3450 creatorem,
1288 3393 1343 3441 et
1370 3386 1606 3456 justum,
1652 3395 1709 3441 et
1762 3386 2102 3441 conditorem

527 3477 768 3531 omnium
813 3480 1082 3547 agnoscit.
1128 3475 1339 3543 Quibus
1373 3492 1441 3533 ex
1489 3477 1744 3533 omnibus
1778 3478 1942 3532 homo
1977 3494 2104 3535 cen-

524 3566 729 3620 sendus
756 3574 842 3621 est
879 3565 948 3619 ab
976 3566 1166 3620 eodem
1198 3573 1323 3635 apte
1372 3566 1487 3624 suis
1526 3566 1776 3638 partibus
1816 3568 2105 3624 membris-

523 3671 631 3726 quc
669 3662 1023 3726 temperatus.

598 3746 784 3802 Schol.
821 3747 887 3801 l3
913 3755 967 3803 et
994 3747 1085 3803 2|.
1124 3746 1416 3820 Perperam
1453 3749 1557 3806 ista
1588 3751 1841 3823 concepit
1871 3770 1886 3807 :
1913 3753 2021 3808 Sed
2049 3753 2106 3808 in

526 3838 768 3894 Ecclesia
806 3838 923 3893 volo
951 3839 1178 3909 quinque
1224 3838 1383 3893 verba
1416 3856 1572 3895 sensu
1608 3858 1719 3896 meo
1752 3843 1974 3914 loqui‘;
2004 3844 2107 3898 ali-

526 3945 610 3993 ter
638 3933 785 3989 enim
817 3933 1039 4004 scripsit
1078 3940 1132 3988 et
1160 3932 1222 3988 ob
1256 3934 1444 4005 legem,
1485 3935 1708 4007 adjecit.

596 4024 782 4080 Rcl‘ut.
820 4025 889 4081 l3
920 4031 974 4080 et
1006 4023 1098 4080 21.
1143 4022 1366 4096 Linguae
1392 4025 1559 4097 igitur
1588 4043 1619 4081 a
1645 4026 1889 4098 Spiritus
1926 4029 2104 4085 sancti

525 4118 700 4187 gratia
731 4116 1071 4173 derivantur.
1104 4116 1388 4188 Ejusmodi
1423 4134 1610 4190 porro,
1643 4119 1711 4174 de
1733 4120 1935 4191 quibus
1961 4122 2108 4190 Apo-

525 4210 703 4266 stolus
748 4209 1013 4281 loquitur,
1080 4211 1281 4283 lingua:
1326 4218 1477 4276 sunt,
1529 4222 1589 4267 ut
1652 4228 1760 4267 non
1807 4209 2108 4269 Hebraicas

527 4304 688 4358 modo
713 4319 876 4359 voces
914 4304 1401 4375 comprehendant,
1437 4321 1559 4375 qum
1587 4304 1640 4359 in
1674 4304 1907 4375 singulis
1953 4320 2110 4359 voca-

529 4396 670 4452 bulis
701 4397 1018 4466 praaclaram
1049 4397 1339 4468 quamdam
1367 4412 1430 4451 ac
1458 4399 1759 4467 sapientem
1788 4397 2106 4454 varietatem

527 4485 819 4552 exhibent;
870 4485 969 4543 sed
1022 4493 1077 4542 et
1123 4486 1229 4541 alia
1277 4501 1496 4557 quoque
1538 4487 2109 4567 idiomatum’discri-

2178 652 2593 725 προσφερόντων
2613 668 2626 682 ·
2678 652 2815 706 ἀλλὰ
2867 651 2956 706 διὰ
3004 652 3104 722 τὴν
3152 651 3328 706 αὐτῶν
3364 654 3422 705 ὲν
3447 653 3554 715 τοῖς
3580 651 3724 705 τοιού-

2176 759 2291 804 τοις
2345 742 2670 813 ἀναχθεῖσαν
2730 742 3039 815 συνήθειαν,
3092 743 3201 808 ἕως
3254 742 3587 815 μεταλλεύσῃ
3633 743 3723 817 (ει)

2177 833 2518 899 καθελκύσας
2567 836 2674 911 απὸ
2714 835 3005 906 συνηθείας
3048 837 3322 908 (τοιαύτης
3348 835 3460 889 τῶν
3481 835 3672 888 πολλῶν
3689 838 3724 902 ³)

2179 925 2259 988 είς
2288 924 2379 978 τὸν
2406 925 2523 990 ἕνα,
2554 926 2649 979 καὶ
2684 925 2780 979 τοῦ
2825 925 2943 989 ἐνὸς
2977 925 3161 979 λοιπὸν
3209 925 3475 997 μάθωσιν,
3512 927 3589 979 ὃτι
3627 924 3728 979 οὗτοι

2181 1014 2412 1087 ἔχρῃζεν
2449 1015 2573 1070 οῦτε
2621 1016 2844 1088 χρῄζειο
2878 1018 2974 1071 καὶ
3022 1017 3208 1070 λοιπὸν
3246 1017 3498 1087 ἀποκόιῖιῃ
3540 1016 3621 1069 διὰ
3647 1017 3729 1086 τῆς

2181 1107 2449 1179 ἐνσάρκου
2483 1108 2790 1180 παρουσίας
2830 1110 2929 1179 τῆς
2955 1107 3050 1163 τοῦ
3082 1107 3321 1180 Χριστοῦ
3369 1106 3532 1160 αὑτοῦ
3563 1106 3620 1160 τὸ
3643 1107 3729 1160 πᾶν

2182 1198 2283 1269 τῆς
2316 1199 2629 1264 ὑποθέσεως
2654 1198 2762 1254 τῶν
2788 1199 3011 1262 θυσιῶν.
3039 1201 3139 1272 τῆς
3167 1200 3293 1269 μιᾶς
3326 1198 3519 1261 θυσίας
3543 1197 3730 1252 τελειω-

2184 1291 2358 1361 σάσης
2403 1289 2502 1355 τὰς
2541 1289 2975 1362 προῦπαρξάσας
3018 1292 3233 1354 πάσας·
3282 1291 3408 1361 ἣτις
3442 1291 3559 1342 ἐστὶ
3600 1288 3733 1344 θυσία

2184 1381 2442 1454 Χριστοῦ.
2495 1384 2618 1436 Ὅτι
2661 1382 2735 1437 Τὸ
2783 1382 3001 1452 Πάσχα
3045 1382 3217 1452 ’ἡμῶν
3255 1382 3439 1449 ἐτύθη
3489 1379 3731 1449 Χριστὸς.

2185 1474 2327 1528 κατὰ
2359 1474 2419 1528 τὸ
2447 1473 2854 1546 γεγραμμένον.
2893 1470 3003 1538 ’Ἦς
3040 1474 3252 1539 θυσίας,
3287 1473 3387 1528 καὶ
3425 1473 3627 1543 Πάσχα,
3659 1472 3735 1525 καὶ

2184 1566 2531 1630 διδασκαλίας
2579 1566 2927 1636 παιδαγωγὸς
2967 1567 3186 1636 ἐγένετο
3233 1568 3262 1621 6
3308 1566 3507 1637 νόμος,
3559 1566 3737 1634 ὁδηγῶν

2183 1658 2274 1712 διὰ
2305 1658 2396 1711 τὸν
2427 1658 2616 1723 τύπον,
2654 1660 2746 1713 καὶ
2771 1658 3152 1715 ἀποκαθιστῶν
3201 1660 3281 1721 εἰς
3323 1656 3423 1729 τὴν
3469 1657 3653 1717 ἑτέρων
3676 1655 3737 1709 δι-

2187 1749 2479 1804 δασκαλίαν
2492 1788 2505 1805 .

2264 2013 2331 2069 ια’
2366 2014 2460 2067 καὶ
2496 2013 2558 2066 ιθ⁸
2594 2014 2742 2083 σχὸλ.
2782 2012 2965 2081 Ἀνὴρ
2988 2013 3099 2067 οὐκ
3126 2010 3355 2080 ὀφείλει
3386 2007 3594 2079 κομᾶν,
3617 2006 3769 2082 δόξσγ

2193 2105 2295 2160 καί
2317 2104 2496 2160 είκὼν
2521 2105 2670 2159 Θεοῦ
2697 2103 3003 2174 ὑπάρχων.

2266 2204 2334 2253 ια’
2369 2198 2464 2251 καὶ
2491 2194 2554 2250 ιθ⁸
2583 2195 2764 2266 ἐλεγχ.
2805 2194 3002 2249 Είκύνα
3050 2194 3111 2248 οὗ
3166 2192 3331 2264 μόνον
3369 2192 3465 2245 τὸν
3492 2191 3741 2262 ἄνθρωπον

2193 2290 2329 2346 Θεοῦ
2354 2289 2597 2363 ὁρίζεται
2631 2291 2660 2344 6
2694 2286 3037 2353 ’Δπόστολος,
3062 2285 3200 2341 ἀλλὰ
3222 2286 3317 2339 καὶ
3348 2283 3525 2350 δόξαν.
3547 2283 3645 2355 Τὴν
3665 2283 3739 2337 κό-

2199 2401 2309 2456 μην
2333 2382 2391 2436 δὲ
2417 2379 2804 2451 ὑποτιθέμενος
2847 2377 3166 2450 σωματικὴν
3208 2372 3376 2431 οὖσαν
3407 2377 3526 2431 κατ’
3554 2375 3672 2429 ἰδίαν
3694 2374 3742 2426 iv

2198 2474 2429 2547 σώματι,
2459 2474 2554 2528 καὶ
2579 2472 2680 2527 οὐκ
2707 2474 2764 2526 ἐν
2786 2471 2955 2542 ψυχῇ.
2984 2470 3099 2524 Οὐκ
3128 2469 3414 2541 ἀλλότριον
3437 2468 3542 2541 ἄρα
3559 2463 3739 2522 Θεοῦτὸ

2198 2566 2406 2637 ποίημα
2434 2562 2673 2636 ὁρίζεται
2703 2560 2799 2617 τοῦ
2831 2559 3067 2630 ἀγαθοῦ·
3098 2560 3187 2614 διὰ
3212 2559 3275 2612 τὸ
3299 2559 3578 2631 ὁμολογεῖν
3611 2558 3742 2613 αὑτὸν

2195 2656 2266 2712 τὰ
2293 2656 2402 2711 ἀπὸ
2425 2655 2671 2719 Παλαιᾶς
2700 2655 2760 2708 ὲν
2790 2654 2968 2723 Καινῇ
2998 2650 3356 2723 πληρούμενα
3378 2650 3626 2723 Διαθήκῃ.

2274 2748 2341 2819 ιβ’
2378 2748 2472 2802 καὶ
2511 2755 2558 2800 κ’
2607 2745 2753 2817 σχάλ.
2791 2743 2980 2800 Ἀλλὰ
3029 2747 3063 2798 ό
3111 2742 3257 2809 Θεὸς
3300 2741 3659 2812 συνεκέρασε
3688 2738 3737 2792 t6

2198 2837 2389 2908 σῶμα.
3386 2830 3391 2833 “

2273 2929 2340 2999 ιβ’
2373 2930 2469 2984 καὶ
2518 2936 2565 2983 κ’
2590 2930 2770 2999 ἕλεγχ.
2814 2929 2876 2983 Ei
2902 2930 2930 2982 6
2961 2927 3096 2991 Θεὸς
3129 2926 3465 2997 συνεκέρασε
3503 2924 3560 2978 τὸ
3595 2922 3741 2991 σῶμα,

2199 3022 2300 3075 οῦκ
2328 3021 2486 3076 ἄλλον
2512 3021 2570 3075 δὲ
2609 3021 2741 3075 Θεὸν
2783 3021 2811 3074 6
2844 3019 3172 3083 ’Δπόστολος
3198 3017 3491 3090 κηρύσσει,
3527 3013 3649 3069 ἀλλὰ
3668 3011 3741 3065 τὸν

2200 3114 2329 3168 ὅντα
2351 3129 2365 3143 ·
2392 3112 2647 3184 ὁμολογεῖ
2672 3112 2730 3166 δὲ
2758 3113 2849 3166 τὸν
2881 3112 3012 3165 Θεὸν
3035 3111 3101 3164 τὸ
3128 3110 3289 3181 σῶμα
3318 3113 3431 3175 τοῖς
3469 3109 3639 3181 μέλεσι
3667 3121 3739 3158 κε-

2201 3205 2496 3276 κερακέναι
2518 3221 2532 3235 ’
2563 3206 2664 3258 οὐκ
2694 3205 2850 3260 ἄλλον
2877 3200 2985 3258 οἶδε
3016 3203 3149 3258 Θεὸν
3175 3202 3289 3256 ἀλλ’
3328 3203 3361 3274 ἢ
3392 3202 3485 3256 τὸν
3522 3201 3733 3271 δημιουρ-

2203 3299 2299 3368 γὸν
2331 3297 2492 3353 αὐτὸν
2524 3297 2748 3367 ἀγαθὸν,
2785 3297 2879 3351 καὶ
2905 3297 3152 3367 κτίστην,
3183 3296 3278 3349 καὶ
3314 3296 3539 3357 δίκαιον,
3566 3292 3740 3346 πάντων

2206 3392 2437 3463 ποιητήν
2457 3409 2469 3423 ·
2502 3389 2564 3455 ἐξ
2587 3384 2660 3445 ὧν
2694 3390 2911 3444 πάντων
2956 3389 3015 3442 ἓν
3056 3388 3215 3460 ἔργον
3256 3388 3495 3459 ὑπάρχει
3523 3387 3549 3438 6
3574 3381 3728 3451 ἇνθρω

2206 3496 2326 3547 mg,
2358 3483 2388 3535 6
2413 3484 2525 3545 τοῖς
2553 3481 2770 3553 μέλεσιν
2798 3481 2887 3535 ὑπ’
2918 3477 3083 3533 αὑτοῦ
3109 3476 3290 3542 καλῶς
3313 3473 3701 3549 κεκερασμένος.

2281 3766 2349 3829 ιγ’
2373 3758 2468 3815 καὶ
2489 3756 2574 3812 κα⁹
2596 3757 2745 3829 σχόλ.
2786 3756 3041 3827 Πεπλανη
3051 3754 3227 3824 μένως
3245 3754 3274 3806 6
3294 3750 3555 3822 Μαρκίων
3571 3763 3583 3776 ·
3600 3741 3738 3799 me

2204 3850 2277 3905 ἐν
2302 3848 2629 3917 Ἐκκλησία
2660 3846 2813 3903 θέλω
2840 3846 3018 3900 πέντε
3053 3847 3272 3914 λόγους
3305 3841 3389 3908 τῷ
3413 3841 3627 3910 rotam,
3652 3838 3735 3888 Ja-

2206 3940 2397 4011 λῆσαι
2413 3957 2428 3971 ⁸
2462 3939 2666 4013 ἑτέρως
2688 3939 2745 3993 δὲ
2776 3937 2875 3993 διὰ
2889 3937 2998 3992 τὸν
3013 3937 3222 4006 νόμον.

2283 4037 2350 4101 ιγ’
2378 4032 2471 4085 καὶ
2498 4029 2584 4083 κα⁹
2613 4029 2794 4099 ἑλεγχ.
2839 4029 2982 4099 ’Δρα
3007 4026 3101 4081 καὶ
3130 4027 3186 4080 ai
3214 4024 3457 4094 γλῶσσαι
3477 4023 3538 4077 ὲκ
3562 4016 3643 4072 τοῦ
3666 4031 3736 4085 χιε

2211 4130 2474 4201 ρίσματος
2505 4124 2598 4180 τοῦ
2623 4123 2940 4196 Πνεύματός
2972 4124 3098 4177 εισι.
3124 4119 3382 4183 Γλώσσας
3407 4118 3466 4172 δὲ
3489 4105 3733 4201 ὁποίας

2209 4197 2345 4286 γειήό
2360 4214 2703 4280 Ἀπὸστολος,
2729 4214 2880 4276 ὅπως
2900 4211 3016 4284 γνῷ
3036 4211 3095 4265 ού
3125 4210 3218 4275 τὰς
3240 4207 3425 4280 φωνὰς
3452 4206 3546 4270 τὰς
3574 4197 3732 4271 Ἐσρσὲ

2207 4310 2303 4373 δας
2333 4308 2433 4372 τὰς
2462 4306 2733 4379 διαφόρως
2771 4305 2880 4365 ,καὶ
2923 4303 3182 4367 ποικίλως
3205 4305 3262 4356 ὲν
3290 4302 3496 4373 ἑκάστῃ
3516 4295 3640 4360 λέξει
3663 4306 3736 4379 κα·

2208 4399 2315 4463 λῶς
2342 4397 2482 4470 μετὰ
2516 4378 2709 4468 σοφίας
2740 4394 3131 4460 ποικιλθείσας,
3165 4392 3303 4448 ἀλλὰ
3321 4392 3416 4446 καὶ
3439 4390 3531 4461 τὴν
3554 4378 3734 4455 κομπώ-

2207 4492 2272 4563 δη
2300 4489 2552 4559 γλῶσσαν
2587 4487 2696 4542 τῶν
2737 4487 3006 4559 Ἑλλήνων
3035 4484 3360 4557 αὐχοῦντες,
3393 4482 3455 4535 τὸ
3494 4473 3735 4563 attinget!
3852 4480 3853 4487 ‘

530 4577 699 4640 mina,
730 4590 852 4647 quae
898 4577 1145 4632 nonnulli
1182 4577 1387 4637 Grates:
1415 4578 1612 4648 linguae
1638 4578 1823 4647 periti,
1852 4558 1942 4633 cui
1975 4579 2098 4635 insi-

2213 4558 2321 4635 καί
2359 4580 2640 4644 αἰολίζειν,
2675 4579 2771 4633 καὶ
2813 4558 3071 4649 Δωρικῶς
3116 4573 3447 4645 φθέγγεσθαί
3494 4583 3622 4660 τινες
3653 4558 3734 4614 τῶν

530 4675 620 4723 tus
662 4668 882 4738 quidam
919 4666 1092 4724 fastus
1144 4683 1209 4723 ac
1259 4668 1476 4724 vanitas
1513 4676 1619 4732 est,
1669 4669 1905 4738 gloriose
1934 4669 2110 4738 jacta-

530 4759 711 4814 bant:
755 4759 934 4829 qualis
984 4769 1069 4816 est
1100 4759 1302 4823 Attica,
1344 4758 1583 4822 Eolica,
1626 4775 1691 4815 ac
1745 4758 1943 4815 Dorica
1988 4776 2111 4832 pro-

530 4854 759 4924 prietas,
785 4868 1020 4924 quarum
1053 4851 1173 4908 freti
1202 4853 1432 4908 scientia
1472 4853 1722 4907 nonnulli
1761 4852 1952 4907 turbas
1988 4854 2111 4909 illas

528 4942 778 5000 Corinthi
821 4960 886 5000 ac
934 4945 1233 5001 seditiones
1284 4944 1591 5000 excitarant
1622 4965 1636 5002 :
1670 4945 1735 5000 ad
1786 4960 1929 5021 quos
1989 4948 2111 5003 ideo

528 5040 673 5095 hanc
718 5038 1016 5106 Apostolus
1067 5037 1362 5111 Epistolam
1407 5038 1576 5095 dedit.
1621 5038 1678 5094 In
1725 5053 1833 5110 qua
1873 5039 2111 5110 primum

602 5197 618 5229 ⁸
648 5194 669 5249 l
696 5194 824 5252 Cor.
860 5212 915 5261 ν,
944 5196 996 5250 7.
1071 5199 1092 5229 ’
1121 5194 1142 5249 ι
1175 5195 1302 5252 Cor.
1336 5212 1411 5261 ιι,
1455 5196 1538 5251 14.
1617 5194 1684 5249 ⁸1
1715 5194 1845 5252 Cor.
1884 5211 1983 5262 xu,
2015 5194 2107 5251 26.

529 5331 733 5404 ycrsati
779 5339 946 5404 sunt,
997 5346 1156 5388 sacra
1204 5332 1425 5404 quidem
1471 5331 1739 5388 obtulisse
1788 5330 1901 5404 Deo
1955 5339 2112 5404 putat

532 5400 903 5474 Epiphanius;
964 5404 1056 5474 sed
1110 5400 1257 5474 quod
1295 5416 1376 5474 ea
1409 5417 1528 5474 per
1569 5418 1693 5458 sese
1740 5400 1971 5456 minime
2010 5401 2112 5470 ipsi

531 5473 839 5542 placerent,
872 5472 1142 5542 quodque
1169 5484 1230 5529 ut
1260 5473 1328 5527 ab
1367 5472 1814 5542 idololatriadeos
1844 5479 2112 5542 averteret

536 5540 740 5613 potius,
769 5540 931 5613 quam
962 5540 1106 5610 quod
1136 5544 1243 5599 illis
1272 5542 1600 5607 alliceretur,
1629 5540 1823 5613 oll'erri
1860 5541 1962 5597 sibi
1986 5557 2112 5611 pas-

537 5609 632 5663 sus
665 5620 846 5682 esset,
879 5609 1002 5682 ideo
1049 5629 1249 5682 negare
1283 5614 1383 5668 sibi
1432 5613 1549 5667 haac
1594 5613 1774 5668 oblata
1805 5609 2112 5680 fuisse'pcr

537 5676 858 5756 prophetam
887 5676 1182 5756 egistima't.
1201 5682 1515 5756 Atgllieron.
1536 5689 1834 5756 comment.
1859 5681 1928 5756 ad
1949 5676 2108 5736 Ανῐιοδ

537 5746 735 5802 Scribit
772 5746 1045 5820 Israelitas
1092 5758 1207 5804 toto
1251 5753 1344 5807 illo
1383 5767 1494 5820 quo
1537 5753 1589 5806 in
1638 5752 1857 5807 deserto
1895 5751 2118 5806 luerunt

537 5825 814 5890 tempore._
848 5831 955 5890 non
1004 5816 1134 5879 Deo,
1182 5821 1275 5890 sed
1305 5816 1465 5890 idolis
1500 5821 1833 5878 immolasse.
1868 5821 1937 5875 Et
1977 5821 2115 5890 quod

538 5882 724 5953 postea
746 5920 762 5946 ,
802 5882 1004 5955 inquit,
1054 5888 1294 5956 quardam
1329 5889 1556 5946 Domino
1586 5906 1672 5944 eos
1718 5890 1934 5963 legimus
1965 5882 2115 5945 o'bm-

2213 4672 2366 4743 παρὰ
2395 4674 2505 4734 τοῖς
2532 4669 2835 4743 Κορινθίοις
2854 4668 2955 4733 τὰς
2982 4667 3240 4739 πτύρσεις
3270 4667 3364 4719 καὶ
3388 4662 3589 4724 στάσεις
3606 4659 3733 4726 ἐργα-

2216 4763 2486 4836 σαμένων,
2503 4756 2585 4826 οἷς
2611 4760 2947 4832 ήἘπισ-τολὴ
2979 4758 3312 4813 ἐπετέλλετο.
3336 4757 3445 4811 Καὶ
3470 4748 3732 4823 ὡμολόγησ⁸

2220 4856 2319 4927 μὲν
2364 4854 2610 4927 χάρισμα
2652 4849 2792 4908 εἶναι
2833 4850 3204 4923 πνευματικὸν
3229 4850 3290 4903 τὸ
3327 4851 3446 4912 ταῖς
3477 4838 3732 4927 Ἑϐραϊκαῖς

2215 4924 2396 5011 λέξεσι
2419 4924 2720 5017 κεχρῆσθαί
2739 4960 2801 4998 τε
2833 4944 2929 4997 καὶ
2963 4942 3054 4996 τὸν
3081 4942 3243 5012 νόμον
3269 4938 3557 4994 διδάσκειν·
3582 4929 3633 4985 οὐ
3655 4924 3734 4996 μὴν
3784 4988 3787 4989 ν

2219 5038 2356 5094 ἀλλὰ
2386 5040 2481 5094 xa't
2508 5037 2578 5092 τὰ
2610 5036 2745 5092 ἄλλα
2780 5033 3043 5107 κομπώδη
3067 5032 3309 5090 καθελὼν
3336 5031 3435 5102 τῆς
3460 5027 3557 5082 τῶν

2184 5199 2206 5229 ⁸
2238 5196 2258 5251 1
2292 5180 2422 5251 Cor.
2457 5210 2571 5261 xw,
2603 5193 2690 5250 l9.
2766 5195 2788 5226 ⁸
2818 5190 3057 5248 Aberan.
3091 5190 3207 5246 haec
3238 5204 3273 5246 a
3298 5187 3468 5242 Vatic.

2220 5330 2366 5398 lisse,
2401 5346 2504 5384 non
2533 5328 2822 5394 voluntate,
2863 5327 2956 5381 sed
2984 5324 3509 5398 pwnarumfecerant
3531 5316 3728 5398 metui!

2217 5386 2399 5454 eorum
2452 5386 2819 5470 interiectione
2859 5398 2951 5468 qui
2984 5386 3206 5470 ’ρνοριετ
3259 5386 3404 5449 ίδοία
3452 5386 3723 5470 “fr”???

2219 5453 2687 5525 Dominusaal'em
2719 5485 2822 5523 non
2854 5453 2916 5521 e'a
2943 5453 3060 5535 quia
3092 5453 3514 5536 oﬂ‘eruumr._sed
3536 5453 3725 5536 saluati}:

2220 5522 2321 5595 lein
2343 5522 3185 5610 respicitreferentiathyt‘illﬁs
3201 5550 3329 5589 vero
3349 5532 3416 5587 ad
3432 5547 3459 5585 ν
3477 5541 3576 5610 εαης

2219 5587 2565 5666 ἰῐςῖεὶῖιῗίῑῖε
2577 5587 2789 5665 litigii?
2801 5587 2902 5662 iii"
2915 5587 3046 5661 illud
3057 5587 3355 5661 "duntaxat
3393 5587 3579 5668 tempus
3594 5587 3720 5671 cole:

2219 5680 2429 5735 hranda
2487 5678 2895 5749 praescripsisse
2921 5676 3254 5749 sacriﬁcia,
3300 5687 3417 5749 quo_
3456 5666 3720 5749 promissi?l

2225 5762 2439 5821 terrain
2457 5738 2814 5821 occuparent,
2843 5745 2937 5802 sed
2957 5746 3086 5821 illos
3116 5760 3216 5821 nec
3241 5738 3533 5821 postulante
3552 5743 3632 5786 nec
3652 5738 3721 5781 cu-

2220 5832 2380 5893 rante
2414 5818 2546 5893 Deo,
2585 5811 2638 5874 in
2670 5811 3270 5893 desertoaiihilgminus
3296 5811 3556 5893 obtulisse-

2295 5890 2406 5960 (81)
2449 5877 2595 5957 Ἕως
2614 5886 3018 5959 peccauerim].
3062 5883 3184 5940 For.
3222 5877 3522 5953 μεταλλάξῃ-
