3934 6444
171 420 328 480 ’795

876 429 1015 484 ADV
1028 430 1260 489 ERSUS
1297 431 1643 491 HERESES
1683 434 1790 490 LIB

1935 434 2100 493 TOM.
2134 434 2220 490 ιιι.
2259 465 2324 477 --
2368 432 2642 490 ΙΙΔΞΒΕΞ.
2680 430 2838 487 XLII.

3373 426 3482 486 791a

212 549 327 587 νων
362 534 632 611 γλώσσης,
657 536 858 611 ἔφησεν
895 542 1096 612 μᾶλλον
1119 543 1393 613 γλώσσαις
1427 546 1587 602 αὐτὸν
1620 548 1793 603 αὐτῶν

1904 550 2200 620 singularis
2235 548 2524 619 cujusdam
2564 561 2687 601 esse
2707 543 2956 601 beneﬁcii
2984 543 3162 610 docet,
3190 537 3473 597 Hebraicis

212 622 507 689 λαλοῦντα,
542 627 629 681 διὰ
657 628 716 682 τὸ
754 627 892 684 εἶναι
934 634 1097 687 αὑτὸν
1136 635 1384 707 Ἐϐραῖον
1416 638 1476 704 ἐξ
1514 639 1799 713 Ἑϐραίων,

214 714 375 785 παρὰ
440 718 565 780 τοὺς
612 718 779 783 πίδας
826 720 1109 795 Γαμαλιήλ
1154 726 1667 799 ἀνατεθραμμένον·
1728 723 1803 784 ὧν

214 805 572 881 (Ἐϐραίοις¹)
594 809 660 863 τὰ
680 812 984 883 γράμματα
1005 817 1062 869 ὲν
1084 815 1325 882 ἐπαίνοις
1351 819 1553 891 τίθησι,
1586 822 1679 875 καὶ
1703 823 1803 893 τῆς

213 896 315 949 τοῦ
344 897 658 969 Πνεύματος
683 901 889 972 δωρεᾶς
909 904 1038 959 ὄντα
1064 907 1398 978 χαρίσματα.
1427 911 1518 963 Διὸ
1547 911 1672 983 περὶ
1692 911 1801 965 τῶν

214 983 401 1038 αὐτῶν
424 987 516 1040 καὶ
546 987 791 1061 Τιμοθέῳ
823 993 1068 1063 γράφων,
1097 995 1300 1064 ἔλεγεν·
1336 998 1418 1050 ὅτι
1445 998 1577 1052 Ἀπὸ
1600 1001 1800 1069 νεότη-

212 1092 323 1141 τος
384 1078 508 1146 ἱερὰ
544 1078 867 1150 Γρὰμματα
914 1084 1150 1153 ἔμαθες.
1211 1089 1333 1142 ὀτι
1381 1089 1439 1142 δὲ
1485 1091 1799 1161 προστιθεὶς

211 1169 350 1232 τοὺς
406 1169 514 1222 ἀπὸ
556 1170 823 1244 Ἑλλήνων
867 1176 1108 1247 ποιητῶν
1133 1179 1227 1232 καὶ
1258 1180 1502 1251 ρητόρων
1540 1182 1798 1253 ὁρμωμέ-

214 1276 346 1323 νους
392 1260 463 1314 τὰ
502 1260 589 1317 ίσα
640 1265 882 1334 φάσκων,
913 1269 1113 1339 ὁμοίως
1156 1270 1257 1343 ἔφη
1280 1287 1295 1303 ο
1321 1272 1570 1327 Πάντων
1606 1272 1798 1327 πλέον

212 1349 388 1411 τ’·ιιῶν
411 1353 579 1408 λαλῶ
611 1354 937 1426 γλώσσαις,
969 1359 1056 1414 ἵνα
1085 1359 1233 1435 δείξῃ
1285 1364 1378 1417 καὶ⁵
1419 1364 1522 1434 τῆς
1555 1364 1797 1435 Ἐλληνι-

215 1444 322 1513 κῆς
347 1445 595 1511 παιδείας
626 1448 786 1502 αὐτὸν
816 1450 874 1505 ὲν
903 1452 1069 1524 πείρᾳ
1103 1454 1549 1528 ὑπερϐαλλόντως
1574 1461 1798 1531 γεγενῆ-

215 1534 364 1588 σθαι.
402 1536 509 1590 Καὶ
530 1537 638 1610 γὰρ
668 1541 762 1594 καὶ
787 1541 815 1594 ὁ
838 1544 1123 1618 χαρακτὴρ
1156 1547 1321 1602 αὑτοῦ
1354 1550 1608 1620 σημαίνει
1636 1551 1796 1605 αὐτὸν

215 1627 486 1698 ὑπάρχειν
511 1630 568 1682 ὲν
592 1635 941 1709 προπαιδεία,
964 1631 1024 1691 οὗ
1054 1640 1153 1692 οὐκ
1181 1640 1526 1713 ἠδυνήθησαν
1546 1642 1797 1696 Ἐπικού-

216 1734 356 1788 ρειοι
389 1720 483 1774 καὶ
510 1721 735 1777 Στωϊκοὶ
760 1726 1095 1800 ἀντιστῆναι,
1124 1731 1553 1802 ἀνατρεπόμενοι
1583 1733 1669 1787 διά
1696 1732 1796 1803 τῆς

1906 643 1984 698 ιιιί
2022 642 2303 698 vocabulis
2345 654 2530 710 posse,
2573 653 2638 693 ac
2668 639 2840 708 legem
2889 637 3106 692 docere.
3160 634 3368 690 Deinde
3415 638 3476 688 ut

1903 729 2080 786 Graeci
2109 730 2380 785 sermonis
2419 738 2685 783 tumorem
2719 724 3201 796 arrogantiamque
3238 723 3473 791 compri-

1904 830 2094 884 meret,
2136 834 2255 875 sese
2296 820 2603 889 linguarum
2645 816 2860 870 illorum
2915 830 3018 871 usu
3061 813 3471 870 instructiorem

1903 912 2012 967 illis
2043 911 2182 982 ipsis
2209 926 2330 966 esse
2379 909 2609 973 monuit,
2642 908 2788 978 quod
2832 905 3092 962 Hebraeus
3120 905 3188 959 ab
3229 902 3472 959 Hebraeis

1901 1010 2044 1060 esset
2086 1002 2374 1065 oriundus,
2419 1008 2467 1056 et
2506 1001 2573 1056 ad
2608 1004 2775 1072 pedes
2807 998 3121 1054 Gamalielis
3162 997 3466 1052 institutus.

1901 1093 1978 1148 lta
2014 1093 2295 1149 Hebraica:
2333 1092 2530 1162 linguae
2565 1091 2850 1147 scientiam
2883 1090 2936 1144 in
2965 1088 3123 1143 laude
3171 1089 3374 1159 posuit,
3416 1094 3472 1141 et

1901 1186 2045 1240 inter
2096 1183 2334 1255 Spiritus
2389 1183 2564 1239 sancti
2610 1182 2873 1239 beneﬁcia
2937 1179 3267 1237 numeravit.
3309 1178 3471 1249 362

1900 1275 2057 1332 Unde
2097 1284 2152 1332 et
2185 1276 2252 1331 ad
2308 1275 2651 1331 Timotheum
2693 1275 2762 1330 de
2805 1274 2999 1329 iisdem
3046 1273 3337 1330 scribens:
3369 1270 3470 1336 Tu,

1900 1365 2097 1436 inquit,
2156 1364 2222 1419 ab
2271 1364 2627 1421 adolescentia
2670 1380 2852 1420 sacras
2886 1361 3115 1417 Litteras
3163 1360 3470 1415 didicisti‘.

1898 1457 2054 1527 Quod
2085 1472 2214 1513 vero
2236 1456 2315 1511 ‘ad
2350 1456 2497 1510 illam
2539 1453 2899 1510 eruditionem
2936 1453 3215 1523 politiores
3255 1464 3472 1520 quoque

1897 1547 2212 1602 Graecorum
2244 1544 2474 1606 litteras,
2524 1543 2628 1598 hoc
2656 1551 2741 1598 est
2767 1542 3011 1612 poeticas
3054 1554 3118 1594 ac
3148 1540 3471 1601 rhetoricas,

1896 1638 2177 1707 adjecerit,
2210 1637 2345 1692 iisce
2369 1634 2553 1690 verbis
2589 1631 2861 1703 expressit
2887 1651 2902 1687 :
2935 1630 3309 1685 Abundantius
3337 1628 3474 1683 vobis

1898 1727 2138 1784 omnibus
2177 1727 2371 1797 linguis
2420 1726 2624 1796 loquor,
2664 1723 2741 1780 uti
2791 1738 2851 1778 se
2881 1720 3194 1776 Graecarum
3236 1719 3469 1788 discipli-

212 1809 413 1877 λογίως
441 1813 570 1883 παρ’
592 1815 740 1886 αὐτῷ
762 1817 1201 1891 ἀναγνωσθείσης
1225 1820 1317 1876 τοῦ
1346 1822 1530 1894 βωμοῦ
1560 1825 1793 1895 ἐπιγρα-

1898 1835 2091 1875 narum
2147 1816 2518 1875 excellentiori
2565 1813 2799 1886 quodam
2854 1828 2958 1867 usu
3015 1811 3302 1881 praeditum
3355 1826 3478 1866 esse

213 1900 323 1967 φῆς
350 1900 449 1971 τῆς
500 1903 982 1980 ἐπιγεγραμμένης
1036 1909 1116 1976 τῷ
1172 1909 1292 1976 Θεῷ
1342 1912 1662 1982 ἀγνώστως
1696 1894 1793 1978 ³.,

1898 1918 2247 1968 monstraret.
2298 1908 2433 1963 Nam
2488 1915 2545 1964 et
2600 1904 2877 1962 scribendi
2923 1919 3096 1976 genus
3140 1904 3318 1975 ipsum
3368 1916 3479 1971 quo

216 1991 525 2062 ῥητορικῶς
573 1995 1014 2072 ἀναγνωσθείσης
1077 2003 1206 2073 παρ’
1252 2002 1439 2066 αὐτοῦ,
1495 2005 1590 2058 καὶ
1637 2004 1793 2069 εὐθὺς

1898 2003 2088 2069 utitur,
2129 2000 2487 2056 humanitatis
2517 1999 2670 2054 illum
2709 1998 2907 2053 studiis
2943 1996 3087 2050 haud
3128 1994 3478 2050 mediocriter

215 2086 676 2153 μεταφραστικῶς
723 2088 1011 2162 ρηθείσης’
1057 2092 1158 2144 Ὃν
1211 2092 1574 2162 ἀγνοοῦντες
1626 2096 1793 2149 εὐσε-

1898 2094 2164 2149 imbutum
2213 2092 2386 2148 fuisse
2427 2090 2693 2154 declarat,
2734 2098 2795 2145 ut
2835 2104 2904 2145 ne
2958 2087 3208 2159 Epicurei
3253 2086 3474 2157 quidem

213 2173 390 2238 σεῖτε,
436 2175 652 2230 τοῦτον
699 2179 814 2248 ἐγὼ
852 2176 1239 2253 καταγγέλλω
1269 2184 1412 2253 ὑμῖν
1431 2203 1445 2216 ·
1489 2188 1586 2241 καὶ
1632 2187 1793 2241 πάλιν

1898 2186 1998 2256 ipsi
2040 2183 2282 2239 Stoicive
2328 2191 2555 2254 possent
2601 2182 2898 2247 resistere;
2938 2195 3076 2250 quos
3126 2193 3318 2234 omnes
3350 2193 3474 2233 cum

212 2268 483 2337 φήσαντος
504 2284 519 2297 ·
567 2264 712 2323 Εἲίτέ
741 2288 831 2338 τις
854 2271 1003 2338 ἴδιος
1033 2273 1234 2328 αὐτῶν
1281 2276 1595 2347 προφήτης
1613 2294 1627 2307 ·

1898 2292 2002 2331 arae
2046 2275 2194 2331 illius
2241 2275 2653 2345 inscriptionem
2706 2270 3001 2342 ejusmodi,
3048 2268 3239 2341 Ignoto
3298 2267 3407 2321 Deo
3426 2268 3473 2331 ⁵,

210 2358 427 2414 erudite
459 2359 701 2430 legisset,
752 2378 965 2418 summa
1010 2380 1135 2420 cum
1175 2366 1486 2438 eloquentia
1518 2369 1923 2440 artiﬁcioseque
1962 2367 2242 2433 refutavit,
2308 2365 2361 2421 id
2398 2366 2687 2438 ipsumque
2753 2364 2829 2417 ita
2885 2362 3183 2418 declaravit
3241 2379 3254 2414 :
3307 2361 3474 2427 Quem

212 2454 516 2520 ignorantes
561 2453 756 2523 colitis,
797 2455 936 2510 hunc
982 2459 1241 2514 annuntio
1268 2460 1412 2516 vobis
1432 2461 1473 2517 ⁸.
1544 2464 1676 2517 item
1723 2460 1855 2516 illud
1920 2458 2030 2513 alio
2081 2458 2202 2513 loco
2247 2457 2404 2523 dixit,
2466 2456 2619 2511 Dixit
2696 2455 2913 2527 quidam
2961 2452 3204 2521 proprius
3260 2450 3475 2506 illorum

220 2546 474 2615 Dropheta
491 2549 510 2579 ⁷
555 2566 568 2602 :

212 2664 442 2732 Kpﬂtsc
457 2665 547 2720 del
564 2665 845 2735 ψεῦσται,
864 2670 1022 2726 κακὰ
1044 2672 1241 2742 θηρία,
1267 2671 1554 2742 γαστέρες
1580 2669 1757 2740 ἀργαί
1772 2684 1785 2698 ·

210 2777 305 2830 ἶνα
332 2777 423 2831 τὸν
443 2778 793 2852 Ἐπιμενίδην
816 2781 965 2857 δείξῃ
994 2783 1127 2858 (85),
1159 2786 1388 2859 ἀρχαῖον
1422 2785 1552 2840 ὅντα
1580 2782 1795 2854 φιλόσο-

210 2883 336 2935 φον,
376 2868 471 2922 καὶ
499 2868 685 2941 Μίθρα
702 2870 797 2925 τοῦ
829 2873 982 2944 παρά
1013 2875 1228 2947 Κρησὶν
1264 2874 1481 2929 είδώλου
1502 2876 1544 2928 ¹.
1565 2875 1681 2945 Ἀφ’
1703 2866 1794 2927 οὗ-

210 2974 321 3030 περ
347 2957 440 3012 καὶ
468 2959 814 3033 Καλλίμαχος
843 2965 873 3016 ὁ
898 2963 1064 3028 Λίϐυς
1091 2964 1191 3038 τὴν
1219 2966 1526 3038 μαρτυρίαν
1555 2966 1634 3029 εἰς
1668 2967 1793 3018 ἑαυ-

209 3053 304 3106 τὸν
334 3054 696 3122 ωνανὲτεινε,
729 3056 939 3127 ψευδῶς
967 3059 1096 3132 περὶ
1118 3060 1239 3125 Διὸς
1264 3059 1438 3130 λέγων
1460 3075 1473 3088 ·

210 3230 439 3305 Κρῆτες
458 3231 551 3305 ἀεὶ
582 3232 861 3301 ψεῦσται.
898 3234 1007 3305 Kal
1042 3235 1150 3305 γὰρ
1179 3235 1390 3304 τάφον,
1418 3230 1466 3291 ὧ
1486 3234 1621 3297 ἄνα,
1642 3233 1788 3305 ,σεῖο
1815 3190 1861 3251 C

983 3304 1007 3325 \,
1053 3305 1094 3325 δ’
1181 3308 1193 3324 ο

208 3300 439 3372 Ιῴῆτες
464 3300 857 3373 ἐτεκτήναντο
880 3321 895 3337 ο
928 3304 1010 3358 σὺ
1043 3300 1204 3361 δ’ὀὺ
1246 3300 1454 3372 θάνες·
1513 3304 1655 3447 ἐῗσί

940 3398 944 3403 ·
1579 3392 1671 3430 ais
1701 3415 1715 3431 .

940 3398 944 3403 '
1557 3392 1715 3431 Ιαιει.

209 3486 323 3539 Καὶ
350 3487 480 3559 δρᾷς
505 3486 625 3552 πῶς
651 3487 914 3559 διηγεῖται
945 3489 1074 3561 περὶ
1104 3487 1363 3558 γλωσσῶν
1390 3491 1418 3543 ὁ
1445 3489 1598 3559 ἅγιος
1631 3487 1791 3541 Ἀπό-

212 3579 396 3643 στολος
415 3595 429 3610 ο
461 3578 638 3634 Ἀλλὰ
655 3580 806 3649 θέλω
830 3584 1009 3635 πέντε
1028 3583 1251 3651 λόγους
1273 3582 1342 3635 ἐν
1359 3580 1683 3649 Ἐκκλησίᾳ
1710 3579 1792 3646 τῷ

206 3671 316 3724 νοΐ
325 3688 465 3740 μου,
490 3672 738 3727 τουτέστι
765 3673 853 3727 διὰ
888 3674 990 3744 τῆς
1035 3675 1352 3745 ἑρμηνείας,
1375 3674 1602 3744 φράσαι
1619 3691 1633 3706 ο
1660 3673 1737 3737 ὥς
1762 3676 1791 3727 ὁ

210 3763 518 3833 προφήτης,
546 3764 605 3816 ἐν
634 3763 911 3835 Πνεύματι
956 3764 1095 3835 ἁγίῳ
1139 3765 1218 3828 είς
1250 3765 1342 3817 τὸν
1369 3764 1492 3818 νοῦν
1525 3779 1790 3836 προκεκο-

209 3853 498 3925 ρηγημένα
531 3853 712 3925 φέρων
750 3855 829 3918 είς
870 3854 1007 3924 φῶς,
1041 3853 1127 3907 διά
1153 3856 1251 3925 τῆς
1284 3852 1618 3926 προφητείας
1646 3852 1792 3922 ὠφε-

207 3945 299 3997 λεῖ
341 3945 468 4009 τοὺς
505 3945 824 4010 ἀκούοντας.
852 3945 1040 4012 Οὕτως
1065 3946 1240 4016 κάγὼ,
1271 3947 1424 4017 φησὶ,
1452 3944 1682 4017 λαλῆσαι
1713 3945 1792 4008 εἰς

208 4034 384 4106 ἀκοὴν
412 4035 511 4104 τῆς
544 4034 868 4107 Ἐκκλησίας
902 4036 994 4089 καὶ
1020 4035 1325 4107 οίκοδομὴν,
1362 4035 1453 4088 καὶ
1482 4033 1556 4106 μὴ
1584 4034 1672 4088 διὰ
1695 4032 1791 4086 τοῦ
1842 4106 1849 4114 .

208 4126 429 4195 κόμπου
473 4124 775 4195 Ἑλληνίδος
804 4142 863 4178 τε
898 4127 993 4179 καὶ
1021 4125 1314 4197 Ἐϐραῖδος
1358 4124 1548 4179 ἑαυτὸν
1589 4124 1793 4178 οἰκοδο-

214 4217 339 4285 μεῖν
365 4215 457 4269 τδν
481 4214 677 4283 εἰδότα,
706 4217 803 4269 καὶ
839 4216 960 4287 οὐχὶ
986 4215 1085 4288 τὴν
1108 4214 1454 4289 Ἐκκλησίαν,
1480 4215 1550 4269 δι’
1570 4211 1640 4288 ἦς
1671 4216 1793 4269 ἐπί-

212 4322 408 4360 σταται
436 4304 707 4378 γλώσσης.
735 4307 807 4359 Σὺ
835 4306 891 4359 δὲ
932 4306 1299 4377 προσέθηκας,
1324 4300 1369 4359 ὧ
1395 4305 1680 4378 Μαρκίων.
1709 4308 1791 4371 τὸ,

210 4395 314 4448 διὰ
336 4395 445 4450 τὸν
468 4397 686 4466 νόμον·
722 4396 798 4459 ὡς
827 4395 922 4450 τοῦ
950 4395 1275 4450 Ἀποστόλου
1317 4396 1595 4465 λέγοντοςο
1633 4395 1794 4451 Θέλω

1898 2660 2170 2719 Cretenses
2183 2677 2385 2731 semper
2401 2661 2697 2727 mendaces,
2722 2661 2878 2717 mala:
2897 2661 3092 2727 bestiw,
3107 2673 3304 2717 ventres
3318 2662 3475 2732 pigri.

1897 2773 2276 2849 Epimenidem
2307 2781 2545 2830 veterem
2581 2773 2962 2844 philosophum
2999 2774 3338 2845 intelligens,
3376 2772 3478 2828 Mi-

1899 2868 2037 2922 thrae
2081 2864 2365 2937 cujusdam
2413 2863 2554 2935 apud
2593 2863 2884 2921 Cretenses
2928 2864 3059 2919 idoli
3114 2861 3475 2921 sacerdotem.

1899 2955 1978 3011 De
2007 2970 2117 3026 quo
2144 2963 2199 3011 et
2230 2953 2601 3010 Callimachus
2654 2952 2890 3025 Libycus
2922 2961 3083 3024 poeta
3131 2953 3273 3008 idem
3321 2953 3476 3008 testi-

1900 3048 2145 3103 monium
2194 3046 2333 3102 falso
2361 3045 2430 3101 ad
2470 3045 2783 3100 institutum
2824 3060 2982 3101 suum
3025 3045 3320 3110 transtulit,
3352 3060 3475 3100 cum

1899 3138 1972 3193 ita
2008 3138 2076 3196 de
2103 3137 2235 3193 Jove
2251 3136 2451 3193 cecinit
2476 3154 2489 3190 :

1891 3252 2050 3308 Creta
2065 3249 2270 3322 quidem
2298 3250 2512 3322 assidue
2539 3247 2785 3322 mendax.
2815 3246 2922 3301 Rea:
2948 3262 3152 3322 magna,
3182 3245 3476 3322 sepulcrum

1892 3322 2052 3377 Creta
2077 3316 2228 3375 tuum
2254 3319 2548 3387 exstruxit,
2573 3316 2663 3373 sed
2691 3326 2738 3372 te
2765 3334 2905 3372 mors
2943 3316 3093 3391 nulla
3120 3316 3342 3387 subegit.

1965 3496 2128 3553 Vides
2150 3510 2412 3567 quorsum
2430 3494 2520 3551 ille
2539 3493 2607 3549 de
2631 3493 2831 3565 linguis
2850 3492 3093 3564 Apostoli
3116 3506 3297 3548 sermo
3309 3490 3479 3561 perti-

1892 3595 2053 3665 neat;
2066 3576 2206 3639 Volo
2220 3585 2443 3656 quinque
2457 3600 2536 3638 vei
2548 3582 2613 3637 ba
2625 3584 2682 3637 in
2701 3582 2935 3637 Ecclesia
2952 3599 3107 3637 sensu
3128 3598 3260 3646 meo,
3275 3580 3375 3643 hoc
3394 3587 3479 3635 est

1891 3692 2017 3732 cum
2044 3676 2517 3747 interpretatione,
2532 3676 2702 3745 loqui.
2722 3673 3190 3740 Quemadmodum
3216 3672 3477 3743 propheta

1893 3781 2016 3839 quae
2043 3768 2147 3823 sibi
2182 3767 2357 3823 sancti
2383 3765 2623 3837 Spiritus
2652 3766 2836 3822 amata
2862 3767 2918 3821 in
2946 3766 3191 3820 animum
3223 3764 3475 3818 immissa

1895 3854 2102 3909 fuerint
2139 3854 2195 3908 in
2227 3854 2466 3909 medium
2503 3853 2808 3925 proferens,
2849 3854 3195 3910 auditoribus
3233 3853 3350 3909 suis
3379 3868 3477 3924 per

1892 3945 2234 4016 prophetiam
2276 3945 2421 4000 illam
2456 3945 2615 4000 atlert
2656 3945 2969 4009 utilitatem,
3012 3945 3087 3999 ita
3119 3959 3240 4015 ego,
3276 3942 3475 4012 inquit,

1891 4038 2042 4107 lsqui
2089 4036 2170 4092 sic
2198 4037 2385 4107 cupio,
2419 4043 2481 4089 ut
2518 4038 2610 4089 'me
2650 4034 2897 4089 Ecclesia
2934 4034 3117 4089 omnis
3167 4034 3375 4099 audiat,
3421 4040 3476 4087 et

1899 4126 2159 4181 aedificari
2188 4126 2382 4196 possit,
2400 4138 2510 4178 non
2542 4133 2601 4179 ut
2624 4123 2827 4179 Graeca:
2852 4132 2946 4177 aut
2972 4123 3255 4178 llebraica:
3282 4125 3478 4194 lingua:

1893 4217 2121 4274 scientia
2154 4216 2333 4271 elatus
2376 4230 2463 4270 me
2500 4230 2693 4279 unum,
2727 4215 2820 4285 qui
2864 4229 2985 4269 eam
3027 4214 3238 4269 scilicet
3274 4215 3478 4268 intelli-

1892 4321 2036 4378 gum,
2065 4319 2177 4360 non
2220 4302 2521 4359 Ecelesiam
2553 4305 2753 4374 ipsam,
2790 4302 3078 4358 aediﬁcem.
3114 4301 3196 4356 Tu
3236 4317 3366 4357 vero
3410 4302 3479 4357 ii-

1894 4397 1989 4451 lud
2021 4394 2306 4460 addidisti,
2350 4394 2575 4460 Marcio,
2609 4394 2670 4448 ob
2710 4394 2894 4465 legem,
2927 4393 3086 4465 quasi
3116 4393 3189 4448 ita
3238 4394 3476 4464 scripse-

210 4486 394 4542 πέντε
416 4489 639 4558 λόγους
663 4488 733 4542 ἐν
754 4487 1076 4557 Ἐκκλησία
1115 4486 1213 4541 διὰ
1254 4489 1360 4541 τὸν
1401 4487 1609 4557 νόμον.
1635 4488 1792 4542 me-

1898 4489 1970 4543 rit
1993 4487 2330 4555 Apostolus:
2369 4487 2498 4542 Volo
2534 4489 2758 4558 quinque
2796 4487 2949 4541 verba
2976 4488 3033 4540 in
3077 4485 3316 4541 Ecclesia
3350 4501 3478 4555 pro-

212 4576 396 4648 σθητι,
430 4576 684 4631 Βαϐυλὼν
710 4577 957 4649 δευτέρα,
988 4577 1080 4629 καὶ
1102 4577 1263 4650 καινὴ
1297 4577 1543 4654 Σοδόμων
1566 4577 1795 4648 πολυμι-

213 4667 477 4734 ξία.”Εως
498 4668 626 4722 πότε
652 4667 921 4737 συνέχεις³
936 4666 1035 4730 τὰς
1056 4666 1306 4735 γλώσσας
1323 4685 1338 4733 ;
1358 4667 1504 4730 Ἕως
1526 4667 1654 4720 πότε
1674 4667 1795 4721 τολ-

185 4801 196 4809 .
216 4763 329 4832 μᾶς
357 4759 499 4814 κατά
540 4759 651 4813 τῶν
698 4759 801 4812 ὑπὸ
834 4758 928 4812 σοῦ
967 4758 1132 4829 μηδὲν
1172 4757 1568 4829 ἀδικουμένωνς
1604 4760 1795 4828 Ζητεῖς

212 4859 326 4925 γὰρ
358 4850 644 4923 βιάσασθαι
676 4849 970 4919 ἅγγελικάς
994 4849 1270 4921 δυνάμεις,
1298 4849 1543 4903 ἐκϐαλὼν
1564 4850 1691 4913 τοὺς
1711 4848 1797 4902 λό-

211 4962 350 5014 γους
377 4943 485 5022 τῆς.
500 4940 755 5013 ἀληθείας
784 4942 894 4995 ἀπὸ
936 4941 1037 5012 τῆς
1058 4940 1388 5011 Ἐκκλησίας
1419 4940 1641 5011 φάσκων
1672 4940 1797 4995 Λὼτ

210 5035 297 5105 τῷ
339 5033 505 5106 ἀγίῳ·
544 5032 826 5103 Ἐξὰγαγε
855 5032 998 5099 τοὺς
1025 5032 1265 5099 ἄνδρας.
1293 5033 1401 5085 Καὶ
1425 5033 1454 5087 ὃ
1474 5033 1792 5103 ἐπιχειρεῖς,

213 5125 362 5180 κατὰ
396 5123 622 5178 σεαυτοῦ
652 5125 947 5195 ἐπιχειρεῖς
965 5139 980 5154 ·
1021 5124 1146 5187 τοὺς
1186 5122 1244 5176 δὲ
1285 5122 1477 5189 λόγους
1516 5124 1617 5194 τῆς
1661 5122 1793 5194 ἀλη-

213 5217 371 5280 θείας
395 5216 495 5270 οΰκ
532 5215 802 5282 ἐκϐαλεῖς,
830 5214 966 5269 ἀλλά
984 5214 1209 5268 σεαυτὸν
1237 5215 1479 5269 πατάσσε
1489 5231 1532 5279 ις
1549 5217 1607 5270 ὲν
1626 5217 1794 5290 ἀορα-

214 5309 337 5381 σία,
379 5308 477 5365 καὶ
506 5313 566 5366 ἐν
604 5309 760 5364 νυκτὶ
789 5308 1111 5383 ὲζοφωμένῃ
1144 5308 1368 5379 διάγεις,
1398 5307 1676 5385 ψηλαφῶν⁴
1695 5310 1798 5382 τὴν

1897 4593 2011 4651 pter
2025 4581 2207 4651 legem.
2232 4579 2440 4636 Pudeat
2464 4588 2534 4649 te,
2564 4579 2805 4636 secunda
2828 4579 3089 4650 Babylon,
3112 4594 3181 4633 ac
3208 4578 3477 4635 Sodomo-

1902 4689 2023 4728 rum
2070 4687 2212 4728 nova
2261 4672 2533 4729 confusio.
2576 4671 2882 4744 ‘Quousque
2924 4673 3140 4743 linguas
3173 4672 3309 4728 istas
3348 4687 3478 4727 con-

1901 4763 2132 4820 fundes?
2161 4763 2458 4836 Quousque
2487 4771 2679 4821 contra
2719 4779 2815 4821 eos
2861 4764 3062 4836 quibus
3099 4778 3299 4820 nocere
3343 4764 3475 4818 nihil

1902 4867 2058 4930 potes
2090 4865 2239 4912 tuam
2289 4857 2530 4913 armabis
2577 4858 2903 4914 audaciam?
2952 4856 3090 4911 Nam
3131 4857 3336 4926 angelis
3367 4857 3476 4911 vim

1903 4948 2113 5005 moliris
2164 4947 2383 5012 afferre,
2417 4956 2472 5003 et
2503 4948 2571 5003 ab
2616 4947 2864 5004 Ecclesia
2913 4947 3161 5002 veritatis
3196 4960 3476 5001 sermones

1899 5038 2202 5108 abjudicas,
2228 5038 2389 5110 363
2422 5038 2581 5108 quasi
2619 5039 2691 5091 ita
2728 5044 2977 5093 sanctum
3013 5035 3117 5090 Lot
3159 5035 3472 5105 alloquare:

1902 5127 2052 5182 Educ
2079 5127 2220 5182 viros
2243 5128 2388 5181 illos.
2426 5125 2627 5181 Verum
2662 5134 2786 5180 tuus
2818 5124 2871 5178 in
2905 5132 2957 5179 te
2981 5131 3211 5180 conatus
3237 5118 3474 5184 recidet;

1856 5229 1869 5235 '
1900 5233 2004 5274 nec
2044 5217 2167 5275 ideo
2198 5218 2444 5274 veritatis
2483 5217 2606 5274 illos
2658 5230 2941 5273 sermones
2980 5215 3159 5286 ejicis,
3205 5213 3302 5268 sed
3344 5210 3475 5266 tibi-

1903 5311 2121 5384 metipsi
2149 5312 2450 5367 caecitatem
2482 5309 2702 5383 inﬂigis,
2735 5318 2898 5380 atque
2927 5307 2982 5363 in
3010 5306 3337 5364 densissima
3374 5318 3474 5360 no-

295 5460 503 5537 ‘Forte
528 5456 604 5537 ὧν
629 5462 974 5537 causam».
1012 5490 1028 5502 -
1067 5461 1107 5493 "
1143 5459 1207 5517 F-
1237 5460 1520 5533 ἀγνώστῳο
1599 5466 1618 5497 ³
1666 5480 1793 5534 ιφολ

1898 5464 2056 5520 allow.
2136 5467 2158 5498 ³
2203 5463 2262 5520 F.
2298 5466 2539 5537 συγχεῖς.
2600 5464 2683 5520 ⁸11
2702 5464 2844 5521 Tim.
2874 5481 2959 5531 tlt,
2993 5465 3080 5521 15.
3125 5466 3148 5498 ⁸
3176 5466 3299 5521 Act.
3337 5481 3471 5530 xvu,

214 5533 311 5590 23.
385 5534 565 5589 'ibid.
640 5533 660 5566 "
691 5531 799 5590 Tit.
825 5549 864 5599 ι,
893 5533 980 5587 12.

293 5668 407 5744 (85)
439 5669 573 5744 _"Ira
607 5669 715 5744 sor
752 5667 1345 5744 Ἐπιμενίδην-δείξῃ.
1370 5668 1795 5744 Mithrcesacere

217 5738 405 5796 dotem
439 5740 587 5795 hunc
619 5740 789 5796 fuisse
818 5738 1017 5810 scribit
1053 5738 1424 5810 Epiphanius,
1458 5740 1606 5810 quod
1647 5743 1790 5809 apud

219 5811 516 5869 Cretenses
540 5810 745 5868 idolum
775 5810 957 5866 fuerit.
986 5807 1323 5881 Quod'apud
1349 5807 1514 5867 alium
1539 5826 1649 5867 non
1682 5807 1793 5867 iue-

1901 5669 2035 5724 mini
2075 5669 2254 5738 legere
2279 5707 2293 5731 ,
2326 5681 2504 5736 neque
2538 5682 2749 5738 verum,
2775 5667 3032 5738 ai‘bitror.
3079 5667 3154 5723 De
3196 5667 3475 5738 proverbii

1901 5685 2035 5724 num
2076 5684 2254 5738 legere
2279 5707 2293 5731 ,
2326 5684 2504 5736 neque
2538 5684 2726 5723 verum
2775 5684 3032 5724 al'Dltl‘Ol'.
3082 5684 3154 5723 ue
3241 5684 3474 5725 ro.vermt

1900 5740 2049 5796 illius
2082 5738 2559 5811 origitie_l_§pijtsg
2597 5738 2685 5794 ἀεὶ
2722 5736 2988 5811 ψεῦσται,
3031 5738 3153 5795 vide
3195 5684 3474 5807 igliotium,

1902 5826 1958 5865 n.
1992 5811 2109 5878 190,
2142 5822 2266 5882 pag.
2302 5808 2428 5865 249.
