3934 6426
578 367 681 424 795

2017 370 2075 425 S.
2111 367 2453 425 EPlPllANll
3707 374 3780 430 ’195

573 490 679 541 ctis
711 485 948 556 caligine
976 484 1237 548 versaris,
1270 483 1414 541 fores
1440 486 1688 556 palpaus,
1723 502 1824 542 nec
1855 488 2163 556 inveniens,

2283 488 2464 560 δύραν,
2501 487 2595 541 καὶ
2645 485 2722 557 μὴ
2769 486 3043 558 εὑρίσκων
3070 485 3177 548 ἕως
3205 480 3455 556 ἀνατείὶῃ
3497 486 3523 537 6
3559 484 3782 554 ἦ).ιος,καὶ

582 584 762 636 donec
789 565 1057 635 solﬂortus
1091 577 1278 643 fuerit,
1309 577 1698 648 tuquejudicii
1732 578 1875 634 diem
1909 579 2169 652 aspicias,

578 674 634 730 lu
683 688 792 745 quo
831 671 1135 728 mendaciis
1176 672 1284 726 tuis
1310 670 1507 727 vindex
1536 672 1679 744 ignis
1713 684 1995 730 occurrat.
2036 674 2172 731 Nam

576 767 670 822 hic
701 774 775 829 te,
808 765 889 820 uti
917 763 1095 830 vides,
1118 771 1422 833 exspectat.
1456 763 1727 820 Catterum
1760 766 1902 836 apud
1936 767 2171 837 Aposto-

578 861 689 913 ium
720 871 833 912 non
867 857 1087 927 legitur,
1119 865 1335 926 propter
1363 856 1565 927 legem;
1599 857 1697 914 sed
1731 859 1863 914 illud
1893 876 1925 915 a
1972 866 2026 915 te
2052 875 2176 931 per-

575 964 764 1021 peram
797 956 882 1004 est
920 948 1217 1019 adjectum.
1243 947 1401 1015 Quod
1432 949 1479 1002 si
1512 948 1660 1003 istud
1689 950 2016 1016 addidisset,
2041 967 2176 1007 con-

576 1050 901 1097 scntaneum
950 1042 999 1096 ei
1047 1040 1211 1108 foret,
1255 1039 1404 1111 quod
1445 1041 1515 1095 ab
1558 1041 1679 1111 eius
1723 1041 1954 1098 Domino
1997 1042 2176 1099 fuerat

575 1133 816 1188 dictum:
854 1132 976 1188 Non
1007 1133 1229 1190 venisse
1273 1147 1334 1189 se
1367 1141 1431 1189 ut
1475 1133 1648 1205 legem
1679 1134 1937 1200 solveret,
1987 1133 2087 1190 sed
2119 1142 2176 1188 ut

576 1226 905 1297 adimpleret
925 1226 965 1281 ¹.

651 1318 838 1375 Schol.
872 1319 941 1373 M
974 1328 1032 1374 et
1058 1318 1150 1374 22.
1196 1317 1262 1372 1η
1311 1318 1417 1389 lege
1451 1318 1709 1389 scriptum
1753 1328 1830 1374 est
1861 1333 1879 1373 :
1909 1318 2179 1386 Quoniam

576 1411 631 1465 in
664 1412 786 1466 aliis
818 1410 1013 1482 linguis
1065 1426 1118 1466 et
1141 1410 1296 1465 labiis
1321 1411 1444 1465 aliis
1477 1410 1668 1482 loquar
1692 1410 1884 1480 populo
1915 1411 2036 1465 huic
2058 1414 2100 1467 ί.

654 1593 840 1649 ltefut.
878 1593 947 1647 M
990 1599 1044 1648 et
1067 1591 1157 1646 22.
1201 1590 1315 1647 Nisi
1353 1592 1444 1645 illa
1482 1607 1603 1662 quae
1646 1592 1701 1646 iu
1752 1594 1867 1663 lege
1912 1602 2174 1663 praedicta

580 1685 801 1741 fuerant
838 1684 1102 1740 Dominus
1134 1685 1435 1753 implesset,
1463 1684 1595 1755 quid
1638 1685 1904 1740 attinebat
1943 1685 2176 1756 Aposto-

580 1778 695 1831 lum
745 1791 807 1830 ea
848 1789 1303 1839 commemorare,
1332 1789 1459 1844 qua}
1498 1791 1563 1829 ex
1602 1774 1720 1847 lege
1754 1775 1928 1829 veteri
1957 1773 2175 1830 fuerant

2279 582 2394 654 ἴδῃς
2425 581 2522 652 τὴν
2546 571 2760 651 ἡμέραν
2785 579 2883 650 τῆς
2908 579 3143 650 κρίσεως
3161 597 3172 608 ·
3199 573 3309 651 ὲνῇ
3339 579 3432 632 καὶ
3458 577 3515 630 τὸ
3541 577 3637 649 πῦρ
3658 579 3778 633 bim-

2274 676 2497 747 τήσεται
2528 674 2592 744 τῇ
2636 675 2701 743 σῇ
2732 669 3088 742 ψευδηγορίᾳ,
3121 669 3290 722 Τοῦτο
3314 669 3422 740 γάρ
3458 685 3513 721 σε
3553 668 3789 739 ἐκδέχεται,

2275 766 2351 829 ὡς
2377 766 2529 837 ὁρᾷς.
2559 761 2697 818 Οὔτε
2732 761 2841 832 γὰρ
2874 763 3055 814 κεῖται
3102 760 3252 832 παρὰ
3290 758 3367 831 τῷ
3397 758 3697 829 Ἀποστόλῳ,
3721 759 3791 813 διὰ

2274 860 2382 915 τὸν
2405 858 2613 928 νόμον,
2646 857 2741 910 καὶ
2773 853 2925 927 παρὰ
2969 853 3051 906 σοὶ
3092 852 3249 906 τοῦτο
3274 853 3659 924 πεποιήτευται.
3689 853 3791 906 Elii

2275 953 2369 1007 καὶ
2394 950 2580 1020 ἔλεγεν
2606 950 2634 1002 6
2660 947 3007 1012 Ἀπύστολος,
3036 945 3135 1001 διὰ
3159 946 3264 999 τὸν
3288 945 3493 1016 νόμον,
3523 946 3791 1017 συνᾳδόντως

2274 1043 2426 1112 ἔλεγε
2455 1040 2533 1112 τῷ
2559 1039 2754 1095 ἑαυτοῦ
2776 1037 2985 1110 Κυρίῳ·
3012 1036 3124 1106 Ούχ
3155 1036 3240 1091 ἵνα
3271 1036 3544 1107 καταλύσῃ
3558 1037 3637 1090 τὸν
3659 1038 3793 1105 νόμος,

2274 1136 2391 1191 ἀλλ’
2425 1136 2514 1189 ἶνα
2540 1131 2733 1205 πληρὼ
2741 1149 2827 1203 σῃ.

2346 1321 2405 1376 ιδ’
2437 1321 2531 1375 καὶ
2559 1320 2645 1392 κβ¹
2679 1321 2827 1392 σχόλ.
2867 1323 2971 1377 Ἐν
2993 1321 3073 1388 τῷ
3102 1320 3264 1389 νόμῳ
3284 1318 3614 1388 γέγραπταί,
3639 1318 3790 1375 ὄτιἜο

2273 1416 2753 1481 ἑτερογλώσσοις
2776 1455 2792 1480 ,
2845 1414 2944 1468 καὶ
3002 1412 3279 1483 χείλεσιν
3336 1410 3556 1478 ἑτέροις
3606 1410 3795 1477 λαλήσω

2277 1503 2430 1572 πρὸς
2455 1503 2564 1557 τόν
2591 1503 2747 1558 λαόν
2778 1505 3018 1560 τοῦτον.

2349 1594 2410 1649 ιδ’
2445 1597 2537 1649 καὶ
2566 1593 2649 1666 κβ¹
2677 1595 2857 1667 ἔλεγχ.
2900 1594 2966 1649 Εἰ
3011 1595 3086 1667 μὴ
3130 1593 3421 1665 ἐπλήρωσε
3462 1593 3651 1664 Κύριος
3685 1591 3797 1644 τὰέν

2273 1686 2351 1758 τῷ
2400 1686 2550 1757 νόμῳ
2584 1684 2981 1756 προειρημένα,
3014 1684 3096 1747 τίς
3121 1678 3189 1754 ἦν
3223 1683 3382 1753 χρεία
3426 1682 3515 1735 τὸν
3547 1681 3798 1735 Ἀπόστολοι

2275 1779 2592 1851 ὑπομνῆσαι
2622 1776 2690 1831 τὰ
2723 1776 2830 1830 ἀπὸ
2852 1774 3019 1846 νόμου
3048 1776 3106 1829 ὲν
3134 1775 3313 1844 Καινῇ
3344 1771 3586 1845 Διαθήκῃ
3622 1772 3797 1843 πληρσῷ

581 1868 637 1922 iu
687 1865 837 1921 Novo
884 1864 1240 1920 Testamento
1280 1865 1556 1935 perlecta?
1598 1864 2073 1932 Quemadmodum
2119 1877 2174 1924 et

2283 1888 2451 1944 μενας
2493 1871 2581 1934 Ὠς
2611 1869 2706 1925 καὶ
2733 1868 2763 1921 6
2795 1867 2989 1940 Σωτὴρ
3018 1866 3243 1932 ἔδειξεν,
3272 1866 3357 1919 ὄτι
3388 1864 3548 1927 αὐτὸς
3587 1858 3648 1934 ἧν
3683 1865 3705 1916 6
3740 1862 3798 1915 ni

583 1956 836 2011 Salvator
868 1956 988 2026 ipse
1009 1955 1374 2021 demonstrat,
1404 1955 1657 2011 eumdem
1689 1973 1748 2014 se
1773 1972 1913 2025 esse,
1943 1959 2035 2029 qui
2060 1967 2174 2013 tum

581 2049 636 2104 in
674 2049 792 2120 lege
829 2049 1045 2104 locutus
1074 2057 1176 2112 est,
1209 2048 1264 2103 in
1294 2049 1441 2104 hunc
1464 2049 1685 2104 modum
1727 2049 2120 2108 interminatus
2158 2070 2170 2106 :

581 2139 713 2195 Ideo
747 2140 980 2210 o/fensus
1015 2139 1094 2209 fui
1135 2140 1465 2210 generationi
1510 2140 1654 2206 huic,
1691 2150 1743 2194 et
1777 2140 1893 2195 dixi
1914 2156 1933 2196 :
1961 2140 2178 2212 Semper

579 2233 832 2287 hierrant
861 2235 1020 2288 corde
1042 2232 1100 2299 ';
1136 2239 1191 2288 et
1217 2249 1231 2286 :
1259 2229 1451 2285 Jurari
1471 2232 1519 2286 si
1545 2231 1840 2286 introibant
1865 2234 1919 2288 in
1949 2235 2179 2306 requiem

578 2326 820 2381 meam‘.
875 2324 1171 2395 Propterea
1231 2325 1285 2378 in
1338 2324 1462 2379 aliis
1501 2324 1702 2395 linguis
1756 2326 2067 2381 locuturum
2120 2342 2181 2383 se

583 2434 709 2475 csse
741 2417 1112 2479 denuntiavit,
1143 2423 1201 2470 ut
1233 2426 1288 2470 et
1317 2415 1537 2471 locutus
1561 2425 1645 2473 est
1667 2434 1687 2486 ',
1708 2432 1810 2473 nec
1838 2417 2074 2485 ingressi
2103 2418 2180 2473 liii

583 2518 733 2565 sunt.
807 2506 1142 2577 Hujusmodi
1196 2507 1342 2561 enim
1396 2507 1660 2577 quiddam
1718 2508 2008 2579 discipulis
2063 2510 2181 2566 suis

579 2602 789 2656 dixisse
814 2599 1015 2671 legitur
1045 2617 1058 2650 :
1103 2597 1258 2652 Vobis
1289 2596 1474 2650 datum
1508 2607 1585 2651 est
1629 2615 1781 2653 nosse
1802 2601 2054 2670 mysteria
2101 2617 2183 2655 re-

581 2693 670 2762 gni
708 2691 842 2756 Dei;
878 2689 988 2744 illis
1027 2698 1204 2742 autem
1251 2689 1305 2742 in
1349 2689 1644 2758 parabolis,
1696 2699 1752 2743 ut
1798 2692 2028 2747 ridentes
2076 2710 2181 2746 non

583 2785 794 2839 videant
816 2784 859 2846 ⁸,
893 2790 1000 2838 etc.
1051 2780 1188 2836 Cum
1223 2781 1409 2852 itaque
1459 2781 1513 2834 in
1542 2781 1696 2836 Novo
1730 2782 2083 2840 Testamento
2117 2801 2181 2842 ea

585 2877 793 2947 ubique
827 2876 941 2932 sint
978 2875 1223 2946 impleta,
1265 2891 1389 2945 quae
1419 2875 1475 2929 in
1507 2873 1699 2930 Vetere
1725 2876 2180 2943 continebantur,

581 2971 839 3025 dubitare
889 2984 1051 3024 nemo
1087 2967 1458 3039 potest,quin
1508 2964 1755 3037 ejusdem
1791 2967 1957 3023 ambo
1989 2967 2185 3024 Testa-

585 3070 768 3119 menta
806 3060 899 3116 Dei
938 3061 1068 3125 sint,
1105 3076 1216 3115 non
1252 3061 1478 3115 alterius
1508 3074 1571 3114 ac
1604 3059 1825 3114 diversi.

656 3153 843 3210 Schol.
900 3154 965 3208 15
1013 3161 1067 3209 et.
1111 3152 1202 3210 25.
1244 3150 1497 3207 Mulieres
1548 3153 1605 3205 in
1649 3152 1874 3206 ecclesia
1946 3161 2175 3208 taceant.

585 3246 710 3303 Non
754 3248 893 3302 enim
921 3246 1247 3316 permittitur
1279 3243 1389 3297 illis
1421 3243 1601 3314 loqui;
1633 3245 1722 3298 sed
1768 3242 1998 3298 subdita:
2047 3246 2177 3311 sint,

582 3341 717 3395 sicut
746 3349 795 3393 et
831 3341 915 3393 lex
940 3336 1068 3390 dicit
1088 3337 1130 3390 ⁸.

655 3430 841 3487 ιὶοΐυι.
875 3430 943 3485 15
977 3439 1033 3486 et
1065 3432 1158 3485 23.
1201 3428 1257 3485 Si
1299 3444 1364 3484 ex
1409 3426 1545 3498 legis
1577 3426 1902 3497 praescripto
1945 3425 2180 3483 sancis-

582 3525 758 3581 simus
787 3522 880 3578 Dei
919 3523 1219 3593 Apostolus
1256 3519 1515 3576 Ecclesiae
1544 3517 1793 3595 ordinem
1848 3534 1915 3574 ac
1945 3517 2184 3588 discipli-

583 3633 714 3673 nam
747 3616 1056 3680 constituit,
1101 3630 1211 3671 non
1245 3615 1351 3671 erit
1380 3614 1467 3669 lex
1498 3613 1712 3670 ordinis
1757 3627 1976 3684 expers,
2012 3627 2042 3667 e
2075 3626 2183 3683 qua

583 3709 836 3765 ordinem
864 3707 1164 3780 Apostolus
1194 3707 1512 3773 transtulit;
1542 3721 1721 3777 neque
1767 3706 1837 3762 ab
1866 3704 2045 3760 alieno
2073 3703 2182 3759 Deo

550 3788 1007 3874 ‘proliciscetur,
1058 3816 1180 3872 quae
1227 3802 1347 3856 viro
1391 3799 1651 3856 feminam
1707 3814 1831 3856 esse
1876 3798 2182 3869 subiectam

587 3894 853 3966 praecipit.
888 3892 1004 3949 Hoc
1038 3893 1185 3949 enim
1225 3902 1280 3950 et
1312 3892 1580 3965 Apostolo
1624 3893 1683 3947 in
1744 3889 2183 3947 condendis.Ec-

586 3987 771 4044 etesiae
804 3987 1017 4058 legibus
1048 3986 1276 4058 placuit,
1314 3995 1370 4041 ut
1401 3987 1518 4057 ipse
1546 3992 1808 4051 testatur,
1833 3982 2000 4059 364
2028 3980 2182 4038 Sicut

586 4090 636 4137 et
666 4079 752 4134 lex
773 4078 923 4134 dicit.
960 4078 1067 4135 Sed
1110 4080 1337 4135 ubinam
1361 4079 1584 4135 demum
1612 4078 1716 4134 ista
1749 4078 1835 4134 lex
1874 4076 2052 4132 dicit?
2088 4074 2185 4130 Ni-

588 4174 788 4229 mirum
832 4187 898 4228 eo
933 4172 1160 4237 inloco,
1198 4170 1294 4226 ubi
1338 4172 1415 4226 ita
1441 4170 1711 4226 Dominus
1745 4169 1910 4223 Evam
1948 4166 2183 4238 alloqui-

587 4276 679 4321 tur
706 4284 720 4321 :
753 4264 836 4319 Ad
868 4264 1040 4318 virum
1067 4265 1169 4319 erit
1215 4264 1484 4318 conversio
1525 4271 1640 4328 tua,
1673 4270 1724 4318 et
1746 4263 1856 4332 ipsc
1882 4260 2185 4316 dominabi-

590 4370 678 4413 tur
708 4357 862 4412 tibi".
914 4355 1076 4421 Nam,
1125 4354 1232 4412 etsi
1270 4355 1551 4426 plerisque
1597 4353 1814 4408 aliisin
1855 4352 1990 4417 locis
2041 4352 2183 4407 idem

590 4452 885 4522 repetitum
927 4447 1140 4514 fuerit;
1173 4447 1285 4502 illic
1324 4454 1508 4502 tamen
1546 4447 1789 4516 primum
1834 4452 1919 4501 est
1959 4456 2187 4513 usurpa-

2276 1964 2398 2019 τότε
2426 1966 2482 2016 ἐν
2512 1963 2662 2033 νόμῳ
2684 1960 2950 2032 λαλήσας,
2979 1960 3075 2013 καὶ
3103 1957 3247 2013 κατὰ
3282 1955 3513 2027 ἀπειλὴν
3543 1955 3704 2026 ὁρίσας
3738 1955 3800 2007 αὖε

2274 2058 2389 2118 τοῖς
2413 2053 2588 2124 λέγων
2606 2068 2618 2082 '
2645 2052 2741 2106 Διὸ
2771 2049 3182 2122 προσώχθησα
3214 2047 3291 2117 τῇ
3318 2045 3497 2117 γενεᾷ
3527 2047 3709 2114 ταύτῃ,
3737 2043 3801 2097 καΙ

2277 2141 2479 2200 εἷπον·
2498 2142 2616 2198 Ἀεὶ
2657 2138 3003 2196 πλανῶνται
3040 2137 3115 2208 τῇ
3143 2137 3360 2208 καρδίᾳ
3385 2150 3398 2164 ’
3433 2137 3545 2199 καὶ,
3568 2135 3800 2204 "Dymaei

2277 2237 2732 2294 εἰσελεύσονται
2775 2235 2863 2301 εὶς
2907 2232 3022 2302 τὴν
3067 2228 3462 2284 κατάπαυσίν
3480 2244 3613 2296 μου.
3647 2224 3722 2278 Διὸ
3743 2223 3803 2275 2:1

2280 2335 2339 2386 ὲν
2368 2327 2789 2402 ἑτερογλώσσοις
2811 2323 3180 2396 ἐπηγγείλατο
3199 2321 3433 2393 λαλῆσαι
3457 2323 3645 2384 αὐτοῖς,
3666 2320 3725 2384 ὡς
3741 2319 3802 2371 καὶ

2281 2425 2545 2495 ἐλάλησε-
2574 2421 2672 2476 stati.
2720 2420 2824 2473 οὐκ
2869 2416 3138 2489 εἰσῆλθον.
3178 2416 3353 2469 Τοῦτο
3408 2414 3514 2486 γὰρ
3563 2412 3801 2485 εύρίσγετιι

2281 2515 2458 2584 λέγων
2478 2514 2590 2576 τοῖς
2619 2510 2786 2566 αὑτοῦ
2820 2509 3090 2581 μαθηταῖς
3106 2525 3119 2538 ·
3164 2506 3325 2576 Ὑμῖν
3347 2505 3579 2560 δεδοται
3601 2499 3805 2568 λαλῆσαί

2281 2605 2354 2660 τὰ
2372 2602 2681 2675 μυστήρια
2709 2599 2819 2669 τῆς
2844 2598 3170 2666 ,βασιλείας
3189 2615 3203 2630 ο
3238 2597 3497 2662 ἐκεινοις
3518 2595 3582 2648 δὲ
3600 2594 3660 2647 ἐν
3677 2606 3797 2659 1am

2283 2695 2514 2763 ϐολαῖς,
2544 2695 2646 2749 ἵνα
2668 2692 3007 2758 βλέποντες
3042 2689 3130 2760 μὴ
3167 2689 3472 2754 βλέπωσι,
3516 2688 3600 2740 καὶ
3624 2685 3681 2739 τὰ
3705 2684 3800 2753 ἑῇς.

2283 2786 2571 2858 Πανταχοῦ
2606 2786 2787 2838 τοίνυν
2818 2785 2879 2837 ὲν
2912 2785 2979 2854 τῇ
3013 2784 3191 2854 Καινῇ
3219 2782 3290 2834 τὰ
3318 2781 3434 2834 ἀπὸ
3461 2778 3683 2840 Παλαιᾶς
3715 2774 3801 2841 πλη-

2287 2881 2549 2955 ρούμενα,
2583 2878 2743 2933 παντί
2768 2895 2845 2948 τῳ
2874 2875 3044 2945 σαφές
3071 2877 3237 2932 ἐστιν,
3275 2874 3361 2928 ὅτι
3393 2873 3491 2944 ούχ
3526 2872 3685 2943 ἐτέρου
3715 2865 3804 2920 Θεοῦ

2285 2977 2380 3030 καὶ
2408 2976 2624 3051 ἐτέρου,
2658 2972 2795 3028 ἀλλὰ
2814 2969 2911 3025 τοῦ
2935 2968 3101 3025 αὐτοῦ
3127 2969 3182 3022 al
3203 2967 3299 3021 δύο
3315 2966 3576 3037 Διαθῆκαι
3597 2962 3803 3016 συνίσταν-

2285 3088 2396 3125 ται.

2358 3168 2420 3216 ιε’
2451 3160 2547 3215 καὶ
2575 3167 2661 3226 κγ’
2691 3157 2840 3230 σχόλ.
2881 3160 2949 3211 Al
2981 3153 3270 3226 γυναῖκες
3320 3152 3393 3205 ἐν
3452 3147 3719 3216 ἐκκλησίᾳ
3748 3158 3800 3195 σι-

2285 3253 2587 3326 γάτωσαν.
2615 3253 2698 3306 Οὐ
2729 3249 2841 3321 γὰρ
2869 3246 3243 3316 ἐπιτρέπεται
3270 3244 3488 3309 αὐταῖς
3508 3238 3713 3301 λαλεῖν,
3737 3235 3805 3289 ἀλ·

2282 3345 2365 3402 λὰ
2388 3343 2977 3405 ὑποτασσέσθωσαν,
3009 3338 3206 3406 καθὼς
3230 3338 3332 3392 καὶ
3358 3340 3392 3391 ὁ
3425 3336 3609 3405 νόμος
3636 3330 3781 3399 λέγει,

2357 3447 2418 3494 ιε’
2449 3439 2543 3494 καὶ
2568 3444 2653 3508 κγ’
2690 3436 2870 3509 ἐλεγχ.
2916 3436 2977 3489 Εἰ
3008 3432 3152 3489 κατὰ
3190 3432 3285 3486 τὸν
3324 3430 3494 3501 νόμον
3536 3424 3804 3483 διατάσσετα·

2284 3535 2313 3587 ὁ
2354 3533 2510 3601 ἆγιος
2543 3530 2638 3584 τοῦ
2687 3528 2823 3583 Θεοῦ
2855 3524 3179 3588 Ἀπὸστολος
3220 3522 3320 3594 τὴν
3369 3518 3615 3585 εὐταξίαν
3638 3517 3693 3586 τῇ

2284 3621 2379 3676 τοῦ
2403 3596 2552 3675 ’Θεοῦ
2585 3617 2908 3689 Ἐκκλησία,
2936 3616 3037 3670 ούκ
3061 3615 3300 3677 ἄτακτος
3325 3615 3355 3666 6
3380 3613 3562 3684 νόμος,
3588 3609 3668 3677 ἀφ’
3690 3596 3805 3670 οὗπερ

2284 3714 2385 3786 τὴν
2406 3710 2658 3780 εὐταξίαν
2689 3708 3116 3782 μετακομίξεται
3130 3722 3142 3735 ⁸
3171 3705 3295 3760 οὐδὲ
3321 3703 3599 3774 ἀλλοτρίου
3619 3696 3727 3752 Θεοῦ
3743 3694 3806 3745 ὺπ-

2287 3782 2446 3879 ﬁexa
2479 3810 2508 3861 ὁ
2536 3806 2721 3876 νόμος,
2751 3804 2850 3881 τὴν
2878 3803 3114 3872 γυναῖκα
3154 3796 3543 3862 καθυποτάξας
3583 3790 3650 3862 τῷ
3686 3782 3802 3881 inlini.

2285 3876 2621 3969 Σύναρέσκει
2663 3876 2771 3967 γὰρ
2804 3893 2898 3948 καὶ
2923 3892 3237 3964 Ἀποστόλῳ
3266 3890 3517 3944 τοῦτο-ὲν
3542 3889 3602 3957 τῇ
3622 3883 3703 3953 τῆς
3725 3876 3803 3930 Ἕκ·

2286 3989 2514 4063 κλησίας
2548 3987 2860 4061 νομοθεσίᾳ,
2888 3986 2965 4051 ὥς
3007 4002 3140 4059 φησι
3165 4002 3178 4016 ο
3225 3983 3438 4049 Καθὼς
3475 3978 3571 4036 καὶ
3614 3980 3643 4031 ό
3682 3972 3802 4040 rem

2285 4080 2472 4152 λέγει.
2512 4079 2626 4135 Ποῦ
2675 4080 2733 4135 δὲ
2784 4081 2812 4134 6
2848 4075 3002 4133 εἶπεν
3036 4080 3065 4132 6
3092 4078 3290 4149 νόμος;
3329 4074 3496 4129 Ἀλλὰ
3523 4076 3577 4126 ἐν
3606 4069 3672 4141 τῷ
3689 4062 3799 4120 simil

2287 4173 2378 4227 τὸν
2411 4171 2547 4227 Θεὸν
2576 4171 2717 4244 πρὸς
2738 4170 2838 4243 τὴν
2862 4168 3006 4225 Εὕαν
3026 4169 3189 4232 εὐθύς
3208 4185 3223 4200 ·
3251 4167 3411 4237 ιζρὸς
3432 4167 3540 4221 τὸν
3557 4161 3717 4229 ἄνδρα
3730 4169 3805 4244 Gott

2287 4265 2325 4333 ἡ
2358 4242 2717 4332 ἀποστροφή
2771 4242 2913 4327 σου,
2956 4261 3055 4315 καὶ
3099 4259 3282 4325 αὑτός
3312 4274 3431 4313 σου
3462 4253 3739 4325 κυριεύσει.
3766 4242 3806 4333 lii

2286 4355 2397 4428 γὰρ
2442 4355 2538 4409 καὶ
2571 4356 2629 4408 ὲν
2653 4352 2834 4418 ἄλλοις
2864 4353 3069 4417 τόποις,
3100 4350 3239 4406 ἀλλὰ
3274 4349 3528 4404 ἐντεῦθεν
3557 4351 3589 4417 ἡ
3616 4341 3746 4416 ἀρχή.
3765 4332 3806 4386 Εἰ

2286 4450 2467 4504 τοίνυν
2500 4447 2609 4503 ἀπὸ
2652 4448 2775 4501 τότε
2816 4450 2852 4518 ἡ
2904 4447 3042 4519 γυνὴ
3094 4446 3343 4516 ὑπετάγη
3375 4447 3441 4497 ἐκ
3467 4439 3807 4513 προστάγματος

590 4552 730 4596 tum.
757 4538 878 4595 Jam
906 4554 1031 4595 cum
1062 4553 1131 4592 ex
1171 4537 1267 4592 illo
1298 4544 1547 4607 tempore
1575 4536 1838 4606 deinceps
1869 4534 2067 4590 mulier
2097 4534 2179 4589 di-

2295 4540 2433 4595 Θεοῦ
2461 4539 2539 4612 τῷ
2567 4539 2742 4611 ἀνδρὶ,
2770 4538 2866 4593 καὶ
2893 4536 3205 4601 ἀκολούθως
3235 4538 3263 4590 6
3284 4533 3603 4593 Ἀπόστολος
3632 4522 3808 4618 καθυξφ

592 4630 721 4685 vino
749 4628 1010 4683 mandato
1037 4626 1158 4681 viro
1187 4627 1439 4697 subjecta
1468 4641 1593 4682 esse
1622 4626 1877 4696 coeperit,
1918 4633 1974 4681 et
2013 4625 2068 4680 id
2103 4640 2179 4682 se-

2289 4634 2482 4688 τάσσει
2514 4632 2719 4706 ταύτην
2740 4649 2753 4663 ο
2791 4632 2892 4685 οὐκ
2922 4630 3220 4694 ἀντιθέτως
3249 4627 3329 4699 τῷ
3364 4628 3635 4696 ποιήσαντι
3660 4618 3731 4671 τὸν
3751 4611 3808 4664 ἄν·

591 4728 756 4778 cutus
798 4720 1099 4790 Apostolus
1140 4719 1390 4775 eamdem
1434 4719 1758 4789 subiecerit,
1797 4733 1900 4774 nec
1939 4718 2019 4773 illi
2059 4717 2190 4785 Deo,

589 4817 686 4888 qui
709 4816 884 4872 virum
912 4812 1537 4884 femiuamquecondidit
1561 4813 1901 4869 contrarium
1929 4811 2193 4884 quiddam

593 4902 937 4974 praeceperit.
1000 4899 1161 4970 plane
1210 4898 1360 4955 istud
1410 4897 1652 4966 indicat,
1707 4898 1956 4969 ejusdem
2005 4913 2065 4953 se
2100 4895 2196 4953 Dei

588 4994 901 5067 apostolum
927 5007 994 5048 ac
1021 4992 1393 5064 legislaturem
1426 5006 1572 5069 esse,
1603 5007 1634 5045 a
1668 5004 1779 5061 quo
1817 4989 1903 5044 lex
1934 4989 2053 5059 ipsa
2081 4984 2189 5042 Ve-

589 5098 790 5158 tusque
824 5093 912 5143 est
942 5085 1356 5142 Testamentum
1392 5098 1557 5139 omne
1580 5082 1891 5139 derivatum
1920 5099 1932 5136 :
1963 5080 2051 5136 cui
2076 5080 2189 5135 No-

590 5197 718 5237 vum
759 5180 951 5247 etiam,
982 5177 1231 5250 adeoque
1257 5187 1553 5246 utrumque
1576 5175 1988 5233 Testamentum
2024 5173 2191 5228 tribui

587 5280 861 5343 oporteat,
901 5270 1051 5342 quod
1086 5270 1396 5336 mulierem,
1427 5275 1487 5322 ut
1531 5266 1683 5331 olim,
1726 5269 1801 5322 ita
1837 5275 1891 5319 et
1933 5279 2080 5318 nime
2122 5262 2194 5318 ob

594 5365 739 5431 piam
776 5373 945 5434 atque
975 5362 1300 5433 aequabilem
1341 5360 1778 5415 moderationem
1827 5358 1947 5414 viro
2001 5357 2192 5414 subdi-

592 5467 703 5511 tam
731 5474 855 5514 esse
878 5456 1181 5529 praecipiat.
2153 5522 2159 5527 _

666 5545 850 5602 Schol.
892 5544 962 5600 16
1006 5554 1061 5600 et
1107 5546 1200 5602 24.
1241 5545 1319 5602 De
1364 5543 1772 5602 resurrectione
1818 5548 2186 5596 mortuorum.

592 5637 802 5693 Notum
832 5646 1011 5690 autem
1030 5639 1172 5693 vobis
1208 5639 1371 5707 facio,
1401 5638 1619 5708 fratres,
1653 5635 2023 5704 Evangelium,
2048 5631 2190 5706 quod

669 5762 686 5791 ι
720 5756 913 5812 Matth.
945 5770 1000 5816 ν,
1032 5756 1118 5810 l7.

596 5829 685 5886 11,
766 5828 789 5858 ⁸
831 5824 849 5876 l
882 5823 1007 5879 Cor.
1046 5842 1159 5896 xiv,
1192 5825 1281 5879 51,
1360 5828 1380 5859 ⁷
1418 5825 1551 5879 Gen.
1588 5840 1668 5892 ιιι,
1710 5823 1791 5877 16.

1263 5757 1285 5785 ¹
1316 5757 1331 5811 l
1367 5754 1494 5809 Cor.
1528 5770 1641 5814 xw,
1676 5748 1786 5816 21‘;
1830 5751 1935 5808 Isa.
1974 5764 2167 5817 xxvtn,
2210 5747 2296 5805 if.

2293 4725 2512 4799 θρωπον
2541 4727 2636 4781 καὶ¹
2663 4724 2760 4796 τὴν
2793 4727 3035 4795 γυναῖκα
3056 4723 3174 4794 Θεῷ
3208 4722 3371 4785 αὐτὸς
3403 4716 3647 4776 κελεύων,
3666 4708 3809 4799 δείκνπξ

2295 4833 2381 4871 σιν
2412 4816 2738 4883 ὲξὰπαντος,
2768 4816 2853 4870 ὃτι
2905 4814 3000 4869 τοῦ
3046 4812 3211 4869 αὑτοῦ
3246 4811 3381 4867 Θεοῦ
3411 4810 3631 4881 ὑπάρχει
3654 4804 3679 4855 6
3701 4792 3808 4851 Ἀπό-

2297 4910 2483 4974 στολος
2504 4909 2802 4981 νομοθέτης
2818 4906 2978 4972 Θεοῦ,
3001 4899 3063 4961 οὗ
3085 4905 3181 4961 xui.
3202 4906 3234 4958 6
3256 4905 3419 4976 νόμος
3438 4898 3524 4974 ἦν,
3553 4896 3682 4963 καὶὴ
3708 4887 3808 4941 πᾶσα

2298 5002 2511 5059 Παλαιὰ
2556 5002 2833 5073 Διαθὴκη·
2870 5001 2968 5054 καὶ
2999 4998 3092 5054 τοῦ
3125 4996 3290 5054 αύτοῦ
3332 4999 3367 5068 ἡ
3405 4991 3572 5063 Καινὴ
3610 4981 3808 5073 Διαθήκης

2297 5092 2576 5147 τουτέστιν
2611 5094 2669 5146 αἱ
2700 5091 2792 5146 δύο
2819 5091 3109 5159 Διαθῆκαι,
3140 5093 3194 5144 al
3225 5089 3323 5161 τὴν
3356 5088 3581 5156 γυναῖκα
3617 5078 3718 5131 τότε
3749 5066 3809 5121 καὶ

2301 5184 2396 5240 νῦν
2416 5182 2871 5250 καθυποτάξασαι
2902 5182 2982 5253 τῷ
3013 5182 3169 5254 ἀνδρὶ
3201 5180 3267 5235 δι’
3294 5178 3492 5247 εὐσεϐῆ
3520 5174 3606 5230 καὶ
3631 5161 3809 5234 ἀντίρφ

2303 5292 2403 5330 πον
2424 5273 2696 5342 εὐταξίαν.

2375 5546 2451 5605 ις’
2482 5539 2578 5591 καὶ
2604 5538 2683 5592 κδ’
2715 5537 2866 5608 σχόλ.
2910 5536 3048 5609 Περὶ
3071 5534 3417 5591 ἀναστασεως
3448 5521 3657 5595 νεκρῶν.
3688 5513 3728 5567 Γ
3730 5524 3801 5563 νω-

2290 5628 2429 5700 ρίζω
2461 5631 2530 5685 δὲ
2565 5630 2730 5697 ὑμῖν,
2762 5628 3041 5696 ἀδελφοὶ,
3074 5628 3140 5681 τὸ
3171 5622 3528 5694 Eii-arrabo:
3578 5611 3606 5664 ὃ
3625 5609 3805 5672 εῠηπε·

2451 5749 2470 5780 ³
2508 5746 2652 5803 Psal.
2691 5761 2838 5816 xcn',
2875 5744 2943 5800 10
3077 5742 3097 5774 ⁸
3133 5740 3267 5798 ibid.
3299 5739 3380 5795 11,
3478 5729 3683 5789 ‘Matth.
3717 5729 3801 5777 xm,
