3934 6420
560 405 666 466 799
1962 418 2019 477 S.
2065 422 2113 478 EI

2204 422 2397 479 'IIANII
2748 458 2755 463 -
3678 441 3757 500 8w

559 535 680 596 est,
715 544 778 584 ac
807 531 1139 600 temporaria
1172 532 1264 586 illa
1298 533 1607 605 corruptio,
1642 535 2043 609 dissolutioque
2070 541 2112 594 oi

2203 570 2215 603 ι
2242 543 2341 612 τὴν
2370 542 2753 613 ἐπενεχθεῖσαν
2786 543 2934 614 αὐτῷ
2959 544 3048 600 διὰ
3064 545 3163 617 τῆς
3186 548 3279 602 τοῦ
3321 551 3487 623 Ἀδὰμ
3509 559 3756 630 παρακοῆς,

558 620 754 675 Adami
786 624 1203 679 contumaciam
1252 639 1318 678 ac
1362 625 1542 681 scelus
1577 624 1822 682 inﬂicta?
1848 627 1967 683 lam
2009 647 2111 686 ver:

2248 633 2369 687 Ὅτι
2400 634 2456 688 δὲ
2487 635 2616 707 περὶ
2643 636 2751 690 τῶν
2781 636 3090 708 μελλουσῶν
3119 658 3286 712 φησιν
3320 645 3384 698 ἐν
3408 620 3550 716 αῦτῷ
3567 620 3756 704 τελειοῦ-

559 711 628 768 de
658 712 857 768 futuris
885 713 1012 767 olim
1049 715 1344 779 beneﬁciis,
1373 731 1496 787 quae
1526 718 1579 771 in
1608 732 1811 789 corpus
1840 720 2112 775 derivand:

2246 721 2369 776 σθαι
2404 723 2765 795 εὐεργεσιιῖιν,
2800 727 2889 783 διὰ
2940 729 3043 800 τῆς
3075 711 3420 803 ὑποσχέσεως
3464 711 3532 789 τε
3565 737 3758 809 πληροῦ-

558 813 686 858 sunt
706 846 721 870 ,
747 806 1066 874 Apostolum
1102 805 1281 875 loqui,
1317 823 1383 862 ex
1412 822 1478 862 eo
1500 814 1668 878 patet,
1693 808 1839 877 quod
1872 810 2110 879 pollicita

2245 812 2371 867 σθαί
2398 832 2467 883 με
2489 816 2510 847 ⁵
2549 818 2803 888 σημαίνει
2826 819 3000 891 λέγων
3020 838 3034 853 ο
3067 824 3204 878 Τότε
3233 825 3543 894 γενήσεται
3564 831 3595 882 ό

558 895 722 949 tionis
771 895 1003 949 formula
1059 896 1115 952 id
1173 898 1318 967 quod
1371 897 1548 953 eidem
1608 899 1926 970 contingere
1978 901 2111 957 debe

2243 909 2277 960 ὁ
2303 909 2707 979 γεψαμμένος
2724 927 2738 941 ·
2780 914 3093 984 Κατεπόθη
3137 919 3172 971 ὁ
3203 917 3455 986 θάνατος
3484 922 3566 988 εις
3600 895 3757 992 rixae;

556 987 907 1055 expresserit.
934 985 977 1040 Τ
980 1003 1100 1053 une,
1119 987 1317 1057 inquit,
1338 990 1427 1057 ﬁet
1447 1004 1639 1053 sermo,
1661 989 1753 1060 qui
1766 990 1993 1056 scriptus
2013 996 2091 1042 est

2242 999 2330 1052 ἵνα
2359 1000 2577 1072 σημάνῃ
2607 1001 2705 1070 τὴν
2729 1001 2851 1057 τότε
2883 1005 3184 1075 μέλλουσαν
3206 985 3440 1062 ἔσεσθαι
3456 985 3646 1082 νεκρῶν
3664 985 3762 1069 ἁνα-

555 1076 818 1145 Absorpta
846 1085 923 1131 est
959 1094 1098 1133 mors
1152 1080 1205 1132 in
1247 1081 1490 1134 victoria.
1523 1079 1734 1146 Quibus
1772 1080 1955 1135 verbis
1988 1081 2104 1134 l'utu

2241 1105 2452 1143 στασιν.
2500 1090 2715 1162 Ἐπειδὴ
2749 1093 3027 1166 κατεπόθη
3059 1096 3089 1148 ό
3122 1096 3353 1162 θάνατος
3382 1098 3490 1154 ἀπὸ
3695 1100 3761 1158 ’ἐν

553 1179 665 1218 ram
684 1175 814 1220 tunc
829 1175 1172 1221 mortuorum
1189 1170 1643 1224 resurrectionem
1662 1168 2106 1239 signifrcat.Quan

2236 1182 2304 1251 τῇ
2333 1180 2429 1235 τοῦ
2462 1181 2700 1252 Χριστοῦ
2730 1184 3025 1241 ἀναστάσει
3072 1188 3182 1242 τῶν
3223 1191 3320 1244 καὶ
3367 1190 3465 1244 σὺν
3507 1192 3642 1257 αὐτῷ
3666 1194 3759 1249 ἀνι-

549 1256 843 1326 doquidem
903 1273 971 1313 ex
1025 1259 1207 1329 aliqua
1253 1271 1405 1330 parte
1443 1261 1502 1315 in
1531 1261 1733 1318 Christi
1767 1263 2099 1323 resurrectio

2233 1270 2495 1325 στάντωνο
2513 1271 2765 1341 Ἀνέστη
2789 1274 2901 1343 γὰρ
2913 1280 3115 1333 πολλὰ
3130 1276 3373 1348 σώματα
3392 1279 3509 1334 τῶν
3520 1281 3698 1351 ἁγίων,
3709 1285 3762 1350 ὥς

551 1362 638 1413 ne,
673 1361 973 1418 eorumque
998 1351 1092 1419 qui
1121 1365 1245 1404 cum
1275 1350 1497 1407 Christo
1523 1360 1652 1408 sunt
1677 1353 1745 1408 ad
1775 1353 1942 1407 vitam
1975 1353 2104 1408 exci'

2234 1376 2368 1430 φησι
2394 1364 2455 1414 τὸ
2476 1361 2825 1432 Εὐαγγέλιον,
2853 1368 2951 1420 καὶ
2969 1368 3391 1443 συνεισῆλθοζ
3406 1350 3657 1438 αὑτῷίεις
3681 1376 3764 1441 τὴν

551 1435 675 1501 tati,
705 1437 963 1507 absorpta
1003 1454 1151 1495 mors
1181 1447 1283 1495 est.
1314 1439 1488 1495 Multa
1516 1442 1653 1510 enim
1680 1451 1985 1498 sanctorum
2012 1458 2104 1495 cor

2233 1447 2412 1517 ἁγίαν
2425 1449 2627 1504 πόλιν.
2677 1452 2813 1506 Τότε
2865 1455 2924 1508 δὲ
2961 1458 3041 1520 εἰς
3089 1435 3237 1522 νῖκος
3283 1435 3658 1526 καταπίνεται..
3700 1435 3766 1517 ὅτι

547 1540 680 1592 pora
708 1538 1084 1597 surrexerunt,
1108 1539 1167 1593 ut
1189 1531 1242 1585 in
1277 1531 1571 1603 Evangelia
1600 1534 1870 1603 proditum
1899 1541 1984 1589 est
2011 1534 2053 1599 ί,
2079 1551 2100 1590 ε

1758 1543 1870 1588 tum
1899 1541 1984 1589 est
2011 1534 2053 1599 ί,
2079 1543 2130 1590 et
2236 1538 2344 1593 ἀπὸ
2378 1539 2594 1597 πάντων
2625 1542 2929 1611 καθολικῶς
2953 1547 3306 1618 ἀφαντοῦται.

548 1635 668 1676 eum
695 1637 755 1676 eo
782 1626 1019 1693 ingressa
1048 1626 1247 1679 suntin
1284 1634 1525 1715 sanctam
1558 1628 1847 1682 civitatem.
1917 1626 2022 1682 Sed
2086 1634 2200 1682 tum
2240 1630 2563 1690 absorbetur
2609 1635 2668 1692 in
2703 1636 2985 1708 ,victoria,
3022 1655 3150 1696 cum
3188 1644 3257 1697 ab
3295 1645 3550 1703 omnibus
3589 1649 3765 1702 omnino

547 1719 771 1791 depulsa
802 1720 1129 1790 corporibus
1158 1722 1458 1777 evanescit.

775 1828 939 1900 366
975 1829 1059 1885 Eo:
1083 1827 1326 1900 Epistola
1357 1831 1420 1886 ll
1455 1832 1524 1886 ad
1563 1833 1886 1890 Corinthios.
2159 1838 2203 1898 Β

2159 1838 2203 1898 Β
2444 1832 2581 1887 Ἀπὸ
2612 1834 2724 1905 τῆς
2759 1840 2911 1907 πρὸς
2940 1843 3295 1910 Κορινθίους
3323 1845 3616 1917 δευτέρας.

619 1938 769 1995 llanc
829 1939 1032 1995 Marcio
1072 1943 1285 1997 tertiam
1347 1943 1543 2001 ordine
1594 1947 1918 2011 collocavit,
1966 1946 2131 2018 idque

2303 1940 2453 2035 Αὕτη
2483 1944 2725 2018 δὲ’τρίτη
2763 1951 2941 2003 κεῖται
2971 1952 3124 2025 παρὰ
3155 1954 3237 2026 τῷ
3266 1955 3569 2031 Μαρκίωνι.
3593 1963 3762 2035 Πετηλ-

544 2041 876 2089 commutata
907 2035 1067 2090 serie.
1098 2035 1230 2102 Quae
1265 2035 1410 2092 enim
1439 2036 1504 2091 ad
1534 2036 1753 2095 Galatas
1786 2039 1990 2110 scripta
2022 2048 2097 2095 est

2232 2033 2519 2106 λαγμένως
2545 2037 2625 2103 δὲ,
2652 2039 2742 2095 διὰ
2768 2041 2830 2095 τὸ
2856 2042 3082 2116 πρώτην
3109 2047 3242 2119 παρ’
3266 2050 3419 2121 αὐτῷ
3445 2033 3764 2129 τετάχθαιτὴν

541 2142 662 2181 eum
689 2126 867 2199 primo
898 2128 1019 2184 loco
1051 2129 1254 2201 posuit.

1116 2129 1254 2189 rsuit.
2236 2125 2373 2198 πρὸς
2402 2128 2669 2194 Γαλάτας.

613 2217 798 2274 Schol.
835 2221 861 2276 1
910 2230 965 2277 et
1148 2221 1414 2293 Quotquot
1440 2223 1578 2278 enim
1620 2224 1996 2293 promissiones
2034 2224 2131 2280 Dei

2300 2227 2349 2273 α’
2380 2222 2473 2275 καὶ
2517 2229 2596 2276 κε’
2628 2225 2775 2296 σχόλ.
2810 2226 3008 2284 Πᾶσαι
3044 2232 3156 2302 γὰρ
3191 2236 3252 2288 al
3287 2235 3626 2307 ἐπαγγελίαι
3652 2243 3763 2297 Θεοῦ

538 2320 661 2366 sunt
698 2313 754 2367 iu
782 2313 878 2368 illo
899 2322 977 2368 est
1005 2328 1024 2367 :
1054 2314 1171 2369 ideo
1199 2325 1246 2369 et
1280 2331 1373 2385 per
1402 2316 1575 2386 ipsum
1614 2319 1779 2372 Amen
1823 2316 1920 2372 Dei
1951 2319 1994 2373 '.

2229 2311 2299 2366 ἐν
2341 2311 2501 2378 αὐτῷ
2529 2314 2596 2368 τὸ
2629 2318 2730 2371 ναί
2760 2336 2772 2350 ο
2807 2317 2898 2373 διὸ
2935 2323 3034 2376 καί
3072 2322 3148 2378 δι’
3173 2325 3366 2382 αὑτοῦ
3410 2328 3476 2382 τὸ
3520 2331 3687 2402 Ἀμὴν
3708 2334 3766 2399 τῷ

2232 2400 2373 2455 Θεῶ.

611 2486 790 2543 Rcfut.
830 2487 853 2541 1
890 2496 944 2543 et
978 2487 1069 2542 25.
1101 2486 1262 2558 Aperi
1294 2489 1485 2545 oculos
1514 2501 1567 2547 et
1608 2492 1854 2559 salvare,
1881 2492 2106 2550 Marcio.

2232 2419 2327 2455 σε·
2358 2440 2373 2454 .

2300 2419 2353 2546 ιζ’)
2382 2493 2476 2546 καὶ
2513 2494 2593 2548 κε’
2633 2495 2815 2568 ἔλεγχ.
2866 2500 3139 2567 Διάνοιξον
3184 2506 3317 2570 τοὺς
3354 2523 3653 2581 οφοαΑμους
3695 2529 3762 2564 σου

536 2579 696 2646 Quod
749 2579 795 2635 si
849 2580 1029 2635 facere
1087 2581 1232 2635 istud
1282 2583 1446 2637 modo
1496 2599 1604 2638 non
1646 2594 1944 2654 potes,-eo
1982 2604 2089 2658 quo

2230 2585 2324 2638 καὶ
2374 2584 2599 2656 σώθητι,
2633 2581 2680 2642 ὦ
2709 2591 2999 2661 Μαρκίων.
3042 2594 3106 2648 Ei
3163 2595 3221 2649 δὲ
3258 2600 3327 2653 σὺ
3376 2579 3553 2656 οὐκέτι
3589 2603 3763 2658 δύνασαι

536 2670 778 2735 obieris,
809 2671 884 2726 illi
927 2672 1118 2727 saltem
1169 2671 1448 2742 aperiant,
1500 2690 1638 2745 quos
1679 2683 1737 2729 tu
1778 2678 1833 2731 in
1882 2693 2089 2735 errorer

2230 2676 2646 2749 (τετελεύτηκας
2677 2680 2833 2754 γὰρ),
2864 2685 2913 2737 ei
2936 2685 3053 2739 ἀπὸ
3070 2686 3164 2741 σοῦ
3198 2689 3571 2763 ἁπατηθέντες
3597 2695 3763 2759 ἀνοιξὰ-

536 2762 836 2831 impulisti,
870 2770 1052 2833 teque,
1089 2772 1149 2820 ut
1180 2774 1508 2822 venenatum
1547 2776 1856 2839 serpentem
1879 2809 1894 2833 ,
1943 2779 1999 2826 et
2028 2785 2089 2843 ap

2227 2783 2406 2822 τωσαν
2432 2770 2558 2835 τοὺς
2590 2770 2902 2844 ὀφθαλμοὺς
2933 2776 3117 2831 αὐτῶν
3140 2818 3158 2845 ,
3191 2780 3289 2834 καὶ
3336 2762 3647 2853 φυγέτωσαν
3684 2786 3761 2838 ἀπὸ

538 2852 1030 2923 νιορίηιιυιιηεὶιιιιε
1063 2856 1289 2911 noxium
1331 2858 1588 2914 devitem.
1627 2859 1760 2914 Nam
1796 2860 1841 2915 si
1871 2872 2091 2934 quotque

2228 2856 2331 2912 σοῦ
2351 2898 2366 2923 ,
2396 2859 2473 2923 ὡς
2504 2860 2617 2914 ἀπὸ
2644 2863 2876 2933 ἑρπετοῦ
2902 2865 3097 2932 δεινοῦ,
3132 2871 3235 2924 καὶ
3258 2852 3647 2944 λυμαινομένου
3671 2878 3764 2937 τοὶς

532 2945 906 3012 promissiones
941 2945 1039 3001 Dei
1062 2957 1207 3014 sunt,
1258 2949 1313 3003 in
1348 2948 1440 3004 illo
1484 2951 1684 3016 etiam;
1731 2954 2085 3023 promissione

2226 2948 2567 3018 ὲγγίζοντας.
2604 2951 2668 3004 Ei
2695 2951 2809 3023 γὰρ
2841 2953 2984 3008 ὅσαι
3018 2957 3374 3028 ἐπαγγελίαι
3411 2963 3586 3029 Θεοῦ,
3624 2963 3673 3014 ὲν
3694 2962 3762 3015 αὺ-

533 3051 698 3104 porro
730 3034 825 3091 Dci
853 3052 948 3093 eas
976 3038 1270 3108 Apostolus
1304 3040 1576 3113 intelligit,
1608 3058 1729 3114 quae
1756 3045 1871 3115 lege
1901 3060 1964 3101 ac
1997 3061 2086 3116 pro

2225 3038 2306 3111 τῷ
2349 3040 2411 3094 τὸ
2438 3041 2531 3095 ναὶ
2554 3081 2570 3107 ,
2614 3043 2949 3113 ἐπαγγελίας
2981 3047 3039 3101 δὲ
3075 3049 3211 3103 Θεοῦ
3243 3046 3389 3106 οἶδεν
3417 3056 3446 3109 ὁ
3500 3054 3762 3115 Ἀπόστολος

533 3126 711 3196 pinetis
745 3130 1115 3198 continentur,
1158 3135 1427 3203 sequitur,
1463 3136 1626 3191 etiam
1663 3137 1796 3193 illud
1830 3139 2086 3211 implend:

533 3232 651 3249 ι-ιιιιι
698 3220 1102 3249 ηιαηηιιηιὲα.......
1151 3225 1428 3249 ..-ηρ-3-...
1471 3227 1523 3249 ε..
1565 3226 1779 3249 [τι-ε-.-
1839 3230 2086 3249 ---ηεεηε

2226 3130 2316 3185 διὰ
2346 3131 2441 3186 τοῦ
2465 3133 2634 3203 νόμου
2664 3135 2756 3188 καὶ
2784 3135 2893 3191 τῶν
2920 3139 3215 3210 προφητῶν
3235 3157 3249 3172 ο
3276 3143 3391 3215 ἄρα
3416 3161 3481 3214 γε
3510 3146 3565 3199 ὲν
3588 3142 3764 3217 Χριστῷ

2232 3220 2293 3249 ,λ
2324 3223 2409 3249 ...Α
2444 3222 2552 3249 -.”⁸...
2587 3223 2931 3249 1__-_._\-.".-.
2958 3227 3049 3249 ___':
3087 3228 3183 3249 _\_
3216 3248 3221 3249 ,
3249 3230 3263 3248 ι
3348 3248 3353 3249 ,
3487 3234 3542 3249 ι-
3575 3234 3601 3249 ρ
3678 3233 3699 3244 -

532 3232 651 3270 rum
698 3220 1103 3289 proplietiarum
1151 3225 1429 3294 proprium
1471 3227 1527 3281 in
1564 3226 1786 3285 Christo
1830 3230 2085 3286 conﬁrma

2232 3220 2295 3274 τὸ
2324 3223 2415 3275 ναὶ
2443 3222 2556 3276 τῶν
2586 3223 2931 3293 ἐπαγγελιῶν
2956 3227 3051 3281 τοῦ
3083 3228 3455 3303 πληρώματος
3482 3233 3757 3288 ὲϐεόαιοῦτο.

531 3320 644 3362 tum
677 3300 1083 3379 fuisse.'Quare
1114 3330 1214 3369 nec
1246 3330 1277 3369 a
1316 3317 1486 3373 veleri
1520 3318 1667 3389 lege,
1706 3334 1809 3376 nec
1831 3337 1860 3375 a
1893 3323 2084 3393 propht

2232 3312 2348 3365 Οὐκ
2380 3312 2659 3387 ἀλλότριος
2689 3313 2783 3370 οὖν
2810 3318 2841 3370 ὁ
2864 3319 3109 3390 Χριστὸς·
3138 3300 3232 3377 τοῦ
3264 3300 3501 3380 παλαιοῦ
3525 3327 3672 3399 νόμον
3694 3326 3762 3379 uel

531 3396 636 3461 tis,
672 3399 881 3456 alienus
912 3409 996 3456 est
1027 3402 1282 3461 Christus
1306 3445 1321 3471 ,
1348 3422 1448 3462 nec
1484 3422 1514 3461 a
1544 3407 1655 3463 Deo
1679 3450 1694 3471 ,
1715 3412 1809 3481 qui
1843 3422 1899 3467 et
1934 3412 1990 3467 in
2014 3414 2084 3484 leg

2229 3402 2338 3456 τῶν
2371 3406 2665 3477 προφητῶν
2680 3446 2694 3469 ,
2721 3408 2843 3462 οὐδὲ
2879 3410 2985 3464 τοῦ
3010 3410 3147 3466 Θεοῦ
3168 3412 3262 3467 τοῦ
3296 3396 3622 3489 λαλήσαντος
3640 3421 3687 3473 ὲν
3703 3417 3763 3487 τῷ

530 3491 748 3546 locutus
777 3498 895 3557 est,
939 3500 994 3548 et
1041 3508 1139 3549 sua
1186 3496 1241 3549 in
1290 3495 1514 3553 Christo
1560 3503 1832 3570 promissa
1874 3505 2083 3572 perfeci

2229 3494 2412 3565 νόμῳ,
2444 3497 2541 3550 κα)⁸
2566 3499 2623 3551 ὲν
2654 3498 2877 3570 Χριστῷ
2903 3500 3000 3565 τὰς
3031 3504 3200 3559 αὑτοῦ
3233 3507 3564 3578 ἐπαγγελίας
3595 3510 3758 3579 πεπλη-

550 3581 658 3637 Scd
704 3598 882 3651 neque
915 3581 1026 3639 Deo
1079 3585 1155 3640 illi
1208 3590 1302 3657 qui
1346 3590 1516 3660 legem
1550 3606 1613 3647 ac
1655 3593 1952 3664 preplietas
1977 3596 2099 3652 dedi

2230 3583 2488 3654 ρωκότοςζ
2552 3586 2691 3641 Ἀλλ’
2736 3589 2859 3643 οὐδὲ
2910 3591 3187 3657 ἀντίθετος
3240 3596 3270 3648 ὁ
3306 3598 3544 3670 Χριστὸς
3584 3597 3762 3670 τῷθεῷ

529 3673 674 3728 idem
720 3674 811 3729 ille
848 3674 1103 3733 Christus
1154 3679 1498 3737 adversatur.
1532 3681 1667 3737 Nam
1719 3700 1823 3756 pro
1869 3701 1936 3742 eo
1976 3702 2082 3759 quo

2225 3674 2305 3746 τῷ
2329 3675 2582 3732 δεδωκότι
2608 3680 2771 3751 νόμον
2793 3682 2889 3736 καὶ
2918 3686 3227 3757 προφήτας,
3260 3689 3362 3744 Διὰ
3393 3691 3504 3761 γὰρ
3534 3690 3592 3745 τὴ
3618 3693 3667 3744 ὲν
3686 3691 3758 3743 αὖ.

531 3763 682 3821 illius
718 3765 1144 3835 pollicitationes
1194 3770 1250 3825 in
1284 3770 1405 3841 ipso
1448 3783 1852 3843 repraesentata:
1879 3788 2037 3847 sunt,
2071 3799 2084 3834 ι

2222 3769 2303 3841 τῷ
2338 3770 2437 3835 τὰς
2462 3771 2896 3842 ὲπαγγελθείσας
2925 3777 3247 3848 ὑποσχέσεις
3286 3779 3500 3854 (εἶναι)
3541 3783 3755 3853 γίνεσθαι,

528 3870 621 3924 per
649 3857 821 3927 ipsum
842 3860 1047 3931 ,inquit
1067 3901 1083 3925 ,
1108 3861 1273 3918 Amen
1309 3863 1425 3920 Dei.
1455 3865 1598 3922 Deus
1627 3869 1773 3924 enim
1793 3868 1958 3927 Pater
1993 3887 2081 3943 prt

2221 3861 2311 3916 διὰ
2342 3862 2501 3916 τοῦτό
2524 3881 2684 3935 φησιο
2720 3865 2834 3919 Καὶ
2859 3864 2936 3919 δι’
2964 3868 3153 3923 αὑτοῦ
3199 3868 3268 3924 τὸ
3313 3871 3498 3941 Ἀμὴν
3529 3871 3605 3938 τῷ
3635 3869 3754 3934 Θεῷ·

530 3948 717 4017 misit,
748 3950 1004 4010 Christus
1053 3970 1182 4011 vero
1235 3956 1499 4021 Dominus
1551 3966 1669 4013 rata
1722 3961 1812 4015 illa
1852 3961 2014 4030 fecit,
2064 3980 2083 4021 ε

2220 3952 2357 4007 Θεοῦ
2408 3955 2510 4026 μὲν
2557 3956 2770 4028 Πατρὸς
2803 3960 3277 4033 ἐπαγγειλαμένου
3304 4001 3320 4027 ,
3360 3963 3594 4036 Χριστοῦ
3618 3962 3665 4016 δὲ
3689 3958 3753 4015 τοῦ

529 4042 705 4098 Amen
736 4045 986 4102 adhibuit
1037 4049 1145 4106 illis
1186 4066 1325 4121 quos
1361 4052 1451 4106 illa
1486 4054 1779 4124 promissio
1820 4057 2082 4113 conﬁrma

2221 4044 2315 4097 καὶ
2349 4042 2712 4112 βεϐαιοῦντος,
2745 4049 2837 4101 καὶ
2870 4049 3081 4120 Κυρίου
3104 4050 3164 4105 τὸ
3210 4052 3384 4124 ’Δμὴν
3419 4050 3752 4125 περιποιουμέ-

402 4184 411 4187 -
528 4133 652 4192 vit:
688 4136 891 4208 quique
939 4137 1153 4197 Patrem
1192 4142 1344 4199 illum
1384 4158 1546 4200 suum
1594 4156 1955 4216 agnoverunt1

2219 4150 2310 4189 νου
2333 4174 2349 4200 ,
2395 4136 2463 4190 δι’
2499 4136 2664 4192 αὐτοῦ
2717 4140 2774 4192 ἐν
2806 4143 2921 4205 τοῖς
2960 4140 3027 4195 δι’
3066 4141 3230 4196 αὑτοῦ
3278 4148 3346 4217 τῇ
3388 4144 3672 4216 ἐπαγγελίᾳ
3693 4142 3755 4213 βε·

529 4226 588 4284 in
622 4227 737 4298 lege
776 4229 990 4287 locutus
1028 4240 1132 4300 est,
1163 4248 1225 4288 ac
1264 4234 1615 4293 credentibus
1663 4238 1924 4301 salutaria
1969 4240 2077 4297 don

2218 4225 2499 4281 ϐαιωθεῖσι
2550 4230 2643 4283 καὶ
2688 4232 3074 4301 ἒπιγνωσθεῖσι
3122 4236 3214 4290 τὸν
3254 4237 3480 4309 Πατέρα
3526 4234 3673 4294 αὐτοῦ
3712 4237 3754 4286 ἐν

530 4323 783 4377 contulit.
813 4322 910 4380 llis
938 4324 1085 4380 enim
1120 4326 1210 4381 ille
1235 4328 1419 4383 verbis
1450 4345 1581 4386 usus
1611 4340 1696 4386 est
1729 4351 1743 4386 :
1771 4332 1890 4400 Ita,
1926 4332 2083 4390 Pater

2216 4317 2368 4388 νόμῳ
2393 4318 2751 4392 λελαληκότα,
2782 4324 2877 4377 καὶ
2923 4327 2983 4379 ὲν
3008 4327 3328 4398 Εὑαγγελίῳ
3359 4333 3475 4394 τοίς
3511 4344 3752 4384 mirimo-

530 4415 656 4484 quia
686 4417 764 4471 ita
787 4416 1040 4485 placitum
1072 4429 1149 4474 est
1181 4429 1302 4475 ante
1331 4431 1378 4475 te
1409 4423 1449 4478 ³.

2214 4409 2336 4464 κὸσι
2364 4410 2740 4484 δεδωρημένον
2772 4414 2841 4468 τὰ
2879 4418 3125 4489 σωτήρια
3154 4417 3262 4474 τῶν
3299 4420 3568 4490 λεγόντων
3599 4421 3657 4473 δι’
3682 4418 3755 4471 σὺ·

2144 4541 2189 4596 D
2213 4500 2306 4555 τοῦ
2358 4502 2608 4571 λέγοντος
2635 4506 2877 4577 Χριστοῦ
2904 4523 2918 4536 ·
2964 4509 3102 4576 Ναὶ,
3126 4513 3159 4565 ό
3207 4510 3441 4579 πατὴρ,
3482 4511 3571 4565 ὅτι
3608 4510 3755 4572 οὕτως

1712 4640 1719 4647 .
2145 4591 2179 4655 θ
2216 4591 2452 4663 ἐγένετο
2480 4595 2518 4661 ἠ
2540 4593 2785 4649 εὐδοκία
2806 4596 3065 4652 ἐνώπιόν
3090 4616 3228 4654 σου.

603 4662 789 4718 Schol.
818 4664 855 4718 2
878 4674 931 4721 et
960 4666 1052 4722 26.
1097 4667 1218 4723 Non
1247 4672 1386 4724 enim
1424 4688 1516 4727 nos
1550 4674 1689 4745 ipsos
1720 4678 2109 4746 prwdicamus,

2258 4662 2335 4752 νβ’
2369 4683 2463 4737 καὶ
2493 4682 2587 4737 ut"
2625 4684 2772 4755 σχόλ.
2816 4687 2901 4739 Οὐ
2940 4686 3051 4757 γὰρ
3096 4688 3346 4754 ἑαυτοὺς
3392 4692 3751 4760 κηρύσσομεν,

498 4759 618 4813 'sed
653 4757 922 4816 Christum
958 4761 1177 4831 Iesum,
1219 4781 1314 4822 nos
1351 4767 1493 4836 ipsos
1529 4786 1648 4825 uero
1695 4788 1868 4827 servos
1914 4781 2050 4829 vestr

2215 4774 2379 4829 ἀλλὰ
2437 4776 2698 4844 Χριστὸν
2763 4777 3047 4845 Ἰησοῦν,
3104 4781 3358 4849 ἑαυτοὺς
3413 4757 3483 4837 δὲ
3538 4782 3753 4839 δούλους

525 4867 620 4921 per
652 4849 857 4907 Iesum.
890 4854 1156 4921 Quoniam
1194 4855 1333 4913 Deus
1364 4862 1453 4930 qui
1489 4862 1625 4917 dixit
1672 4864 1737 4919 de
1779 4866 2001 4922 tenebris
2028 4868 2078 4921 tu

2214 4864 2383 4936 ὑμῶν
2408 4865 2506 4920 διὰ
2547 4867 2777 4935 Ἰησοῦ.
2818 4869 2942 4924 Ὅτι
2974 4871 3110 4938 Θεὸς
3158 4876 3191 4927 o'
3221 4874 3408 4927 εἰπὼν
3431 4876 3499 4929 ἐκ
3536 4873 3752 4931 σκότους

524 4958 636 4998 cem
668 4944 1025 5013 splendescere
1049 4947 1093 5001 ⁸.

1076 4984 1093 5001 .
2213 4958 2343 5029 φῶς
2372 4962 2628 5029 λάμψαι.

598 5037 782 5094 Refut.
814 5038 852 5091 2
887 5047 943 5095 et
973 5039 1066 5097 26.
1099 5039 1218 5098 Non
1262 5042 1508 5114 seipsos,
1559 5047 1655 5103 sed
1703 5046 1889 5104 Jesum
1941 5048 2107 5104 Chri-

2287 5051 2333 5122 β⁷
2359 5055 2453 5108 καὶ
2482 5063 2573 5121 κς¹
2607 5057 2784 5127 ἔλεγχ.
2820 5052 2894 5109 Οὔ
2931 5057 3295 5127 κηρύσσουσιν
3325 5059 3548 5121 ἑαυτοὺς
3567 5056 3619 5110 οἱ·
3644 5051 3750 5107 ἀπί-

525 5139 669 5185 stum
701 5129 991 5187 Dominum
1033 5142 1278 5190 nostrum
1308 5138 1622 5207 pradicant
1645 5140 1900 5209 apostoli.
1930 5142 2078 5207 Quar

2218 5142 2396 5197 στολοι
2421 5184 2436 5209 ,
2492 5145 2629 5200 ἀλλὰ
2677 5146 2910 5217 Χριστὸν
2948 5146 3154 5219 Ἰησοῦν
3191 5147 3416 5221 Κύριον.
3450 5148 3536 5201 Διὸ
3565 5148 3654 5200 οὐκ
3689 5142 3750 5194 ἔνι

525 5236 703 5293 neque
725 5231 877 5279 secta
912 5232 998 5280 est
1045 5226 1186 5291 ulla,
1222 5243 1398 5298 neque
1443 5228 1690 5287 Ecclesia
1736 5233 2078 5302 apostolorur

2218 5233 2436 5305 αἵρεσις
2459 5276 2487 5299 ,.
2528 5238 2650 5292 οὐδὲ
2707 5238 3002 5309 Ἐκκλησία
3034 5240 3115 5302 εἰς
3149 5240 3320 5310 ὄνομα
3354 5239 3647 5294 ἀποστόλων
3678 5236 3749 5288 ἀν-

526 5311 785 5384 insignita
827 5318 1067 5373 nomine.
1106 5317 1219 5375 Nec
1253 5335 1495 5391 unquam
1523 5320 1763 5379 Petraaos
1802 5323 1948 5379 ullos
1970 5362 1987 5389 ,
2013 5340 2079 5379 au

2215 5326 2588 5399 ηγορευμένη.
2616 5328 2885 5382 Οὐδέποτε
2913 5327 3022 5400 γὰρ
3043 5329 3354 5401 ἠκούσαμεν
3381 5331 3415 5401 ἢ
3434 5326 3695 5400 Πετρίους,
3720 5318 3744 5387 ἦ

525 5400 838 5472 Paulianos,
868 5415 964 5461 aut
984 5406 1443 5475 Bartholomteos,
1467 5418 1563 5467 aut
1596 5410 1860 5469 Taddteos
1896 5414 2078 5469 audivi

2210 5416 2513 5483 Παυλίους,
2561 5418 2594 5490 ἢ
2648 5418 3089 5491 Βαρθολομαίους
3120 5461 3136 5486 ,
3188 5421 3224 5492 ἢ
3261 5400 3556 5482 ίΘαδδαίους
3584 5434 3598 5449 ·
3637 5409 3745 5468 ἀλλὰ

525 5504 678 5557 mus,
729 5496 827 5550 sed
878 5511 990 5550 una
1027 5499 1142 5567 jam
1198 5508 1314 5556 tum
1363 5502 1523 5558 initio
1573 5502 1678 5559 fuit
1734 5505 2078 5574 apostolorum

2209 5509 2463 5582 ἀπαρχῆς
2492 5510 2552 5566 ἓν
2590 5513 2854 5584 κήρυγμα
2891 5515 3110 5570 πάντων
3142 5516 3253 5571 τῶν
3298 5513 3627 5579 ἀποστόλων,
3666 5507 3743 5562 οὐκ

523 5583 770 5637 omnium
819 5584 1135 5652 praedicatio
1167 5609 1180 5645 :
1211 5606 1334 5662 qua:
1364 5606 1474 5647 non
1515 5593 1780 5664 ipsosmet
1812 5595 1972 5661 illos,
2011 5612 2076 5653 se

2211 5601 2408 5666 αὐτοὺς
2434 5583 2729 5674 κηρύσσον,
2764 5583 2903 5658 ἀλλά
2926 5607 3159 5678 Χριστὸν
3201 5605 3404 5678 Ἰησοῦν
3435 5605 3640 5677 Κύριον.
3671 5595 3742 5650 Διδ

522 5669 685 5744 367
732 5670 1025 5728 Dominum
1071 5677 1256 5737 Jesum
1290 5683 1566 5740 Christum
1603 5688 1982 5743 tantummodo
2019 5705 2075 5746 ce

2213 5692 2308 5745 καὶ
2334 5669 2630 5767 dvorte-ti};
2666 5669 2994 5768 Ἐκκλησίαξ
3042 5700 3091 5753 οἱ
3136 5669 3331 5764 πάντες
3367 5669 3541 5754 ἔθεντο
3567 5695 3642 5759 ἓν,
3665 5687 3738 5759 οἷοι

596 5823 1040 5895 «summa,
1076 5830 1297 5902 52,55.
1359 5841 1380 5873 ι
1419 5839 1464 5896 ιι
1492 5840 1618 5899 Cor.
1655 5842 1810 5911 κιο.
1887 5845 1906 5877 δ
1945 5843 2134 5903 Matth.

1887 5845 1906 5877 ³
1945 5843 2134 5903 Matth.
2165 5862 2218 5903 ιι
2273 5846 2361 5905 26.
2440 5849 2461 5883 ⁸
2495 5848 2541 5906 ll
2610 5851 2734 5909 Cor.
2774 5867 2857 5922 tu,
2891 5853 2943 5910 5.
3021 5855 3040 5887 ⁸
3080 5852 3141 5909 F.
3175 5852 3382 5926 μέλλον.
