3934 6424
160 368 245 427 801

811 363 1183 423 aovsnses
1222 365 1565 423 umnasus
1600 363 1732 434 LIB.

1857 361 2021 418 ΤΟΜ.
2054 362 2140 418 Ill.
2178 394 2245 405 —
2284 362 2558 418 IUERES.
2602 362 2759 418 XLII.

3294 366 3411 431 80?.

160 487 388 550 ἑαυτῶν.
418 486 553 543 ἀλλὰ
602 483 697 539 τοῦ
748 486 954 556 Κυρίου
1000 485 1176 539 αὐτῶν
1237 484 1411 555 Ἰησοῦ
1458 482 1717 554 Χριστοῦ,

1852 480 2075 534 ebraret.
2113 478 2194 532 0h
2228 478 2279 532 id
2317 476 2573 533 Ecclesia:
2616 492 2810 531 nomen
2863 494 3029 533 unum
3070 494 3261 536 omnes
3300 483 3401 534 im-

157 582 257 639 ἀπὸ
293 579 616 651 Ἀντιοχείας
669 577 987 649 ἀρξαμένων
1020 575 1359 649 Χριστιανῶν
1403 574 1709 628 καλεῖσθαι·

157 671 283 740 ὅπερ
307 666 451 720 ἐστὶν
478 668 511 737 ή
543 667 676 737 μόνη
704 665 965 735 καθολικὴ
1003 663 1296 734 Ἐκκλησία
1316 702 1330 728 ,
1369 665 1469 717 οῦκ
1510 663 1637 719 ἄλλο
1663 676 1715 714 τι

158 760 359 831 ἔχουσα,
395 758 531 812 ἀλλά
557 755 823 829 Χριστοῦ,
858 755 1199 826 Χριστιανῶν
1225 750 1357 808 οὖσα
1399 752 1713 825 Ἐκκλησία,

164 853 221 904 οὺ
247 848 491 920 Χριστῶν
516 888 532 912 ,
589 846 727 901 ἀλλὰ
741 846 1081 915 Χριστιανῶν
1106 862 1121 877 °
1151 843 1246 899 τοῦ
1278 846 1376 916 μὲν
1407 844 1523 908 ἐνὸς
1554 843 1721 915 ὑπάρ·

158 953 351 1013 κοντος,
379 938 483 992 τῶν
503 938 558 990 δὲ
587 938 696 991 ἀπὸ
720 934 812 989 τοῦ
839 935 956 998 ἐνὸς
983 935 1322 1006 Χριστιανῶν
1349 935 1716 1003 καλουμένων.

160 1031 305 1085 Μετά
334 1029 535 1099 ταύτην
569 1027 626 1080 δὲ
665 1026 909 1089 καὶτοὺς
936 1026 1104 1096 αὐτῆς
1138 1028 1387 1097 κήρυκας
1424 1027 1593 1078 πᾶσαι
1631 1025 1720 1077 οὐ·

161 1123 270 1176 κέτι
297 1118 384 1173 τοῦ
418 1119 583 1172 αὐτοῦ
622 1114 967 1189 χαρακτῆρος
991 1116 1313 1187 φαινόμεναι
1343 1114 1430 1168 διὰ
1460 1114 1567 1168 τῶν
1601 1117 1721 1168 ἑπι-

162 1213 318 1266 θέτων
357 1211 636 1281 ὀνομάτων
678 1210 1028 1279 Μανιχαίων,
1076 1208 1170 1262 καὶ
1211 1207 1594 1279 Σιμωνιανῶν,
1628 1205 1723 1260 καὶ

162 1303 513 1358 Οὐαλεντίνιυν
533 1343 547 1368 ,
582 1301 678 1354 καὶ
727 1300 1053 1353 Ἐϐιωναίων
1075 1316 1088 1329 ·
1123 1292 1196 1352 ὧν
1225 1293 1306 1361 εἷς
1331 1297 1425 1352 καὶ
1448 1298 1533 1363 σὺ,
1566 1298 1725 1367 Μαρ-

163 1393 304 1456 κίων,
333 1390 618 1460 ὑπάρχεις.
651 1389 759 1443 Καί
807 1405 901 1442 σου
934 1388 995 1459 to
1039 1388 1209 1458 όνομα
1259 1386 1644 1455 ἐπικέκληνται
1672 1386 1722 1437 οἱ

163 1481 261 1536 ὑπὸ
307 1480 398 1534 σοῦ
433 1479 774 1551 ⁴ἠπατημένοι
797 1518 813 1543 ,
842 1478 917 1542 ὡς
964 1478 1188 1531 σεαυτὸν
1222 1476 1590 1548 κηρύξαντος,
1634 1475 1726 1528 καὶ

161 1572 275 1643 οὐχὶ
305 1571 557 1643 Χριστόν.
591 1566 726 1623 Εἶτά
746 1587 942 1639 φασιν,
977 1570 1059 1623 ὅτι
1098 1569 1153 1621 '0
1193 1568 1337 1633 Θεὸς
1369 1570 1401 1620 ὀ
1439 1566 1623 1620 εἰπὼν
1658 1567 1726 1619 ἐκ

162 1666 411 1730 σκότους
444 1662 570 1732 φῶς
597 1663 848 1732 λάμψαι.
899 1662 956 1715 '0
981 1660 1113 1723 Θεὸς
1146 1659 1203 1713 δὲ
1246 1662 1395 1724 ποῖος
1432 1658 1545 1713 ἀλλ’
1588 1660 1615 1711 ὁ
1648 1655 1728 1722 ε’ἶς

162 1762 191 1813 ὁ
226 1759 283 1810 ὲν
302 1755 381 1826 τῷ
410 1757 662 1828 προφήτῃ
690 1755 871 1821 δείξας
912 1756 976 1808 ὲκ
1020 1752 1241 1816 σκότους
1282 1752 1427 1821 φῶς,
1454 1752 1727 1806 τουτέστιν

1823 578 2155 639 posuerunt,
2176 585 2284 622 non
2326 584 2485 624 suum
2518 570 2724 638 utique.
2753 568 2846 623 sed
2870 569 3072 625 Christi
3093 569 3242 635 Jesu,
3274 586 3401 626 cum

1822 663 2124 718 Antiochiae
2165 663 2400 732 primum
2437 663 2696 732 appellari
2750 662 3047 717 Christiani
3097 676 3401 733 cmpcrunl.

1824 755 1978 820 Quod
2012 754 2229 823 quidem
2263 753 2435 809 solam
2462 753 2530 807 ad
2569 753 2892 808 catholicam
2940 753 3237 810 Ecclesiam
3270 772 3402 808 con-

1825 846 1972 901 venit
1999 888 2011 907 ,
2040 862 2160 916 qua:
2193 846 2341 899 nullo
2367 846 2472 900 alio
2504 860 2665 916 quam
2693 845 2893 900 Christi
2928 847 3148 901 nomine
3178 846 3408 917 praedito

1825 930 2267 993 Christianorum
2303 935 2578 1002 Ecclesia,
2608 951 2715 990 non
2745 934 3091 991 Christorum
3114 977 3129 1001 ,
3160 937 3361 990 dicitur
3389 952 3404 987 :

1828 1029 1962 1085 adeo
2008 1036 2068 1083 ut
2122 1044 2245 1083 cum
2284 1044 2426 1084 unus
2479 1029 2570 1084 ille
2606 1028 2709 1092 sit,
2760 1028 2945 1098 plures
2996 1037 3176 1083 tamen
3226 1029 3294 1082 ab
3343 1044 3410 1082 eo

1828 1117 2124 1172 Christiani
2174 1117 2547 1172 nominentur.
2596 1117 2678 1170 Ab
2736 1117 2839 1171 hac
2882 1115 3126 1171 Ecclesia
3181 1116 3411 1188 ejusque

1828 1208 2172 1278 praeconibus
2222 1207 2315 1261 ubi
2366 1206 2722 1271 discesseris,
2777 1202 2999 1277 reliquie
3034 1223 3226 1263 omnes
3265 1207 3411 1262 haud

1829 1298 2017 1377 eadem
2072 1306 2200 1350 nota
2254 1302 2543 1361 constant,
2591 1311 2713 1367 quae
2768 1298 3040 1366 adjunctis
3096 1299 3413 1353 nominibus

1832 1399 1997 1460 atque
2028 1388 2283 1459 epithetis
2324 1396 2620 1455 vocantur;
2666 1387 3086 1444 Manichaeorum
3125 1390 3411 1452 videlicet,

1835 1475 2276 1534 Simonianorum
2300 1521 2315 1545 ,
2351 1478 2764 1535 Valentinorum
2790 1519 2806 1546 ,
2838 1480 3216 1535 Ebionaaorum
3237 1520 3252 1545 ,
3290 1483 3416 1550 qui-

1833 1570 1936 1625 bus
1967 1578 2021 1625 et
2050 1578 2127 1635 tu,
2156 1571 2378 1636 Marcio,
2407 1571 2851 1627 annumeraudus
2888 1587 2948 1628 es
2979 1589 2991 1627 :
3027 1572 3186 1643 cujus
3218 1588 3417 1627 nomen

1836 1657 2146 1712 inscribunt
2175 1658 2208 1711 ii
2239 1658 2382 1720 sibi,
2413 1672 2552 1728 quos
2576 1667 2694 1712 tute
2725 1660 2778 1712 in
2806 1674 3047 1714 errorem
3090 1659 3367 1715 induxeris
3404 1678 3417 1712 :

1840 1757 2027 1819 utpote
2072 1748 2165 1820 qui
2216 1752 2490 1818 teipsum,
2533 1765 2641 1802 non
2695 1748 2973 1806 Christum
3020 1751 3418 1821 pratdicavcris.

165 1851 270 1902 ἀπὸ
295 1847 392 1916 τῆς
422 1846 532 1900 τῶν
558 1844 860 1918 ἀνθρώπων
898 1845 1155 1908 ἀπιστίας
1194 1845 1287 1898 καὶ
1310 1844 1582 1910 ἀγνωσίας
1613 1843 1728 1912 φῶς

1852 1839 1973 1894 I‘um
2001 1840 2217 1895 demum
2260 1841 2513 1910 inquiunt
2564 1859 2577 1895 :
2627 1840 2763 1895 Deus
2804 1842 2893 1910 qui
2938 1843 3072 1895 dixit
3105 1842 3167 1896 de
3201 1843 3424 1897 tenebris

166 1939 255 1993 uol.
286 1937 481 2008 γνῶσιν
528 1938 587 1990 ἐν
632 1936 853 2011 Χριστῷ
880 1935 1099 2005 λᾶμψαν
1138 1937 1151 1967 ⁸
1203 1938 1262 1989 ὲν
1318 1937 1440 1999 ταῖς
1484 1935 1735 2006 καρδίαις

1852 1931 2196 2002 splendescere
2213 1932 2401 1986 lucem.
2435 1934 2570 1999 Quis
2592 1933 2679 1987 hic
2710 1932 2853 1990 Deus
2881 1944 2963 1990 est
3018 1934 3124 1989 nisi
3160 1951 3304 1990 unus
3337 1936 3426 1989 ille

172 2030 320 2103 ήμῶν
365 2029 650 2082 τῶν’ποτε
698 2025 866 2080 ὲθνῶν
920 2024 1475 2097 εἰδωλολατρούντων,
1530 2024 1625 2077 νῦν
1678 2025 1736 2078 δὲ

1852 2025 1932 2096 qui
1960 2023 2101 2093 apud
2137 2024 2430 2094 prophetas
2458 2038 2489 2078 e
2518 2025 2760 2080 tenebris
2794 2025 2977 2082 lumen
3014 2027 3295 2082 ostendit?
3321 2027 3425 2081 hoc

170 2121 297 2174 Θεὸν
330 2118 420 2171 τὸν
456 2117 577 2170 τότε
607 2118 664 2171 ὲν
701 2115 777 2186 τῷ
804 2117 1055 2188 προφήτῃ
1082 2114 1656 2188 προεπαγγειλάμενον
1678 2114 1738 2168 τὸ

1852 2125 1923 2173 est
1955 2132 2019 2170 ex
2055 2114 2340 2169 hominum
2390 2114 2713 2172 inﬁdelitate
2743 2127 2798 2172 et
2840 2117 3058 2173 inscitia
3080 2158 3094 2183 ,
3132 2134 3232 2188 per
3267 2117 3429 2173 Chri-

167 2213 279 2284 φῶς
306 2210 497 2265 ἑαυτοῦ
531 2210 588 2262 ὲν
620 2208 700 2279 τῷ
725 2208 914 2279 κόσμῳ
943 2208 1155 2278 λάμψαι
1181 2224 1196 2272 ;
1226 2208 1300 2271 ὡς
1330 2208 1431 2261 οὐκ
1454 2206 1734 2275 ἀλλοτρίου

1852 2215 1988 2264 stum
2022 2206 2197 2261 lucem
2229 2221 2292 2260 ac
2331 2207 2616 2261 scientiam
2653 2208 2707 2262 in
2753 2208 3011 2267 cordibus
3044 2209 3251 2263 nostris
3280 2209 3430 2264 exci-

168 2304 310 2366 ὖντος
340 2300 583 2363 Παλαιᾶς
636 2300 729 2352 καὶ
763 2297 973 2367 Καινῆς
995 2297 1296 2367 Διαθήκης,
1328 2297 1404 2360 ὡς
1457 2298 1588 2366 ἡμῖν
1616 2294 1736 2359 ἔθος

1852 2297 1993 2351 lavit.
2019 2296 2121 2363 Qui
2159 2312 2281 2352 cum
2303 2298 2429 2352 olim
2453 2299 2593 2355 inter
2611 2307 2798 2371 gentes
2816 2315 3230 2356 muneraremur
3259 2300 3430 2355 simu-

166 2397 351 2464 γέγονε
384 2391 592 2446 πείθειν
616 2407 696 2454 σε,
722 2384 767 2443 ὧ
793 2388 1079 2461 Μαρκίων,
1111 2390 1202 2457 ἀφ’
1226 2383 1299 2442 ὧν
1329 2387 1472 2459 ἔχεις
1492 2403 1740 2459 γεγραμ-

1852 2387 2012 2443 Iacris
2037 2389 2318 2456 addictas,
2369 2391 2535 2447 Deum
2571 2392 2722 2446 illum
2754 2393 2917 2447 modo
2946 2407 3298 2456 veneramur,
3335 2392 3428 2462 qui

171 2485 342 2555 μένων
375 2482 643 2552 λειψάνων
690 2480 784 2534 τοῦ
833 2479 1164 2548 ι’ἶύαγγελίου
1190 2518 1205 2543 ,
1236 2479 1328 2532 καὶ
1380 2477 1454 2550 μὴ
1488 2479 1597 2531 ὑπὸ
1644 2477 1738 2531 σοῦ

1852 2495 1944 2549 per
1974 2481 2290 2550 prophetam
2330 2483 2506 2538 lucem
2536 2499 2691 2537 suam
2730 2483 3006 2538 illaturum
3055 2498 3178 2539 sese
3227 2483 3432 2537 mundo

167 2573 494 2628 ἀπατᾶσθαι.
1848 2573 2197 2642 promiserat,
2227 2582 2287 2627 ut
2321 2574 2594 2647 intelligas
2635 2575 2886 2632 eumdem
2936 2592 3114 2648 neque
3143 2593 3174 2631 a
3212 2576 3432 2657 Veteri.

169 2679 341 2735 neque
362 2678 395 2718 a
418 2662 570 2716 Novo
600 2659 950 2717 Testamento
980 2657 1247 2715 dissidere
1277 2676 1290 2712 :
1322 2658 1375 2714 id
1397 2657 1544 2729 quod
1574 2657 1742 2715 certis
1783 2659 1883 2716 tibi
1921 2662 2229 2718 rationibus
2273 2664 2505 2721 suadere
2525 2707 2539 2731 ,
2567 2666 2769 2721 Marcio
2791 2706 2805 2731 ,
2853 2670 3155 2735 solemus,
3188 2683 3254 2723 ex
3328 2667 3433 2721 illis

169 2762 303 2832 ipsis
332 2757 605 2828 Evangelii
630 2755 915 2828 reliquiis,
948 2769 1069 2826 qua
1095 2755 1237 2825 apud
1269 2765 1321 2811 te
1367 2757 1584 2826 scriptae
1613 2757 1964 2830 reperiuntur
1993 2798 2009 2825 ,
2047 2774 2227 2830 neque
2272 2760 2468 2818 fraude
2537 2771 2632 2818 tua
2696 2780 2796 2820 nos
2854 2765 3242 2821 circumveniri
3292 2767 3434 2836 pati-

167 2870 308 2912 mur.

236 2950 287 3015 γ¹
312 2944 405 2997 καὶ
429 2943 511 3007 κζ’
538 2941 684 3014 σχόλ.
710 2943 990 3012 Ἔχοντες
1016 2941 1085 2996 δὲ
1108 2942 1173 2998 τὸ
1197 2942 1341 2999 αὐτὸ
1373 2943 1609 3015 πνεῦμα
1634 2942 1747 3013 τῆς

167 3038 425 3101 πίστεως
457 3034 556 3089 καί
605 3035 776 3103 ἡμεῖς
809 3035 1169 3104 πιστεύομεν
1195 3051 1210 3066 ο
1266 3035 1358 3089 διὸ
1395 3035 1491 3089 καὶ
1521 3037 1745 3092 λαλοῦ-

160 3145 298 3199 μεν.
346 3124 597 3195 Ἐξέκοψε
630 3126 688 3178 δὲ
710 3124 792 3188 τὸ,
831 3127 981 3179 κατὰ
1005 3126 1071 3179 τό
1099 3126 1525 3196 γεγραμμένον.

236 3226 286 3288 γ’
314 3217 407 3272 καὶ
441 3212 732 3286 κζ’έλεγχ.
768 3215 843 3268 Οὐ
881 3214 1162 3285 δοθήσεται
1193 3233 1275 3270 σοι
1296 3218 1456 3281 τόπος
1478 3220 1534 3271 ἐν
1568 3213 1648 3281 οἷς
1677 3217 1744 3272 ἂν

166 3311 513 3383 τολμήσειας.
543 3309 662 3363 Κάν
704 3324 766 3362 τε
811 3308 920 3379 γὰρ
950 3308 1188 3380 ἐκκόψῃς
1214 3308 1272 3362 τὸ
1294 3351 1308 3374 ,
1356 3311 1506 3364 κατὰ
1550 3309 1617 3371 τό
1649 3327 1745 3380 γε-

167 3400 526 3472 γραμμένον,
556 3398 806 3469 φαίνεται
839 3400 875 3471 ἡ
901 3399 1001 3470 τῆς
1029 3402 1526 3473 προγεγραμμένης
1551 3401 1747 3469 λέξεως

166 3492 478 3548 ἀκολουθία.
527 3490 660 3543 Ἀπὸ
712 3487 806 3542 τοῦ
856 3490 1005 3561 γὰρ,
1070 3492 1435 3546 Ἐπίστευσα
1462 3532 1476 3556 ,
1511 3492 1603 3546 διὸ
1650 3493 1750 3547 καὶ

165 3582 485 3650 ἐλάλησα,
526 3580 687 3643 εὐθὺς
732 3579 804 3633 τά
855 3578 946 3633 ῐσα
989 3579 1292 3648 ἐπενέγκας
1342 3583 1370 3634 ὁ
1428 3581 1750 3647 Ἀπόστολος

166 3675 276 3746 ἔφη
295 3692 309 3705 ο
346 3674 627 3742 Ἔχοντες
654 3671 720 3725 τὸ
748 3670 896 3725 αὐτὸ
948 3671 1184 3741 πνεῦμα
1216 3671 1329 3739 τῆς
1359 3675 1618 3739 πίστεως
1649 3673 1748 3730 καὶ

164 3765 343 3836 ἡμεῖς
380 3766 774 3833 πιστεύομεν,
819 3762 912 3816 διὸ
956 3762 1057 3817 καί
1112 3763 1442 3832 λαλοῦμεν.
1489 3764 1660 3817 Παντὶ⁵
1692 3763 1749 3817 δέ

165 3872 249 3925 τῳ
283 3854 453 3923 σαφές
484 3855 600 3907 ἐστι
628 3852 807 3914 τοῦτο,
841 3852 924 3905 ὅτι
959 3853 1017 3905 ἐν
1047 3851 1124 3923 τῷ
1157 3852 1434 3924 ἑκατοστῷ
1465 3870 1751 3908 πεντεκαι-

164 3945 384 4015 δεκάτῳ
412 3943 611 4014 ψαλμῷ
658 3944 717 3997 ὲν
763 3942 844 4014 τῷ
889 3943 988 4014 τὴν
1044 3943 1353 4015 ἐπιγραφὴν
1398 3945 1752 4011 Ἀλληλούῖα

168 4036 374 4108 ἔχοντι,
407 4035 506 4106 τῆς
547 4035 604 4087 δὲ
631 4034 724 4087 τοῦ
759 4032 924 4087 Δαὸὶδ
957 4033 1141 4104 βίϐλου
1171 4034 1302 4098 ὄντι,
1340 4034 1432 4087 καὶ
1466 4035 1557 4089 ὑπ’
1586 4033 1750 4088 αὐτοῦ

166 4125 699 4200 προπεφητευμένῳ,
734 4127 762 4179 ὁ
787 4124 945 4194 λόγος
986 4122 1102 4189 τοῦ,
1122 4125 1494 4179 Ἐπίστευσα
1524 4125 1641 4179 ἐστὶ
1663 4142 1752 4193 γε·

166 4218 516 4291 γραμμένος.
549 4216 710 4270 Ὅθεν
739 4218 835 4269 καὶ
861 4217 891 4269 ὁ
930 4217 1252 4280 Ἀπόστολος
1288 4215 1446 4269 ἔλαϐε
1474 4216 1536 4269 τὸ
1568 4216 1752 4287 ῥητὸν,

168 4310 273 4364 καὶ
296 4309 497 4379 ὁμοίως
524 4307 627 4379 ἔφη
659 4308 750 4370 τὸ,
779 4307 878 4361 Διὸ
923 4308 1290 4377 πιστεύομεν
1322 4307 1420 4361 καὶ
1449 4307 1619 4377 ἡμεῖς
1654 4309 1753 4362 καὶ

165 4400 507 4470 λαλοῦμεν,
530 4394 610 4463 εἷς
636 4398 711 4453 ὢν
733 4399 824 4452 τοῦ
851 4399 1084 4472 ἀριθμοῦ
1108 4399 1217 4453 τῶν
1237 4399 1566 4453 ἀποστόλων.
1593 4398 1756 4452 Ὅθεν

1925 2946 2109 3004 Schol.
2140 2948 2174 3003 5
2203 2957 2256 3003 et
2285 2947 2375 3000 27.
2408 2945 2671 3001 [labentes
2714 2956 2891 3002 autem
2926 2954 3164 3006 eumdem
3191 2953 3435 3022 spiritum

1857 3037 1977 3103 ﬁdei
2030 3047 2080 3092 et
2118 3054 2213 3091 nos
2254 3035 2551 3099 credimus,
2595 3046 2807 3105 propter
2830 3039 2970 3108 quod
3004 3053 3052 3094 et
3092 3042 3355 3113 loquimur
3390 3047 3434 3100 ².

1854 3128 1956 3184 Ubi
1984 3144 2147 3185 voces
2177 3129 2298 3182 illas
2322 3128 2568 3193 sustulit,
2617 3129 2755 3182 sicut
2785 3133 3040 3199 scriptum
3066 3141 3167 3189 est.

1920 3220 2105 3277 Refut.
2141 3221 2175 3276 '5
2214 3227 2267 3275 et
2301 3219 2393 3276 27.
2419 3219 2760 3291 Quocunque
2801 3220 3086 3277 audaciam
3130 3233 3279 3279 tuam
3307 3241 3439 3281 con-

1848 3314 2101 3377 verteris,
2155 3312 2365 3367 nullum
2408 3328 2516 3382 quo
2571 3320 2622 3365 te
2660 3311 2872 3369 inseras
2919 3315 3126 3369 aditum
3169 3308 3435 3374 invenies.

1852 3406 1979 3461 Sive
2023 3404 2167 3460 enim
2216 3403 2309 3459 illa
2363 3404 2559 3470 verba,
2593 3403 2727 3457 sicut
2766 3405 3023 3475 scriptum
3063 3416 3173 3475 est,
3218 3410 3436 3473 deleas.

1851 3493 2290 3551 antecedentium
2340 3495 2634 3549 verborum
2678 3493 2796 3563 ipsa
2830 3495 3002 3552 series
3032 3509 3274 3567 apparet.
3313 3499 3441 3555 Post

1850 3586 1965 3642 luec
1985 3587 2128 3642 enim
2160 3585 2325 3642 verba
2360 3604 2373 3641 :
2404 3584 2639 3652 Credidi,
2661 3596 2873 3658 propter
2895 3590 3034 3659 quod
3059 3589 3262 3645 locutus
3291 3609 3438 3657 sum,

1852 3678 2084 3735 subinde
2108 3678 2340 3748 aequalia
2372 3678 2711 3749 subjungens
2737 3685 2812 3734 ait
2840 3681 3138 3751 Apostolus
3171 3699 3182 3736 :
3222 3682 3441 3737 Haben-

1852 3780 1927 3823 tes
1958 3766 2195 3821 eumdem
2235 3768 2481 3836 spiritum
2521 3767 2650 3837 ﬁdei
2678 3777 2729 3822 et
2764 3785 2856 3823 nos
2884 3769 3153 3835 credimus
3174 3810 3189 3836 ,
3230 3760 3444 3837 propter

1851 3860 1988 3930 quod
2021 3860 2306 3929 loquimur.
2351 3856 2522 3913 Nemo
2556 3868 2735 3914 autem
2758 3859 2891 3914 illud
2923 3859 3191 3930 ignorate
3231 3862 3443 3930 psalmo

1851 3967 1976 4015 cxv,
2002 3952 2088 4006 cui
2120 3951 2444 4020 inscriptum
2478 3958 2562 4005 est
2594 3948 2857 4018 Alleluia,
2891 3954 3095 4023 quique
3131 3955 3185 4006 in
3220 3952 3443 4007 Davidis

1853 4041 1994 4096 libro
2041 4042 2259 4112 legitur,
2283 4047 2337 4095 et
2377 4040 2519 4095 inter
2547 4041 2667 4110 ejus
2695 4043 2919 4096 oracula
2954 4053 3211 4099 censetur
3230 4084 3246 4107 ,
3276 4046 3439 4099 verba

1855 4132 1946 4186 illa
1975 4147 2097 4187 esse
2139 4132 2488 4202 deprompta,
2523 4131 2759 4197 Credidi,
2792 4142 2899 4189 etc.
2928 4134 3085 4192 Unde
3111 4144 3165 4190 et
3208 4136 3441 4206 Aposto-

1855 4225 1941 4279 lus
1971 4222 2237 4294 ejusmodi
2272 4223 2599 4276 sententiam
2625 4214 2944 4289 transtulit,
2977 4242 3041 4281 ac
3071 4227 3324 4282 similiter
3346 4243 3443 4281 ex-

1854 4316 2053 4387 pressit
2087 4334 2100 4369 :
2139 4315 2361 4386 PrOpter
2386 4318 2525 4387 quod
2557 4318 2819 4372 credimus
2864 4327 2912 4372 et
2958 4317 3123 4389 368
3163 4335 3256 4371 nos
3288 4328 3335 4373 et
3366 4321 3445 4372 lo-

1856 4405 2066 4475 quimur
2098 4418 2117 4457 .·
2151 4405 2242 4461 ille
2286 4406 2508 4476 inquam
2560 4405 2794 4472 Paulus,
2824 4407 2915 4477 qui
2960 4423 3023 4462 ex
3068 4408 3442 4477 apostolorum

164 4494 237 4547 οὐ
265 4492 416 4561 λέγει
447 4507 462 4523 ο
492 4491 583 4544 Διὸ
630 4491 726 4545 καὶ
776 4493 1094 4555 ἐπίστευσα,
1153 4491 1249 4545 καὶ
1297 4490 1558 4561 ἐλάλησαο
1589 4490 1744 4557 ἀλλὰ,

1859 4512 2088 4552 numero
2135 4514 2279 4553 unus
2312 4498 2541 4554 exstitit.
2596 4498 2801 4555 Idcirco
2848 4516 2957 4555 non
2993 4500 3131 4555 dixit
3166 4521 3178 4554 :
3216 4499 3446 4573 Propter

180 4580 391 4651 Ἡμεῖς
417 4580 799 4650 πιστεύομεν,
833 4579 925 4635 διὸ
955 4581 1053 4635 καὶ
1086 4582 1413 4650 λαλοῦμεν,
1450 4582 1538 4634 ἵνα
1566 4581 1757 4634 ἑαυτὸν

169 4673 326 4745 μετά
369 4672 478 4726 τῶν
525 4672 701 4726 ἄλλων
753 4672 1066 4727 ἀποστόλων
1120 4673 1355 4744 συνάψῃ.
1402 4674 1511 4727 Καί
1552 4689 1752 4744 φησιν·

169 4767 474 4834 Ἔχοντες
516 4762 585 4816 δὲ
616 4763 682 4817 τὸ
713 4764 857 4817 αὐτὸ
889 4763 1155 4834 πνεῦμα·
1198 4764 1283 4817 ἵνα
1314 4764 1462 4836 δείξῃ
1505 4764 1565 4817 τὸ
1594 4764 1652 4817 ὲν
1678 4763 1757 4835 τῷ

162 4855 348 4911 Δαὸὶδ
369 4856 603 4926 λαλῆσαν
620 4855 841 4928 Πνεῦμα
866 4855 929 4909 τὸ
958 4856 1086 4910 αὐτὸ
1106 4855 1165 4909 ὃν
1190 4858 1412 4927 Πνεῦμα
1437 4857 1530 4910 καὶ
1559 4858 1614 4908 ἐν
1645 4858 1758 4919 τοῖς

162 4947 499 5012 ἀποστόλοις
526 4988 542 5013 ,
599 4948 690 5016 ἀφ’
739 4941 911 5018 οὗπερ
964 4947 1086 5001 τότε
1137 4949 1346 5011 ἐκεῖνος
1401 4947 1759 5018 προφητεύων

160 5040 499 5093 ἐπίστευεν·
549 5040 608 5092 ὲν
658 5031 704 5107 ᾧ
766 5038 1044 5108 Πνεύματι
1102 5040 1196 5092 καὶ
1250 5039 1405 5093 αὐτοὶ
1455 5040 1608 5103 ὄντες
1665 5058 1759 5094 πι-

162 5128 435 5183 στεύουσι
460 5129 553 5182 καὶ
596 5125 835 5182 λαλοῦσι.
878 5128 1055 5200 Πολλὴ
1091 5128 1149 5181 δὲ
1175 5128 1359 5182 ἀδικία
1411 5129 1507 5183 καὶ
1567 5129 1761 5185 πλεον-

157 5219 322 5284 εξία,
355 5217 430 5281 ὡς
462 5220 655 5283 εἰπεῖν,
685 5217 772 5272 διά
797 5217 1083 5289 νοημάτων
1099 5221 1141 5271 ¹.
1170 5219 1274 5271 Τοῦ
1295 5219 1403 5290 γὰρ
1431 5220 1757 5275 Ἀποστόλου

158 5309 227 5362 ἓν
267 5308 371 5362 καὶ
396 5305 458 5360 τὺ
490 5307 620 5375 αὐτὸ
648 5307 871 5378 Πνεῦμα
897 5307 1196 5377 φάσκοντος
1213 5346 1229 5371 ,
1265 5308 1383 5373 πῶς
1411 5310 1446 5381 ἡ
1483 5309 1576 5363 τοῦ
1602 5311 1762 5382 Μαρ-

154 5399 381 5461 κίωνος
410 5397 584 5462 ἄνοια,
605 5396 940 5469 ὁμολογοῦσα
967 5398 1153 5454 τοῦτον
1178 5400 1267 5453 τὸν
1295 5398 1451 5468 λόγον
1481 5399 1573 5453 τὸν
1605 5398 1760 5468 ἅγιον

167 5486 516 5542 Ἀπόστολον
546 5488 824 5560 εἰρηκέναι
849 5529 864 5554 ,
893 5488 1067 5561 τολμᾷ
1103 5489 1281 5558 λέγειν
1309 5489 1437 5546 ἄλλο
1470 5485 1610 5547 εἶναι
1638 5491 1760 5545 τότε

144 5578 227 5636 ιδ
272 5577 524 5649 Πνεῦμα,
550 5580 646 5632 καὶ
678 5579 804 5634 ἄλλο
826 5581 887 5635 τὸ
913 5584 969 5636 ὲν
995 5585 1107 5647 τοῖς
1134 5582 1452 5648 ἀποστόλοις
1467 5587 1498 5650 ;'-

1862 4591 2007 4660 quod
2037 4599 2089 4644 et
2118 4590 2348 4657 credidi,
2379 4600 2433 4645 et
2465 4590 2682 4648 locutus
2718 4608 2860 4657 sum,
2894 4593 2986 4648 sed
3008 4633 3022 4658 ,
3045 4592 3154 4647 Nos
3187 4593 3446 4646 credimus

1860 4686 2070 4751 propter
2097 4682 2237 4752 quod
2276 4691 2325 4736 et
2370 4682 2654 4752 loquimur,
2696 4692 2754 4737 ut
2788 4699 2847 4739 se
2890 4700 3014 4738 cum
3055 4685 3279 4756 reliquis
3317 4700 3447 4753 apo-

1864 4773 2018 4829 stolis
2073 4773 2449 4844 conjungeret.
2497 4776 2678 4841 Quare
2727 4775 2800 4830 ita
2863 4777 3117 4846 scripsit,
3187 4776 3446 4830 Habentes

1864 4862 2103 4917 eumdem
2144 4864 2426 4933 spiritum,
2475 4872 2535 4918 ut
2581 4864 2891 4921 ostenderet
2917 4867 3068 4920 illum
3112 4867 3319 4935 ipsum,
3354 4869 3447 4935 qui

1866 4966 1965 5022 per
2018 4950 2279 5007 Davidem
2332 4953 2692 5023 loquebatur,
2742 4970 2839 5023 per
2894 4957 3173 5025 apostolos
3229 4970 3449 5025 quoque

1871 5038 2135 5110 Spiritum
2155 5056 2279 5097 esse
2298 5042 2540 5096 locutum
2569 5061 2582 5098 :
2613 5044 2772 5112 cujus
2794 5045 2884 5099 ille
2906 5046 3180 5114 quondam
3207 5047 3443 5115 impulsu

1868 5132 2174 5189 vaticinans
2202 5132 2461 5198 credidit,
2494 5144 2549 5190 et
2597 5136 2665 5191 ad
2700 5137 2952 5193 eumdem
2984 5139 3322 5208 pertinentes
3355 5139 3444 5194 isti

1869 5224 2033 5279 modo
2069 5223 2303 5280 credunt
2333 5234 2389 5280 et
2416 5226 2738 5293 loquuntur.
2762 5226 3025 5283 Versatur
3050 5236 3228 5284 autem
3256 5230 3313 5283 in
3342 5229 3447 5283 hoc

1869 5315 1991 5369 loco
2047 5315 2383 5386 intelligendi
2430 5332 2496 5373 ac
2533 5318 2851 5388 disputandi
2895 5333 3154 5388 perversa
3197 5320 3449 5390 quaedam

1868 5420 1934 5461 ac
1985 5405 2194 5464 fraudis
2239 5407 2398 5478 plena
2430 5409 2590 5464 ratio.
2629 5408 2763 5463 Nam
2787 5424 2912 5466 cum
2952 5410 3245 5481 Apostolus
3275 5428 3447 5467 unum

1868 5498 2231 5566 eumdemque
2282 5495 2547 5569 Spiritum
2607 5513 2732 5555 esse
2787 5499 3039 5566 deﬁniat,
3093 5488 3201 5572 qua
3269 5501 3451 5559 fronte

1868 5604 2058 5645 vecors
2093 5590 2182 5646 ille
2222 5590 2466 5660 Marcio,
2515 5591 2609 5664 qui
2656 5592 2805 5647 illam
2843 5607 3161 5665 germanam
3199 5594 3447 5669 Apostoli

245 5739 262 5768 ⁸
303 5733 372 5790 F.
406 5734 645 5810 λάμψας,
686 5738 781 5795 sed
822 5737 978 5797 deest
999 5739 1229 5812 aliquid.
1309 5744 1328 5775 ¹
1366 5740 1431 5798 F.
1457 5742 1858 5817 διανοημάτων.
