3934 6420
563 324 666 376 sos

1971 326 2029 378 S.
2075 325 2155 379 ΕΡ

2257 322 2417 379 IAN“
3676 340 3752 395 ιιι

562 440 867 495 orationem
899 452 1018 495 esse
1048 446 1236 510 negat,
1267 437 1430 492 alium
1465 445 1594 492 tunc
1627 437 1889 507 Spiritum
1958 438 2129 496 fuisse
2151 479 2166 505 ,
2238 456 2406 513 quam
2460 456 2551 512 qut
2588 432 2850 510 apostolis
2903 438 3160 513 deinceps
3208 444 3467 512 adfuerit,
3518 464 3659 509 ausus
3693 469 3755 513 ut

563 535 850 607 proﬁteri?

1540 589 1593 611 ρ

744 652 989 723 Epistola
1012 652 1081 706 ad
1107 650 1390 715 Romanos,
1409 667 1531 721 qua:
1558 661 1635 706 est
1662 652 1845 706 ordine
1875 651 1902 707 1
1919 651 1979 706 ν.

634 762 748 817 Hoc
777 765 921 817 enim
952 762 1143 818 ordine
1171 778 1201 816 a
1241 762 1517 818 Mareione
1564 763 1788 833 ponitur
1833 781 1844 816 :
1890 778 1958 818 ne
2022 763 2155 834 quid

562 863 767 912 rectum
798 854 939 925 apud
972 855 1122 908 illum
1152 868 1216 909 ac
1252 869 1569 923 germanum
1601 855 1935 925 reperiatur.

633 946 818 1001 Schol.
856 946 879 999 1
917 953 969 999 ct
999 945 1092 1000 28.
1135 944 1445 1015 Quicunque
1482 945 1594 998 sine
1631 946 1739 1016 lege
1778 955 2151 1015 peccaverunt,

560 1038 670 1090 sine
703 1036 810 1106 lege
838 1045 887 1089 et
929 1034 1195 1102 peribunt.
1236 1034 1303 1088 Et
1338 1036 1634 1105 quicunque
1675 1036 1732 1089 in
1767 1034 1879 1105 lege
1914 1050 2155 1103 peccave-

556 1138 701 1192 runt,
720 1144 810 1196 per
829 1126 988 1196 legem
1010 1125 1414 1197 judicabuntur.
1427 1123 1546 1179 Non
1569 1126 1703 1178 enim
1735 1127 2003 1179 auditores
2029 1126 2153 1197 legis

559 1221 689 1285 iusti
717 1220 858 1290 apud
894 1219 1058 1273 Deum
1077 1260 1092 1285 ,
1122 1217 1212 1273 sed
1245 1219 1467 1289 factores
1495 1218 1621 1286 tegis
1640 1216 2081 1287 justi/icabuntur
2110 1218 2149 1273 ί.

630 1417 863 1475 Refut.l
892 1424 947 1472 et
975 1416 1065 1471 28.
1093 1416 1148 1472 Si
1177 1417 1489 1487 quicunque
1518 1416 1640 1471 sine
1675 1414 1792 1477 lege
1821 1422 2149 1486 peccarunt,

562 1512 682 1567 sine
713 1512 828 1582 lege
861 1510 1088 1582 perituri
1124 1516 1275 1589 sunt,
1296 1508 1544 1578 profecto
1575 1507 1660 1561 lex
1700 1509 1931 1562 salutem
1959 1508 2151 1562 obser-

562 1610 687 1656 vata
718 1601 996 1662 conciliat,
1021 1616 1123 1655 nec
1146 1615 1242 1655 eos
1277 1599 1371 1670 qui
1404 1607 1623 1653 servant
1656 1598 1836 1667 perire
1865 1598 2148 1668 permittit.

564 1696 695 1750 ltcm
734 1693 782 1748 si
814 1693 907 1763 qui
940 1693 995 1746 in
1030 1693 1145 1762 lege
1172 1697 1504 1761 peccarunt,
1540 1704 1635 1759 per
1667 1689 1837 1760 legem
1864 1688 2149 1758 iudicandi

562 1794 718 1849 sunt,
768 1784 935 1855 judex
970 1785 1135 1854 igitur
1184 1781 1683 1853 transgressionum
1736 1782 1821 1835 lex
1875 1792 1995 1847 est,
2030 1796 2152 1852 quae

565 1892 673 1934 non
710 1875 989 1930 interitum
1025 1872 1179 1928 ali'ert
1216 1889 1283 1928 ex
1333 1888 1487 1940 sese,
1539 1873 1632 1927 sed
1674 1871 1973 1943 legitimum
2003 1871 2151 1942 judi-

560 1966 706 2021 cium
734 1971 983 2028 exercet,
1018 1964 1193 2034 deque
1228 1963 1295 2018 iis
1328 1965 1421 2034 qui
1474 1963 1732 2018 mandata
1782 1963 2037 2018 violarint
2057 1963 2149 2033 ju-

559 2065 702 2113 stan.
740 2055 1105 2126 cognitionem
1135 2054 1392 2109 instituit.
1440 2052 1565 2107 Non
1608 2055 1749 2108 enim
1778 2053 2048 2108 auditores
2077 2053 2152 2108 le-

559 2152 639 2222 gis
660 2148 796 2219 justi
828 2145 968 2216 apud
1000 2145 1164 2201 Deum
1185 2184 1199 2209 ,
1228 2145 1319 2199 sed
1354 2146 1581 2214 {actores
1611 2145 1737 2215 legis
1773 2145 2151 2215 justi/imbuu-

562 2252 667 2294 tur.
705 2239 824 2294 Jam
861 2252 989 2293 vero
1039 2252 1167 2291 cum
1231 2238 1316 2292 lex
1377 2236 1538 2293 factis
1588 2237 1832 2307 praestita
1889 2236 2149 2292 factorem

561 2335 737 2401 ipsum
767 2329 1063 2401 justilicet,
1100 2344 1205 2383 non
1237 2328 1439 2398 injusta
1461 2368 1476 2390 ,
1509 2343 1687 2398 neque
1712 2327 2028 2398 paenitenda
2067 2329 2152 2382 lex

556 2422 686 2489 erit,
718 2428 939 2493 prapter
964 2436 1128 2491 quam
1175 2421 1306 2490 justi
1343 2419 1482 2473 llunt
1504 2459 1520 2484 ,
1550 2420 1642 2490 qui
1673 2420 1723 2474 ei
1749 2420 2151 2491 obtemperant.

560 2516 832 2572 Craterum
862 2513 931 2567 ad
962 2516 1131 2585 legem
1167 2513 1364 2568 attinet
1392 2512 1525 2568 lides
1568 2513 1731 2567 etiam
1778 2513 1832 2566 in
1875 2509 2151 2566 Christum

564 2587 620 2665 id
654 2603 843 2664 eadem
891 2606 1010 2678 lege
1040 2605 1302 2676 praedicta
1325 2646 1339 2671 ,
1374 2604 1493 2659 sine
1532 2619 1643 2675 quo
1669 2602 1966 2674 justiticari
1995 2617 2155 2658 nemo

566 2707 770 2772 potest;
807 2709 858 2755 et
893 2700 943 2754 ei
973 2699 1197 2767 insuper
1222 2696 1540 2768 quicunque
1589 2694 1915 2760 crediderit,
1947 2697 2155 2767 absque

565 2794 701 2864 legis
762 2791 855 2846 illo
906 2789 1220 2847 testimonio
1262 2786 1561 2859 iustiﬁcari
1614 2788 1833 2859 nequit;
1893 2788 2155 2858 quoniam

528 2916 541 2939 ρ
564 2887 818 2943 Christus
849 2884 983 2955 legis
1017 2883 1476 2952 complementum
1502 2888 1621 2946 est,
1654 2888 1714 2935 ut
1745 2880 2041 2949 Apostolus
2068 2880 2156 2936 his

567 2980 748 3035 verbis
770 2977 1008 3033 declarat
1039 2994 1051 3029 :
1078 2973 1362 3029 Plenitudo
1385 2973 1512 3043 legis
1534 2973 1781 3028 Christus
1804 2981 1882 3027 est
1904 2971 1973 3026 ad
1990 2971 2159 3042 justi-

563 3074 694 3126 tiam
722 3072 765 3126 ¹.
801 3069 966 3140 369
992 3066 1204 3134 Quibus
1237 3066 1367 3121 illud
1399 3065 1633 3129 indicat,
1681 3065 1801 3120 sine
1831 3065 1948 3135 lege
1994 3073 2160 3135 atque

563 3162 782 3219 Christo
811 3162 1018 3215 nullam
1039 3155 1673 3229 essejustitiam.Neque
1702 3155 1849 3211 enim
1875 3153 2048 3210 Judmi
2063 3155 2158 3230 qui

563 3256 841 3313 Christum
868 3252 1178 3325 repudiant,
1211 3252 1330 3307 sine
1360 3266 1428 3306 eo
1455 3250 1949 3321 justiﬁcabuntur;
1982 3265 2160 3321 neque

562 3358 620 3404 tu
651 3345 1051 3418 justiﬁrahere,
1087 3341 1323 3409 Marcio,
1356 3343 1448 3413 qui
1482 3341 1651 3413 legem
1680 3343 1939 3413 abnegas.

584 3466 590 3479 ι
637 3437 824 3493 Schol.
857 3437 893 3488 2
925 3444 978 3491 et
1004 3434 1096 3489 29.
1131 3434 1481 3488 Circumcisio
1510 3434 1647 3487 enim
1678 3433 1890 3501 prodest
1922 3433 1969 3486 si
1994 3434 2158 3502 legam

565 3528 769 3599 facias;
809 3526 856 3579 si
881 3533 1057 3578 autem
1089 3523 1473 3592 prwvaricator
1521 3525 1594 3578 sis
1625 3524 1752 3596 legis
1773 3565 1788 3591 ,
1819 3523 2152 3579 circumcisio

567 3624 660 3669 tua
688 3612 1007 3683 prwputium
1032 3611 1178 3681 (acta
1204 3620 1282 3665 est
1317 3610 1359 3666 ⁸.

638 3702 820 3759 Rel‘ut.
862 3702 899 3757 2
950 3711 1004 3758 et
1044 3703 1136 3760 29.
1181 3701 1632 3774 Quandoquidem
1680 3702 2027 3774 profuturam
2052 3706 2162 3761 cir-

2361 651 2473 721 Τῆς
2504 655 2654 723 πρὸς
2688 655 3011 725 Ῥωμαίους
3042 656 3321 725 τετάρτης
3350 659 3682 732 Ἐπιστολῆς.

2331 764 2519 829 οὕτως
2544 766 2652 838 γάρ
2688 769 2803 821 ἐστι
2838 769 2988 840 παρὰ
3034 768 3111 835 τῷ
3133 770 3415 840 Μαρκίωνι
3447 776 3671 847 κειμένη,
3698 780 3758 833 iu

2139 908 2151 919 ,
2260 856 2426 927 μηδὲν
2451 857 2610 928 ὀρθὸν
2644 858 2774 929 παρ’
2802 857 2953 931 αὐτῷ
2989 860 3096 931 εἴη.

2327 947 2374 1004 α’
2408 950 2503 1003 καὶ
2540 956 2626 1020 κη’
2673 951 2821 1021 σχόλ.
2866 930 3040 1006 Ὅσοι
3065 930 3314 1023 γάνόμως
3357 930 3628 1025 ἥμαρτον.⁷
3659 960 3759 1016 ἀνό-

2249 1059 2376 1110 μως
2413 1042 2511 1097 καὶ
2547 1042 2947 1099 ἀπολοῦνται⁹
2978 1045 3079 1099 καὶ
3110 1045 3243 1100 ὅσοι
3262 1046 3333 1100 ἑν
3352 1051 3507 1119 νόμῳ
3535 1050 3758 1120 ἥμαρτον,

2255 1131 2353 1186 διὰ
2385 1132 2571 1202 νόμον
2616 1135 3025 1201 κριθήσονται.
3061 1139 3144 1192 Οὐ
3173 1138 3284 1207 γὰρ
3322 1143 3376 1193 οἱ
3426 1141 3761 1209 ἀκροαταὶνὸ-

2247 1239 2371 1290 μου
2403 1221 2619 1279 δίκαιοι
2673 1229 2837 1295 παρὰ
2878 1226 2959 1292 τῷ
2996 1225 3152 1295 Θεῷ,
3201 1230 3338 1284 ἀλλ’
3365 1233 3418 1284 οἱ
3456 1233 3665 1302 ποιηταὶ
3693 1237 3761 1288 νό-

2248 1330 2370 1380 μου
2408 1313 2928 1387 δικαιωθήσονται.

2324 1402 2374 1456 α’
2407 1407 2499 1459 καὶ
2523 1414 2609 1477 κη’
2648 1408 2825 1479 ἔλεγχ.
2854 1410 2916 1463 Ei
2948 1411 3059 1465 ὅσοι
3079 1411 3296 1484 ἀνόμως
3319 1413 3573 1486 ἥμαρτον,
3602 1417 3763 1487 ἀνόμως

2254 1497 2349 1550 καὶ
2375 1498 2698 1571 ἀπολοῦνται
2726 1543 2739 1566 ,
2774 1503 3046 1576 σωτηρίας
3074 1506 3101 1559 ὀ
3129 1505 3292 1576 νόμος
3320 1506 3590 1579 παραίτιος
3614 1508 3764 1578 φυλατ-

2252 1592 2509 1660 τόμενος,
2541 1594 2635 1647 καὶ
2682 1595 2757 1665 μὴ
2799 1594 2904 1650 ἐῶν
2929 1597 3053 1662 τοὺς
3079 1597 3445 1666 φυλάττοντας
3475 1600 3762 1654 ἀπόλλυσθαι.

2254 1682 2364 1734 Καὶ
2394 1684 2443 1736 εἰ
2469 1684 2517 1737 oi
2546 1683 2632 1737 διὰ
2669 1686 2833 1757 νόμου
2873 1688 3290 1759 ἀμαρτήσαντες
3317 1689 3405 1743 διὰ
3432 1690 3583 1762 νόμον
3622 1688 3764 1762 κριθή·

2255 1788 2457 1839 σονται,
2506 1775 2614 1844 ἄρα
2656 1777 2848 1850 κριτὴς
2896 1778 3003 1833 τῶν
3035 1779 3403 1851 παραϐάσεων
3433 1782 3461 1833 ό
3498 1782 3668 1851 νόμος,
3693 1783 3763 1834 οὐκ

2253 1866 2525 1933 ἀπωλείας
2549 1867 2645 1935 ὢν,
2679 1870 2815 1923 ἀλλὰ
2846 1871 3260 1943 δικαιοκρισίας,
3292 1872 3453 1937 ὁσίως
3481 1874 3656 1946 κρίνων
3676 1875 3763 1937 tot};

2254 1959 2726 2030 παραδεδηκότας.
2767 1963 2849 2016 Οὐ
2877 1960 2988 2031 γὰρ
3014 1966 3068 2017 οἱ
3092 1964 3380 2032 ἀκροαταὶ
3405 1965 3581 2035 νόμου
3603 1966 3763 2023 δίκαιοι

2253 2050 2412 2118 παρὰ
2434 2050 2576 2117 Θεῷ,
2606 2051 2745 2107 ἀλλ’
2765 2055 2821 2106 οἱ
2846 2054 3081 2121 ποιηταὶ
3103 2057 3291 2124 νόμου
3320 2055 3763 2126 δικαιωθήσονται.

2254 2141 2317 2194 Εἰ
2344 2140 2401 2193 δὲ
2441 2142 2762 2214 ποιούμενος
2781 2146 2811 2198 ό
2837 2145 3001 2217 νόμος
3033 2145 3235 2200 δικαιοῖ
3266 2147 3359 2201 τὸν
3385 2148 3676 2218 ποιήσαντα,
3696 2149 3764 2200 οὐκ

2254 2231 2436 2296 ἄδικος
2462 2234 2491 2286 ό
2516 2233 2709 2306 νόμος,
2743 2234 2868 2288 οὗτε
2898 2236 3129 2306 φαῦλος,
3162 2238 3227 2292 δι’
3267 2238 3327 2292 ὃν
3356 2242 3406 2294 οἱ
3436 2240 3683 2304 τελοῦντες
3703 2238 3764 2291 τὸν

2254 2321 2418 2392 νόμον
2466 2323 2665 2378 δίκαιοι
2704 2326 3080 2403 καθζστανται.
3126 2330 3221 2383 Ἐκ
3269 2330 3329 2384 δε
3360 2332 3455 2384 τοῦ
3498 2332 3644 2401 νόμου
3684 2332 3764 2384 ἐστὶ

2255 2414 2405 2488 καὶὴ
2436 2417 2516 2481 εἰς
2555 2417 2790 2488 Χριστὸν
2823 2421 3276 2493 προφητευομὲνη
3324 2423 3524 2486 πίστις·
3560 2423 3698 2495 χωρὶς
3724 2418 3763 2476 ὦ

2254 2509 2316 2563 οὐ
2341 2510 2762 2583 δικαιωθήσεται
2790 2513 2966 2578 οὐδεὶς
2986 2554 3000 2579 ,
3049 2516 3144 2568 καὶ⁸
3181 2517 3239 2569 ὲν
3283 2509 3329 2584 ᾧ
3355 2517 3628 2592 πιστεύσας
3657 2518 3765 2586 παρὰ

2254 2603 2354 2675 τὴν
2376 2603 2468 2656 τοῦ
2497 2603 2663 2676 νόμου
2693 2608 3180 2679 προφητευομένην
3214 2611 3517 2681 μαρτυρίαν
3536 2651 3551 2675 ,
3577 2609 3631 2663 οὐ
3654 2607 3765 2662 δύνα-

2256 2715 2345 2751 ται
2378 2698 2539 2752 πάλιν
2573 2699 2948 2766 δικαιοῦσθαι,
2985 2702 3033 2772 (ὃ
3084 2703 3201 2773 καὶ)
3236 2704 3315 2767 ὼς
3354 2703 3684 2776 πληρώματος
3708 2701 3766 2753 δν·

2255 2806 2349 2853 τος
2392 2790 2484 2844 τοῦ
2522 2791 2760 2863 Χριστοῦ
2796 2792 2889 2846 τοῦ
2921 2793 3087 2865 νόμου
3118 2793 3263 2848 κατὰ
3290 2796 3356 2849 τὸ
3385 2796 3534 2866 παρὰ
3556 2795 3624 2865 τῷ
3655 2795 3766 2846 Ἀπι-

2259 2880 2430 2952 στόλῳ
2472 2882 2780 2954 εἰρημένον,
2837 2884 2920 2937 ὅτι
2947 2882 3245 2954 Πλήρωμα
3261 2886 3449 2955 νόμου
3476 2884 3692 2954 Χριστὸς
3710 2884 3766 2947 εις

2257 2974 2655 3043 δικαιοσύνην
2677 3016 2692 3041 ,
2726 2975 3028 3042 δεικνύντι,
3063 2977 3147 3030 ὅτι
3199 2976 3331 3031 ἄνευ
3371 2979 3530 3050 νόμου
3561 2979 3640 3031 καὶ
3671 2976 3766 3046 Χρε-

2261 3065 2387 3120 στοῦ
2441 3068 2542 3121 οὐκ
2582 3067 2661 3121 ἔνι
2698 3068 3033 3140 δικαιοσύνη.
3077 3068 3218 3123 υῦτε
3263 3072 3374 3142 γὰρ
3431 3069 3649 3124 Ἰουδαῖοι
3679 3067 3767 3121 ἄνευ

2260 3159 2499 3231 Χριστοῦ
2534 3161 2984 3233 δικαιωθήσονται
3024 3160 3100 3234 μὴ
3142 3162 3401 3227 λαϐόντες
3442 3161 3666 3235 Χριστὸν,
3684 3157 3769 3211 οὔτε

2262 3250 2350 3317 σὺ,
2381 3250 2646 3323 Μαρκίων
2671 3292 2686 3315 ,
2721 3250 3061 3325 δικαιωθήσῃ
3090 3251 3503 3325 ἁπαρνούμενος
3528 3251 3609 3306 τὸν
3635 3248 3767 3319 νόμον.

2334 3423 2378 3495 β’
2409 3425 2504 3479 καὶ
2533 3424 2615 3478 κθ¹
2651 3426 2799 3497 σχόλ.
2852 3426 3140 3497 Περιτομὴ
3177 3428 3297 3498 μὲν
3329 3429 3441 3499 τὰρ
3459 3425 3665 3499 ὠφελεῖ,
3695 3422 3770 3478 ἐὰν

2261 3520 2450 3588 νόμον
2484 3516 2770 3587 πράσσῃς
2790 3534 2804 3548 °
2838 3517 2948 3571 ἐὰν
2990 3517 3060 3571 δὲ
3103 3520 3450 3589 παραϐάτης
3518 3522 3676 3589 νόμου
3701 3509 3766 3586 ᾖς.

2263 3608 2546 3677 περιτομή
2580 3624 2698 3663 σου
2729 3609 3100 3678 ἀκροϐυστία
3129 3610 3417 3682 τέγονενκ

2335 3718 2379 3790 β’
2408 3721 2502 3773 καὶ
2528 3718 2607 3773 κθ⁷
2631 3720 2810 3790 ἐλεγχ.
2833 3721 2895 3774 Εἰ
2917 3721 3279 3791 ἀποφαίνεται
3303 3726 3332 3778 ό
3361 3725 3509 3794 ἅγιος
3525 3721 3769 3781 ludentis;

566 3796 958 3852 cumcisioncm
1008 3795 1304 3864 Apostolus
1335 3795 1680 3864 pronuntiat,
1712 3795 1837 3867 quis
1862 3796 2155 3854 fructuosis

2261 3812 2362 3885 τὴν
2400 3813 2703 3885 περιτομὴν
2734 3813 3058 3886 ὠφελήσειν,
3093 3816 3178 3880 τίς
3206 3818 3263 3870 ὲν
3292 3820 3406 3880 τοῖς
3435 3816 3674 3887 ὠφελοῦσι
3695 3812 3770 3883 μῶ-

566 3889 734 3945 rebus
781 3886 1113 3943 calumniam
1160 3896 1375 3943 struere
1441 3888 1678 3943 audeat?
1727 3887 1885 3944 Hunc
1937 3891 2155 3961 quidem

2267 3920 2366 3974 μον
2388 3903 2604 3974 θήσειεν
2628 3920 2643 3969 ;
2677 3904 2837 3958 Ἀλλὰ
2868 3906 2916 3959 εἰ
2942 3906 3050 3977 ἄρα
3071 3907 3253 3977 ὅμοιος
3269 3907 3348 3978 τῷ
3375 3886 3499 3977 ὄφει
3520 3907 3765 3977 γενήσεται·

568 3981 839 4052 serpentis
895 3980 1131 4035 similem
1180 3985 1396 4050 oportet
1452 3994 1607 4045 esse,
1644 3994 1675 4034 a
1729 3996 1840 4052 quo
1890 3997 2068 4053 neque
2103 3990 2155 4037 tu

2264 3994 2449 4059 ἔοικας
2484 3997 2593 4068 γὰρ
2623 3996 2818 4067 τούτῳ,
2844 3991 2889 4050 ὦ
2915 3999 3200 4065 Μαρκίων.
3237 4001 3503 4064 Κάκεῖνος
3530 3999 3643 4068 γὰρ,
3667 3998 3765 4049 ἀντι·

567 4071 866 4136 abhorres,
899 4069 1127 4125 Marcio.
1179 4068 1461 4141 Siquidem
1515 4070 1606 4125 ille
1640 4070 1731 4126 Dei
1769 4072 1937 4127 verba
1977 4073 2155 4129 dctor‘

2266 4088 2514 4159 στρέφων
2532 4089 2600 4143 τὰ
2631 4089 2782 4161 παρὰ
2805 4089 2939 4144 Θεοῦ
2962 4091 3247 4162 εἰρημένα,
3270 4093 3562 4165 παρέπειθε
3577 4091 3659 4161 τήν
3673 4086 3765 4141 Εὕαν

565 4181 741 4238 quens
789 4161 953 4217 Evam
988 4162 1345 4234 persuasione
1392 4178 1490 4217 sua
1537 4162 1786 4235 decepit,
1820 4164 1895 4217 ita
1923 4167 2155 4235 compel-

2264 4179 2438 4250 λέγων
2456 4195 2470 4211 ο
2524 4182 2607 4235 Οὐ
2653 4181 2888 4247 θανάτῳ
2933 4161 3364 4239 ἀποθανεῖσθε.⁷
3405 4184 3579 4254 Νόμον
3614 4181 3697 4250 γὰρ
3725 4177 3767 4243 τ’]

568 4259 736 4313 laus:
780 4255 1131 4327 Nequaquam
1185 4251 1483 4309 merientiui
1511 4254 1556 4310 ‘.
1608 4254 1819 4311 Etenim
1865 4256 2155 4327 Apostolus

2264 4275 2537 4344 περιτομῇ
2564 4272 2839 4344 συνέδησε,
2864 4275 2957 4327 καὶ
2977 4272 3075 4345 τὴν
3098 4273 3400 4346 περιτομὴν
3422 4251 3499 4344 τῷ
3523 4272 3654 4341 νόμῳ
3674 4281 3770 4335 συμ-

569 4353 740 4421 legem
764 4348 832 4402 ad
862 4347 1339 4403 circumcisiouem
1366 4346 1657 4429 astrinxit,
1693 4355 1750 4404 et
1782 4348 2162 4404 circumcisio-

570 4458 693 4497 nem
728 4442 834 4512 legi
881 4448 1306 4495 consentaneam
1345 4454 1466 4495 esse
1497 4440 1853 4504 monstravit,
1887 4440 2164 4511 ejusdem-

568 4548 677 4604 que
731 4532 1049 4587 mandatum
1102 4547 1225 4589 esse
1259 4531 1387 4595 Dei,
1440 4531 1534 4602 qui
1582 4541 1637 4587 ct
1685 4532 2162 4589 circumcisionem

2265 4364 2582 4436 πρέπουσαν
2632 4364 2897 4431 ἐπέδειξε,
2940 4366 3038 4420 καὶ
3075 4364 3172 4418 τοῦ
3210 4365 3375 4420 αὐτοῦ
3417 4364 3547 4419 Θεοῦ
3575 4363 3627 4417 τὸ
3660 4360 3771 4430 πρόσ-

2264 4473 2451 4528 ταγμα
2497 4458 2763 4529 ὑπάρχειν
2804 4458 3050 4529 ὑπέφηνε
3077 4457 3174 4512 τοῦ
3219 4458 3322 4528 τὴν
3351 4456 3634 4528 περιτομήν
3683 4463 3772 4502 ποτε

2264 4547 2575 4614 δεδωκότος,
2620 4551 2714 4604 καὶ
2760 4551 2924 4621 νόμον
2962 4551 3044 4614 εἰς
3087 4549 3335 4622 βοήθειαν
3376 4548 3668 4608 δεδωκότος·
3710 4538 3771 4606 ἀφ’

569 4626 700 4680 olim
731 4623 971 4679 instituit
991 4662 1005 4687 ,
1035 4630 1087 4678 et
1128 4624 1300 4693 legem
1341 4622 1580 4693 praesidii
1608 4638 1776 4677 causa
1805 4625 1965 4691 tulit,
2000 4625 2155 4694 cujus

2265 4633 2436 4711 οὗπερ
2458 4640 2693 4712 Χριστὸς
2718 4639 3107 4710 πιστευόμενος
3121 4641 3189 4694 τΞι
3204 4640 3389 4695 τέλεια
3403 4642 3511 4702 τοῖς
3530 4633 3773 4692 πιστεύσασι

572 4715 835 4772 beneﬁcio
895 4714 1139 4770 creditus
1201 4713 1457 4769 Christus
1509 4714 1861 4769 credentibus
1916 4716 2157 4786 perfecta

569 4824 800 4883 quaeque
838 4807 1022 4863 dicere
1050 4822 1113 4862 ac
1146 4806 1327 4862 facere
1355 4807 1627 4862 concedit.

644 4922 831 4981 Schol.
874 4925 909 4980 5
939 4930 994 4978 et
1040 4922 1130 4977 50.
1184 4918 1923 4990 Ilabentes'informationem
1979 4925 2164 4994 cogni-

569 5017 729 5073 tionis
750 5028 803 5071 et
842 5014 1081 5070 veritatis
1106 5014 1161 5067 in
1197 5011 1369 5084 lege'.

641 5129 828 5185 Refut.
856 5129 965 5184 ﬁet
991 5126 1081 5182 50.
1118 5124 1178 5181 Si
1206 5125 1449 5196 cognitio
1497 5124 1940 5183 informationem
1983 5129 2161 5183 couti-

573 5233 665 5279 net
702 5266 718 5282 ,
752 5222 926 5276 forma
958 5235 1090 5275 vero
1132 5219 1202 5274 ab
1251 5218 1639 5274 informatione
1674 5220 1885 5287 oritur;
1920 5220 2161 5286 Aposto-

574 5315 611 5368 li
646 5331 809 5385 porro
840 5314 1154 5384 cognitione
1186 5326 1261 5366 ac
1308 5311 1538 5367 veritate
1566 5311 1781 5382 praediti
1805 5328 1870 5367 ex
1904 5312 2038 5383 legis
2077 5313 2163 5367 in-

576 5403 901 5459 formatione
933 5402 1162 5457 formam
1195 5402 1368 5470 ipsam
1394 5401 1675 5468 obtinent,
1709 5401 1815 5456 hoc
1856 5409 1943 5457 est
1972 5403 2162 5473 cogni-

578 5489 779 5545 tionem
805 5506 869 5544 ac
889 5491 1201 5555 veritatem,
1225 5490 1477 5560 sequitur
1504 5490 1678 5560 legem
1712 5503 1743 5543 a
1769 5490 2084 5559 cognitione
2107 5498 2162 5545 et

580 5581 810 5637 veritate
835 5582 1058 5639 minime
1090 5584 1324 5639 alienam
1355 5582 1548 5638 videri.
1595 5583 1697 5637 Per
1724 5582 1860 5653 legis
1896 5583 2044 5637 enim
2072 5584 2158 5637 in-

2266 4731 2446 4786 λαλείν
2484 4750 2542 4786 τε
2571 4734 2661 4787 κα)⁵
2691 4736 2862 4787 ποιεῖν
2892 4732 3210 4805 παρέχεται.

2338 4923 2385 4984 γ’
2415 4917 2509 4970 καὶ
2544 4916 2584 4968 λ’
2610 4916 2762 4988 σχόλ.
2803 4919 3058 4987 Ἕχοντα
3088 4917 3203 4985 τὴν
3225 4919 3530 4987 μόρφωιν
3552 4910 3647 4980 τῆς

2263 5025 2438 5075 σεως,
2468 5008 2568 5061 καὶ
2603 5009 2713 5075 τῆς
2741 5009 3028 5076 ἀληθείας
3052 5008 3123 5061 ἐν
3150 5007 3229 5072 τῷ
3258 5009 3435 5076 νόμῳ.

2336 5120 2384 5188 γ’
2412 5119 2507 5173 καὶ
2544 5120 2589 5173 λ’
2618 5118 2799 5190 ἒλεγχ.
2843 5120 2908 5172 Εἰ
2942 5122 2974 5190 ἡ
3016 5120 3216 5189 γνῶσις
3249 5123 3521 5192 μόρφωσιν
3562 5115 3671 5188 ἔχει,
3700 5107 3774 5164 ἀπὸ

2263 5216 2321 5269 δὲ
2347 5215 2447 5285 τῆς
2471 5214 2802 5285 μορφώσεως
2827 5214 2887 5267 τὸ
2910 5211 3050 5277 εῐδος
3075 5214 3346 5282 φαίνεται,
3372 5214 3420 5266 ot
3446 5212 3499 5265 δὲ
3522 5211 3609 5280 τὴν
3623 5203 3773 5275 γνῶσιν

2265 5306 2362 5361 καὶ
2401 5307 2499 5378 τὴν
2536 5306 2793 5379 ἀλήθειαν
2838 5306 3053 5376 ἔχοντες
3092 5305 3376 5360 ἀπόστολοι
3415 5303 3505 5357 καὶ
3546 5300 3589 5355 oi
3621 5295 3774 5379 τούτων

2269 5377 2506 5471 μαθηταὶ
2552 5377 2757 5454 οἴδασιν
2805 5399 2915 5453 ἀπὸ
2956 5401 3055 5470 τῆς
3091 5398 3421 5470 μορφώσεως
3460 5392 3545 5448 τοῦ
3578 5390 3712 5457 νόμον
3734 5377 3773 5430 τδ

2264 5489 2405 5555 εἶδος
2428 5491 2749 5562 κεκτῆσθαι,
2793 5491 3046 5545 τουτέστι
3083 5491 3182 5561 τὴν
3216 5489 3414 5560 γνῶσιν
3444 5487 3532 5541 καὶ
3563 5482 3648 5552 τὴν
3677 5472 3772 5539 ἀλή⁰

2273 5583 2422 5636 θειαν
2439 5600 2453 5615 ’
2479 5584 2581 5637 οὐκ
2605 5584 2715 5654 ἄρα
2735 5582 3017 5654 ἀλλότριος
3047 5585 3074 5635 ὁ
3093 5583 3259 5653 νόμος
3288 5580 3377 5635 τοῦ
3403 5574 3586 5649 νόμου¹
3612 5569 3687 5624 καὶ
3706 5564 3770 5630 illi

600 5787 621 5809 κ
655 5759 671 5790 ¹
714 5758 866 5812 Rom.
904 5772 962 5821 ιι,
996 5759 1079 5813 ιε.
1158 5764 1178 5794 ¹
1207 5759 1365 5815 Rom.
1401 5778 1455 5829 τ,
1480 5761 1532 5815 4.
1614 5762 1634 5794 ⁸
1665 5760 1822 5816 Rom.
1861 5776 1924 5831 ιι,
1951 5760 2042 5818 25.
2121 5763 2142 5794 ⁸

2257 5779 2305 5817 ιι.
2342 5779 2420 5831 tu,
2445 5764 2496 5818 4.
2574 5766 2595 5795 ⁸
2626 5762 2786 5817 Rom.
2823 5778 2883 5829 tt,
2914 5763 2999 5817 ΞΟ.
3083 5762 3102 5793 ⁶
3138 5760 3197 5816 F.
3226 5761 3324 5826 τῆς
3356 5757 3601 5826 γνώσεως-
