3934 6420
132 354 226 411 £05

783 338 1151 415 jADVERSUS
1190 357 1535 415 HASRESES
1569 356 1698 415 LIB.
1735 357 1777 414 l.
1819 356 1984 417 TOM.
2023 361 2108 417 Ill.
2142 392 2211 406 —-
2235 363 2509 423 ll/ERES.
2557 367 2722 424 XLII.

3322 374 3424 432 8'35

16 480 27 509 ¹
131 468 389 541 ἀληθείας.
423 468 521 523 Διὰ
545 467 656 542 γὰρ
690 469 790 541 τῆς
820 472 878 525 ὲν
912 468 1063 540 αὐτῷ
1103 473 1439 542 μορφώσεως
1467 468 1687 537 ἐπέγνω

1818 470 2204 530 formationem
2269 477 2520 536 veritatis
2580 494 2867 551 praecones
2927 482 3301 553 cognitionem
3362 506 3424 544 ac

135 579 226 616 σαν
264 561 307 614 oi
353 561 596 631 κήρυκες
632 561 732 633 τῆς
769 562 1027 633 ἀληθείας
1072 563 1174 635 τὴν
1227 562 1430 633 γνῶσιν
1479 564 1595 616 καὶ-
1614 562 1714 635 τὴν

16 690 27 721 ι
132 652 393 726 ἀλήθειαν.

195 747 234 801 δ’
258 748 344 800 καὶ
370 746 452 799 λα’
484 747 632 818 σχόλ.
696 748 820 801 Ἔτι
859 748 969 820 γὰρ
1008 749 1264 819 Χριστὸς
1298 748 1493 802 ὄντων
1546 744 1715 816 ἡμῶν

16 828 25 836 ’
127 838 405 907 ἀσθενῶν,
426 839 513 893 ἑτι
539 840 694 894 κατὰ
710 842 921 910 καιρὸν
941 842 1095 912 ὑπὲρ
1117 839 1356 896 ἀσεϐῶν
1382 839 1709 896 ἀπέθανεν.

192 1020 229 1072 δ’
258 1021 346 1074 καὶ
379 1018 461 1074 λα’
489 1020 672 1092 ἔλεγχ.
715 1021 808 1087 Τὸ,
842 1021 930 1076 ἔτι
963 1022 1061 1077 καὶ
1098 1022 1422 1087 ἀπέθανεν,
1454 1020 1515 1074 οὐ
1541 1021 1709 1093 δοκη-

128 1129 276 1176 σεως,
301 1113 435 1167 ἀλλὰ
460 1113 720 1185 ἀληθείας
739 1115 857 1168 ἐστὶ
876 1115 1232 1186 σημαντικόν.
1264 1115 1328 1168 Εἰ
1353 1113 1461 1186 γὰρ
1483 1113 1709 1183 δόκησις

16 1194 35 1283 :
125 1200 207 1275 ἦν,
232 1203 307 1267 τίς
321 1204 477 1275 χρεία
497 1205 591 1259 τοῦ
615 1204 702 1258 ἔτι
723 1205 1003 1273 λέγεσθαι,
1029 1204 1328 1276 δυναμένου
1350 1203 1444 1258 τοῦ
1469 1201 1705 1274 Χριστοῦ

16 1298 37 1303 ’“
126 1296 341 1349 πάντοτε
372 1295 465 1349 καὶ
482 1295 577 1348 νῦν
601 1297 821 1368 δοκήσει
855 1296 1162 1366 φαίνεσθαι,
1193 1296 1289 1349 καὶ
1313 1295 1387 1367 μὴ
1418 1293 1702 1364 λέγεσθαι,

124 1386 206 1440 ἔτι
222 1387 403 1440 ὄντων
423 1387 593 1457 ἡμῶν
607 1387 908 1453 ἀσθενῶς
950 1387 1083 1441 Ἀπὸ
1107 1386 1194 1440 τοῦ
1217 1386 1348 1459 γὰρ,
1366 1386 1477 1453 ἔτι,
1500 1385 1563 1440 τὸ
1584 1387 1706 1440 τότε

16 1458 37 1489 ii
122 1477 290 1531 Θανεῖν
315 1478 585 1543 ἀπέδωκε,
616 1478 708 1531 καὶ
737 1478 1021 1532 ἐδικαίωσε
1055 1478 1133 1549 τῷ
1169 1458 1417 1549 θανάτῳο
1445 1477 1532 1531 ἵνα
1566 1494 1707 1548 μηκ-

16 1554 37 1583 ³¹
118 1571 195 1623 ἐτι
221 1570 401 1640 χρεῖαν
428 1570 528 1644 ἔχῃ
559 1571 739 1625 Θανεῖν
762 1573 790 1625 ὁ
811 1571 950 1643 ὑπὲρ
1004 1570 1344 1643 ἁμαρτωλῶν
1392 1567 1542 1632 ἅπαξ
1570 1570 1706 1623 ἀπο-

15 1646 37 1677 "
116 1658 304 1723 θανὼν,
340 1660 436 1713 καὶ
472 1660 540 1713 δι’
578 1660 787 1714 ἑαυτῶν
830 1660 1027 1732 μηκέτι
1061 1659 1441 1730 ἀποθνήσκων.

1818 563 2105 619 veritatem
2140 573 2270 623 sunt
2304 565 2507 637 adepti.

1894 740 2078 797 Schol.
2114 741 2149 796 4
2197 750 2252 798 et
2280 743 2370 797 51.
2411 743 2600 797 Adhuc
2647 745 2789 799 enim
2841 742 3087 799 Christus
3124 760 3241 797 cum
3281 761 3418 798 essc-

1816 847 1937 886 mus
1967 833 2202 903 inﬁrmi,
2250 835 2424 889 adhuc
2454 837 2508 890 in
2549 845 2783 907 tempore
2832 851 2929 905 pro
2959 836 3138 905 impiis
3180 846 3420 891 mortuus

1815 933 1893 977 est
1919 925 1959 977 ί.

1885 1014 2070 1071 Βείιῑῐ.
2102 1017 2137 1072 4
2167 1026 2221 1073 el.
2249 1020 2337 1074 5|.
2384 1018 2665 1075 Vocabula
2712 1021 2864 1087 haec,
2916 1021 3128 1085 adhuc,
3172 1031 3222 1076 et
3272 1039 3418 1077 mor-

1816 1114 1934 1160 tuus
1973 1116 2090 1175 est,
2134 1123 2245 1162 non
2280 1108 2483 1164 nudam
2529 1112 2806 1181 Speciem,
2848 1112 2945 1166 sed
2994 1115 3282 1168 veritatem
3323 1129 3419 1167 ar-

1814 1207 2009 1269 guunt.
2062 1198 2119 1253 Si
2151 1200 2297 1255 enim
2332 1203 2451 1256 sola
2504 1203 2718 1273 species
2752 1204 3089 1271 exstitisset,
3119 1205 3250 1275 quid
3292 1220 3414 1260 eam

1814 1291 2164 1362 particulam,
2188 1291 2392 1358 adhuc,
2415 1294 2727 1365 exprimere
2759 1310 2899 1367 Opus
2933 1307 3073 1363 erat,
3109 1313 3232 1352 cum
3264 1298 3414 1354 omni

1816 1390 2052 1453 tempore
2115 1382 2364 1454 adeoque
2402 1400 2552 1440 nune
2610 1386 2793 1456 specie
2826 1397 2990 1444 tenus
3034 1390 3212 1460 possit
3244 1405 3415 1461 appa-

1813 1489 1936 1530 rere
1968 1474 2223 1531 Christus
2243 1515 2259 1540 ,
2301 1491 2482 1547 neque
2515 1484 2697 1532 tamen
2752 1477 2992 1547 adjicere
3041 1496 3271 1536 necesse
3302 1482 3411 1545 sit,

1814 1582 1934 1619 cum
1970 1564 2142 1620 adhuc
2166 1567 2368 1636 inﬁrmi
2403 1570 2678 1623 essemus?
2717 1568 2832 1624 llac
2860 1569 3005 1624 enim
3039 1586 3194 1637 voce,
3217 1569 3411 1633 adhuc,

1808 1663 1925 1711 tum
1955 1657 2109 1711 illum
2142 1667 2375 1713 mortem
2410 1660 2616 1716 obiisse
2652 1661 2967 1732 signiﬁcat,
2998 1676 3062 1717 ac
3094 1672 3273 1718 morte
3312 1679 3412 1718 sua

16 1760 23 1768 '
112 1750 436 1821 justiﬁcasse
459 1794 474 1817 ,
525 1769 595 1809 ne
664 1754 901 1824 amplius
951 1754 1091 1810 mori
1119 1768 1348 1811 necesse
1403 1751 1478 1808 sit
1516 1751 1707 1819 illum,
1749 1751 1845 1823 qui
1882 1765 1982 1821 pro
2014 1752 2403 1822 peccatoribus
2428 1754 2599 1809 semel
2631 1764 2714 1811 est
2740 1764 3013 1821 mortuus,
3071 1770 3135 1811 ac
3164 1770 3260 1827 per
3290 1770 3414 1811 sese

16 1832 36 1859 ⁸
112 1864 221 1905 non
256 1850 486 1919 amplius
519 1849 808 1905 moriatur.

181 1947 219 1986 ε’
248 1941 337 1994 καὶ
358 1940 436 2012 λβ¹
470 1941 617 2014 σχᾶλ.
677 1941 856 1995 Ὥστε
891 1944 924 1996 ὀ
950 1940 1070 2011 μὲν
1093 1942 1279 2012 νόμος
1312 1940 1503 2013 ἅγιος,
1535 1938 1687 2005 καὶὴ

1874 1933 2042 2007 370
2073 1934 2260 1990 Schol.
2297 1934 2331 1990 5
2365 1941 2420 1989 et
2457 1933 2547 1988 32.
2584 1933 2712 1989 Ideo
2767 1936 2852 1989 lex
2881 1946 3068 1991 sancta
3096 1949 3148 1994 et
3193 1946 3412 1999 manda-

111 2030 322 2098 £7.th
353 2030 512 2100 ἁγία,
550 2031 647 2084 λαὶ
680 2030 881 2084 δίκαιά
920 2030 1019 2084 καὶ
1051 2031 1268 2099 ἀγαθή.

16 2110 35 2121 ’ί
180 2131 219 2175 ε’
261 2122 349 2175 καὶ
390 2121 469 2192 λβ¹
513 2121 696 2193 ἔλεγχ.
752 2122 1065 2176 Συντὶθεται
1120 2122 1196 2192 τῷ
1252 2123 1399 2195 νόμῳ
1438 2125 1499 2179 τὸ
1544 2126 1701 2193 ἅγιον

15 2202 37 2235 ⁵
111 2211 271 2265 αὑτὸν
310 2207 471 2277 εἶναι,
516 2212 611 2264 καὶ
644 2214 710 2283 τῇ
754 2212 811 2265 ἒν
833 2211 981 2281 αὐτῷ
1012 2211 1198 2285 ἐντολῇ
1226 2212 1520 2285 γενομένῃ,
1552 2213 1699 2283 τρισὶ

16 2294 38 2327 ”
113 2305 429 2375 μαρτυρίαις
472 2304 910 2374 ἀσφαλισάμενος
944 2305 1173 2373 ταύτην,
1214 2304 1378 2373 ἁγίαν
1409 2305 1578 2374 αὐτὴν
1610 2304 1701 2357 λέ-

16 2390 33 2419 ³
119 2414 217 2448 κων
253 2398 345 2448 καὶ
380 2396 596 2449 δικαίαν
634 2396 732 2450 καὶ
768 2396 980 2465 ἀγαθήν
1003 2411 1018 2426 ο
1077 2396 1163 2447 ἵνα
1207 2393 1403 2468 ἐλέγξῃ
1442 2411 1522 2458 σε,
1550 2396 1702 2467 Μαρ-

22 2486 33 2501 ’
111 2490 263 2554 κίων,
320 2489 413 2541 καὶ
447 2489 595 2559 ἡμᾶς
632 2487 819 2561 διδάξῃ
851 2488 945 2541 τοῦ
980 2489 1137 2557 ἁγίου
1186 2483 1322 2540 εἶναι
1370 2486 1462 2540 τὸν
1506 2486 1690 2558 νόμον,

16 2578 32 2609 ³
106 2575 170 2634 οὗ
216 2580 373 2651 κπὶὴ
427 2579 615 2651 ἐντολὴ
647 2579 799 2649 ἁγία,
858 2581 954 2633 καὶ
1009 2579 1172 2633 αὑτὸν
1212 2578 1305 2632 τὸν
1345 2578 1511 2647 ,ἅγιον
1558 2574 1697 2632 εἶναι

26 2674 27 2677 “
105 2674 200 2726 καὶ
230 2671 449 2739 ἀγαθόν.
497 2671 588 2724 Διὸ
634 2670 841 2739 ἀγαθοῦ
876 2667 1012 2725 οὖσα.
1041 2671 1250 2743 ἐντολὴ,
1293 2673 1477 2744 ἀγαθὴ
1511 2672 1698 2726 καλεῖ-

16 2765 33 2799 ί
99 2780 225 2816 ταισ
270 2762 364 2815 καὶ
396 2763 555 2831 ἁγίου
587 2758 744 2824 οὖσα,
788 2763 919 2833 ἁγία
951 2764 1101 2816 ἐστί’
1147 2765 1240 2817 καὶ
1276 2763 1485 2817 δικαίου
1522 2765 1700 2836 ὑπάρ-

17 2861 25 2869 ’
98 2870 286 2925 χουσα,
333 2852 519 2906 δικαία
564 2853 752 2926 ἐντολὴ
799 2854 1064 2914 καλεῖται,
1101 2853 1220 2917 ἑνὸς
1252 2852 1404 2916 ὄντος
1444 2853 1539 2907 τοῦ
1570 2855 1692 2908 τότε

22 2950 30 2957 ’
95 2946 187 2999 καὶ
225 2943 352 3010 νῦν,
413 2943 509 2997 τοῦ
541 2942 696 3009 ὄντος
738 2944 894 3013 ἁγίου
935 2945 1030 2998 καὶ
1077 2946 1289 3000 δικαίου
1335 2944 1430 2997 καὶ
1464 2946 1692 3012 ἀγαθοῦ.

18 3046 28 3076 ε
92 3036 185 3088 Διὸ
212 3034 362 3100 καὶὴ
392 3032 559 3088 αὑτοῦ
585 3034 798 3104 ἐντολὴ,
839 3036 871 3105 ή
907 3034 1016 3089 amb
1043 3034 1164 3088 τότε
1206 3034 1300 3088 καὶ
1328 3033 1426 3088 νῦν
1455 3035 1514 3087 ὲν
1544 3038 1696 3105 νόμῳ

15 3140 25 3171 ε
90 3127 186 3181 καὶ
214 3129 275 3179 ὲν
298 3127 476 3199 Καινῇ
506 3124 771 3197 Διαθήκῃ,
823 3124 953 3192 ἁγία
993 3125 1229 3197 ὑπάρχει
1258 3125 1354 3179 καὶ
1391 3124 1574 3180 δικαία
1602 3127 1697 3181 καὶ

15 3232 25 3261 τ
88 3215 296 3287 ἀγαθή.

162 3405 215 3461 ς’
237 3399 335 3451 καὶ
361 3397 440 3467 λγ¹
460 3397 610 3468 σχόλ.
640 3398 769 3453 Ἵνα
789 3397 857 3451 τὸ
880 3398 1169 3467 δικαίωμα
1194 3400 1301 3453 τοῦ
1322 3402 1513 3469 νόμον
1538 3402 1689 3469 πλη-

16 3524 23 3535 ν
82 3489 251 3564 ρωοῇ
280 3493 350 3545 ἐν
388 3490 555 3560 ἡμῖν.

159 3590 215 3645 ς’
244 3583 338 3636 καὶ
362 3582 440 3652 λγ¹
465 3581 644 3653 ἕλε-(χ.
680 3582 744 3636 Ei
769 3583 828 3637 ὲν
854 3585 969 3648 τοῖς
994 3583 1316 3648 ἀποστόλοις
1347 3584 1440 3637 καὶ
1466 3585 1523 3639 ἐν
1553 3586 1688 3657 ἡμῖν

76 3674 146 3727 τὸ
174 3675 456 3746 δικαίωμα
479 3673 573 3727 τοῦ
614 3674 779 3745 νόμου
812 3674 1138 3743 πληροῦται,
1181 3675 1299 3739 πῶς
1334 3677 1422 3737 σὺ,
1524 3677 1687 3749 Μαρ-

16 3802 19 3831 ί
75 3766 242 3828 κίων,
293 3765 499 3838 τολμᾷς
535 3764 716 3834 λέγειν
758 3768 854 3819 τὸν
885 3766 1049 3838 νόμον
1081 3766 1364 3838 ἀλλότριον
1396 3767 1506 3821 τῶν
1545 3769 1688 3822 κατὰ

74 3858 142 3911 τὺ
164 3856 445 3928 πλήρωμα
491 3854 586 3910 τοῦ
624 3856 790 3929 νόμου
815 3856 1210 3930 δικαιουμὲνων
1240 3858 1558 3912 ἀποστόλων
1588 3860 1685 3917 τοῦ

70 3949 219 4005 Θεοῦ
240 3967 259 4015 ς

150 4041 196 4106 ζ’
222 4043 319 4097 καὶ
346 4043 420 4097 λδ¹
444 4044 592 4115 σχόλ.
632 4043 816 4110 Τέλος
848 4042 958 4114 γὰρ
987 4046 1181 4114 νόμου
1199 4044 1455 4115 Χριστὸς
1482 4048 1570 4113 εἰς
1594 4046 1684 4101 δι-

67 4134 430 4203 καιοσύνην
461 4136 641 4191 παντὶ
670 4135 750 4201 τῷ
768 4137 1148 4203 ,πιστεύοντα

150 4226 198 4291 ζ’
223 4229 325 4281 καὶ
347 4229 418 4283 λδ·
442 4229 622 4301 ελεγχ.
645 4230 801 4295 Εἰεὶς
823 4229 1176 4301 δικαιοσύνην
1199 4229 1434 4303 Χριστὸς
1458 4229 1684 4302 ἐλήλυθε

64 4321 252 4375 παντὶ
277 4320 358 4391 τῷ
387 4321 718 4389 πιστεύοντι,
750 4322 812 4376 οὐ
846 4323 940 4376 τοῦ
989 4324 1157 4393 νόμου
1200 4323 1600 4395 τελειουμένου,
1634 4326 1684 4379 εί

64 4414 152 4485 μὴ
180 4413 427 4483 Χριστὸς
454 4413 715 4487 τελειώσῃ
746 4417 812 4486 τῇ
845 4415 1040 4469 ἑαυτοῦ
1075 4416 1354 4487 παρουσίᾳ
1380 4432 1394 4446 ·
1444 4415 1546 4468 οὐκ
1575 4417 1684 4488 ἄρα

54 4502 533 4576 τελειωθήσεσθε,
582 4499 627 4559 ὧ
677 4506 942 4574 Ἰουδαῖοι,
992 4508 1052 4559 ὲν
1090 4507 1240 4577 νόμῳ
1277 4507 1556 4578 μένοντες,
1588 4507 1685 4560 ἐὰν

58 4596 149 4668 μὴ
194 4597 442 4663 Χριστὸν
476 4598 857 4671 ὲνδημήσαντα
895 4597 1289 4661 πιστεύσαντες
1323 4597 1678 4670 ὐποδέξησοε.

1805 2031 1918 2077 tum
1957 2033 2200 2078 sanctum
2230 2038 2282 2078 et
2302 2024 2545 2093 justum,
2580 2033 2630 2078 et
2662 2028 2858 2078 bonum
2886 2028 2929 2079 ¹.

1874 2114 2061 2172 Relut.
2095 2116 2129 2170 5
2169 2123 2223 2172 et
2277 2115 2367 2171 32.
2402 2114 2532 2187 Legi
2585 2115 2689 2171 hoc
2739 2117 3037 2187 Apostolus
3092 2121 3317 2188 tribuit,
3350 2134 3409 2179 ut

1804 2204 1997 2268 sancta
2053 2211 2159 2287 sit,
2214 2208 2578 2280 ejusdemque
2629 2211 2889 2265 mandato
2935 2230 2948 2265 :
2999 2213 3147 2281 quod
3202 2217 3408 2287 triplici

1802 2286 2477 2365 testimonio‘conllrmat,
2516 2308 2771 2355 sanctum
2817 2317 2942 2359 esse
2973 2286 3314 2374 praedicans,
3355 2319 3409 2364 et

1796 2395 2034 2465 justum,
2066 2403 2120 2449 et
2143 2393 2385 2460 bonum,
2419 2400 2480 2447 ut
2506 2402 2580 2462 te,
2614 2393 2859 2462 Marcio,
2902 2397 3271 2467 condemnet,
3305 2418 3409 2458 nos

1802 2504 1934 2545 vero
1983 2488 2134 2559 ipsos
2202 2488 2462 2554 edoceat,
2502 2489 2677 2558 legem
2730 2490 2974 2546 auctoris
3022 2505 3144 2547 esse
3193 2496 3405 2561 sancti,

1802 2581 1961 2652 cujus
2018 2580 2338 2635 mandatum
2409 2589 2664 2636 sanctum
2720 2580 2823 2647 sit;
2896 2583 3261 2655 eumdemque
3309 2589 3404 2661 qui

1801 2684 2030 2730 sanctus
2065 2681 2170 2739 est,
2196 2689 2321 2729 esse
2347 2673 2573 2729 bonum.
2602 2673 2901 2744 Propterea
2932 2690 3055 2729 cum
3087 2679 3404 2734 mandatum

1799 2778 1833 2820 a
1878 2766 2025 2821 bono
2083 2763 2390 2834 profectum
2450 2763 2655 2828 fuerit,
2711 2764 2917 2819 bonum
2969 2763 3210 2832 dieitur;
3268 2776 3323 2822 ιι
3375 2785 3405 2823 a

1798 2866 2015 2922 sancto,
2036 2866 2288 2913 sanetum
2314 2874 2328 2923 ς
2353 2869 2405 2914 et
2432 2873 2463 2912 a
2484 2858 2633 2928 justo
2651 2857 2958 2913 derivatum
2976 2898 2989 2922 ,
3007 2858 3218 2927 justum
3240 2859 3405 2913 etiam

1798 2949 2136 3019 appellatur;
2163 2963 2286 3003 cum
2317 2964 2460 3004 unus
2491 2948 2748 3019 idemque
2778 2949 2942 3003 modo
2976 2948 3069 3013 sit,
3101 2949 3194 3019 qui
3222 2964 3403 3019 quon-

1797 3038 1922 3094 dam
1950 3038 2196 3107 exstitit,
2251 3047 2517 3107 sanctus,
2557 3041 2744 3112 justus
2794 3058 2860 3097 ac
2909 3042 3111 3098 bonus.
3152 3040 3308 3097 Unde
3348 3051 3403 3098 et

1797 3128 2115 3184 mandatum
2143 3129 2318 3201 ipsius
2353 3138 2466 3186 tam
2502 3134 2650 3203 quod
2680 3134 2835 3198 olim,
2867 3150 3033 3205 quam
3062 3136 3207 3205 quod
3239 3135 3403 3190 modo

1797 3230 1882 3279 est
1960 3224 2214 3289 editum,
2276 3225 2332 3279 in
2400 3233 2637 3298 utroque
2691 3227 2951 3283 videlicet
3008 3228 3399 3294 Testamento,

1706 3315 1753 3379 C
1784 3319 2036 3368 sanctum
2072 3353 2086 3379 ,
2124 3315 2327 3383 iustum
2359 3331 2423 3371 ac
2452 3317 2657 3372 bonum
2690 3317 3120 3402 existimandum
3153 3330 3257 3375 est.

1865 3404 2049 3464 Schol.
2088 3408 2121 3463 6
2153 3416 2207 3464 et
2253 3410 2341 3464 '55.
2383 3408 2450 3463 Ut
2480 3407 2812 3480 justi/lentio
2858 3410 2986 3481 legis
3026 3412 3310 3481 impleatur
3345 3414 3399 3467 in

1790 3493 1940 3549 nobis
1965 3495 1986 3526 ⁸
2002 3533 2017 3549 .

1862 3582 2046 3638 Relut.
2079 3584 2112 3639 6
2141 3593 2195 3642 et
2230 3587 2319 3643 '55.
2351 3587 2410 3644 Si
2446 3588 2502 3643 in
2534 3591 2800 3660 apostolis
2837 3599 2892 3648 et
2933 3592 2988 3647 in
3040 3593 3200 3650 nobis
3232 3592 3399 3661 justi-

1792 3675 1977 3730 ﬁcatio
2011 3676 2148 3748 legis
2177 3680 2465 3751 impletur,
2495 3698 2602 3752 qua
2629 3683 2776 3739 istud
2824 3682 3008 3741 fronte
3033 3688 3399 3756 pronuntiare

1789 3769 1993 3836 audes,
2034 3769 2241 3825 Marcio
2263 3812 2278 3836 ,
2316 3773 2490 3844 legem
2532 3774 2602 3829 ah
2632 3777 2898 3846 apostolis
2932 3776 3063 3844 Dei,
3093 3779 3186 3849 qui
3214 3795 3279 3834 ex
3316 3780 3396 3835 le-

1788 3862 1871 3935 gis
1900 3864 2307 3934 complemento
2339 3865 2740 3936 justiﬁcantur,
2778 3870 3012 3926 alienam
3048 3872 3256 3926 videri?

1862 4034 2050 4095 Schol.
2081 4039 2112 4091 7
2143 4046 2201 4094 et
2230 4039 2317 4095 5i.
2340 4039 2496 4096 Finis
2518 4044 2660 4097 enim
2696 4044 2827 4115 legis
2860 4043 3109 4099 Christus
3141 4046 3209 4100 ad
3227 4046 3395 4116 ,ἰαθεὶς

1790 4131 1921 4185 tiam
1957 4132 2104 4185 omni
2127 4132 2363 4186 credenti
2394 4134 2436 4186 ⁸.

1857 4221 2047 4279 Relut.
2085 4223 2116 4277 7
2146 4233 2199 4279 et
2232 4224 2323 4279 34.
2359 4223 2417 4279 Si
2446 4224 2515 4279 ad
2553 4226 2897 4282 credentium
2943 4228 3188 4283 omnium
3223 4228 3392 4300 justi-

1787 4316 1920 4370 tiam
1959 4316 2216 4372 Cbristus
2252 4317 2506 4382 advenit,
2539 4318 2615 4373 ita
2642 4326 2701 4372 ut
2735 4318 2925 4390 perﬁci
2970 4319 3055 4375 lex
3100 4322 3260 4377 aliter
3292 4339 3391 4380 ne-

1786 4414 1972 4479 queat,
1993 4407 2101 4464 nisi
2130 4424 2251 4464 eam
2281 4409 2538 4466 Christus
2571 4426 2673 4466 suo
2704 4411 2941 4468 adventu
2961 4414 3235 4484 perﬁciat,
3260 4431 3389 4486 per-

1788 4500 1875 4555 ﬁci
1919 4515 2049 4567 vos,
2096 4498 2308 4568 Judaei,
2353 4502 2509 4558 nullo
2562 4504 2729 4560 modo
2777 4506 3047 4575 potestis,
3098 4508 3144 4563 si
3183 4506 3239 4561 in
3272 4507 3390 4579 lege

1787 4595 2082 4660 maneatis,
2116 4595 2225 4650 nisi
2257 4594 2540 4652 Christum
2562 4636 2577 4661 ,
2610 4598 2705 4668 qui
2735 4596 2847 4668 jam
2876 4599 3063 4665 venit,
3096 4594 3389 4657 credentes

69 4689 257 4744 Ἀλλὰ
274 4691 400 4746 οὐδὲ
427 4693 515 4756 σὺ,
536 4692 819 4764 Μαρκίων,
849 4693 1056 4767 δυνήσῃ
1084 4691 1323 4763 σωθῆναι
1347 4695 1406 4746 ἐν
1443 4692 1686 4765 Χριστῷ,

1812 4701 1846 4738 n
1877 4700 1999 4740 eum
2032 4686 2211 4741 velitis
2241 4686 2510 4758 recipere.
2546 4686 2652 4749 Sed
2685 4705 2788 4745 nec.
2823 4697 2883 4743 tn
2909 4730 2923 4755 ,
2958 4688 3201 4756 Marcio,
3240 4692 3389 4747 salu~

50 4780 165 4835 τοῦ
191 4782 561 4855 κηρύγματος
587 4785 687 4856 τὴν
718 4784 893 4857 ἀρχὴν
923 4786 1018 4839 καὶ
1053 4785 1153 4857 τὴν
1190 4784 1344 4857 ῥίζαν
1372 4785 1678 4849 ἀποϐαλλό-

53 4891 265 4948 μενος,
292 4876 433 4949 ὅπερ
463 4877 579 4930 ὲστὶ
603 4876 791 4948 νόμος,
828 4878 922 4946 ἀφ’
948 4868 1123 4949 οὗπερ
1147 4876 1385 4948 Χριστὸς
1414 4878 1681 4946 γινωσκό-

51 4986 241 5043 μενος
260 4968 385 5022 τελε
394 4970 463 5023 ιοῖ
479 4969 569 5022 τὸν
595 4967 671 5041 μὴ
686 4969 778 5023 τὸν
800 4969 963 5040 νόμον
986 4968 1242 5040 βδελυσσό
1249 4985 1409 5040 μενον
1425 4969 1501 5033 ὡς
1518 4968 1675 5024 ἀλλύε-

39 5081 229 5137 τριον
254 5062 501 5135 Χριστοῦ
531 5063 870 5135 ὑπάρχοντα.

126 5164 185 5229 η’
219 5156 327 5209 καὶ
352 5156 425 5210 λε’
456 5156 603 5228 σχόλ.
647 5156 701 5209 Ὀ
724 5155 837 5226 γὰρ
856 5153 1107 5225 ἀγαπῶν
1131 5154 1240 5210 τὸν
1259 5154 1549 5225 πλησίον,
1571 5157 1676 5210 νό-

29 5263 175 5318 μον
218 5243 608 5315 πεπλήρωκε.

120 5346 180 5412 η’
218 5337 326 5392 καὶ
355 5338 430 5391 λε’
454 5337 634 5410 ελεγχ.
698 5338 762 5391 El
794 5337 884 5392 διὰ
916 5335 1011 5390 τοῦ
1068 5336 1293 5407 ἀγαπᾷν
1326 5333 1419 5389 τὸν
1453 5334 1683 5406 πλησίον

34 5436 234 5505 νόμος
282 5432 616 5505 πληροῦται,
659 5434 761 5487 οὐκ
804 5432 1085 5504 ἀλλότριος
1122 5429 1363 5503 Χριστοῦ
1409 5431 1505 5484 καὶ
1545 5428 1682 5484 Θεοῦ

30 5519 293 5594 Πατρὺς
341 5523 437 5575 τοῦ
474 5522 685 5595 Κυρίου
725 5522 885 5593 ἡμῶν
925 5521 1101 5592 Ἰησοῦ
1145 5519 1385 5592 Χριστοῦ
1420 5520 1516 5575 καὶ
1543 5517 1680 5574 Θεοῦ

1783 4786 1893 4832 tem
1926 4777 1983 4832 in
2016 4778 2239 4835 Christo
2263 4787 2420 4849 potes
2450 4779 2708 4852 adipisci,
2738 4797 2863 4838 cum
2898 4782 3024 4838 ﬁdei
3056 4783 3387 4853 principium

1781 4884 1847 4925 ac
1880 4870 2122 4926 radicem
2157 4871 2456 4942 ahjeceris,
2484 4873 2747 4928 nimirum
2781 4874 2974 4945 legem,
3008 4888 3039 4929 e
3065 4889 3173 4943 qua
3202 4873 3387 4943 cogni.

1783 4971 1872 5018 tus
1929 4960 2186 5019 Christus
2230 4980 2356 5019 eum
2424 4964 2638 5034 perﬁcit
2696 4966 2790 5035 qui
2836 4966 3006 5037 legem
3055 4965 3279 5020 minime
3328 4971 3385 5017 ut

1782 5057 2016 5111 alienam
2042 5071 2072 5110 a
2100 5054 2324 5113 Christo
2357 5056 2632 5127 repudiat.

1858 5146 2045 5204 Schol.
2076 5148 2110 5203 8
2136 5157 2191 5204 et
2220 5150 2310 5208 55.
2350 5150 2457 5217 Qui
2485 5152 2626 5206 enim
2660 5150 2842 5222 diligit
2870 5151 3200 5221 proximum,
3219 5148 3382 5220 legem

1784 5242 2015 5309 implevit
2037 5243 2079 5296 ⁵.

1853 5331 2091 5389 Refut.8
2112 5339 2168 5389 et
2195 5333 2440 5390 35.Cum
2480 5348 2576 5406 per
2595 5348 2840 5390 amorem
2872 5331 3111 5404 proximi
3151 5331 3236 5386 lex
3274 5331 3382 5385 im-

1782 5426 2032 5496 pleatur,
2082 5441 2191 5483 non
2237 5435 2323 5483 est
2350 5442 2381 5482 a
2426 5428 2652 5484 Christo
2704 5435 2759 5483 et
2803 5426 2913 5482 Deo
2962 5424 3129 5479 Patre
3162 5424 3381 5480 Domini

1782 5520 1960 5575 nostri
2005 5517 2136 5576 Jesu
2168 5517 2379 5574 Christi
2412 5519 2778 5576 abalienanda
2808 5519 2906 5575 'iex
2929 5558 2944 5583 ,
2995 5532 3119 5589 quae
3155 5516 3386 5590 diligere

116 5772 141 5807 ί
182 5770 370 5830 Rom.
410 5788 464 5837 ν,
497 5770 552 5829 6.
626 5775 648 5806 ³
679 5745 838 5829 Rom.
872 5787 969 5841 vn,
1002 5746 1091 5828 l2.
1171 5771 1191 5806 ³
1226 5769 1385 5828 Rom.
1428 5784 1548 5837 vm,
1580 5771 1636 5828 4.

1811 5786 1919 5828 om.
1952 5787 2010 5840 ι,
2037 5772 2090 5827 4.
2168 5772 2190 5806 ⁵
2222 5768 2381 5828 Rom.
2416 5786 2538 5840 ιλιι,
2569 5771 2623 5828 8.
