3958 6424
201 407 299 468 809

859 406 1230 468 ADVERSUS
1267 406 1613 466 HERESES
1651 405 1779 464 LIB.

1909 406 2072 464 ’tOM.
2109 406 2194 462 111.
2236 437 2306 448 -
2346 403 2623 462 HIERES.
2661 404 2819 462 XLII.

3373 405 3480 465 810

205 528 524 596 καθεύδων,
569 529 670 586 και
701 529 938 586 ἀνάστα
980 531 1050 584 ἐκ
1084 529 1204 584 τῶν
1240 527 1491 598 νεκρῶν,
1531 527 1629 583 καὶ
1655 527 1783 581 ἐπι-

1909 534 1962 580 ta
2012 507 2084 580 in.
2110 525 2334 581 Christo
2374 523 2711 579 vaticinatus
2757 530 2841 578 est
2869 503 2888 573 ἐ
2925 519 3090 590 Surge
3118 523 3204 590 qui
3235 520 3436 578 dormis
3463 565 3478 584 .

205 624 420 691 ραύσει
449 637 549 676 σοι
583 625 616 677 ό
641 623 924 690 Χριστός·
972 620 1080 692 ἄρα
1119 639 1182 690 γε
1221 621 1282 674 τὺ
1313 619 1668 694 πρωτότυπον
1696 618 1784 672 διὰ

1909 627 1937 671 et
1960 631 2173 686 resurge
2196 632 2229 669 a
2259 616 2504 682 mortuis,
2521 623 2571 668 et
2598 611 2921 667 illuminabit
2947 621 2993 666 te
3017 609 3260 668 Christus
3280 653 3294 676 ,
3322 614 3482 684 plane

207 715 452 786 Λαζάρου
495 714 590 769 καὶ
634 714 741 768 τῶν
776 714 952 770 ἄλλων
1001 713 1359 785 ἐπεπλήρωτο
1381 732 1394 743 ·
1451 714 1580 784 περὶ
1616 705 1690 764 ὧν
1735 712 1782 765 οί

206 807 354 860 αὐτοὶ
364 805 836 878 (εὶε)άμφέ6αλλον
846 805 1045 877 Μάρθα
1058 807 1150 860 καὶ
1160 805 1348 878 Μαρία
1359 803 1783 876 λέγουσαι·Ἠδη

208 898 348 960 ὄζειο
384 897 722 967 τπαρταῖός
745 897 906 952 ἐστι·
949 897 1045 951 καὶ
1063 896 1174 952 τῶν
1202 897 1297 951 τοῦ
1334 895 1784 970 ἀρχισυναγώγου

208 991 467 1060 λεγόντων
490 1007 503 1020 ο
526 990 752 1058 Μηκέτι
775 991 1080 1044 σκύλλετε
1111 990 1220 1044 τὸν
1251 988 1658 1044 διδάσκαλον*
1691 987 1787 1042 καὶ

208 1079 367 1135 αὑτοῦ
398 1081 646 1149 λέγοντος
666 1096 678 1110 ·
727 1078 828 1148 Μὴ
858 1079 1140 1149 φοϐεῖσθε
1165 1093 1179 1111 ο
1224 1081 1297 1134 οὐ
1321 1078 1434 1149 γὰρ
1462 1078 1785 1145 ἀπέθανεν,

205 1173 361 1229 ἀλλὰ
389 1173 682 1228 καθεύδει.
723 1173 918 1243 Σαφῶς
938 1173 1048 1246 γὰρ
1071 1173 1258 1226 ἔκτοτε
1286 1171 1350 1226 τὸ
1376 1172 1640 1244 κήρυγμα
1655 1170 1789 1226 ἐκά-

206 1264 286 1317 λει
313 1263 610 1318 ἀνάστασιν
636 1263 724 1317 διὰ
756 1263 996 1334 Χριστοῦ
1027 1261 1268 1317 ἔσεσθαι.
1313 1263 1424 1316 Καὶ
1453 1262 1517 1316 τὸ
1543 1261 1790 1328 ἐξουσια-

207 1353 388 1406 στικὺν
413 1353 512 1423 τῆς
539 1352 822 1424 εὐχερείας
844 1353 1213 1419 ὑπεδείκνυεν,
1248 1353 1336 1406 ἵνα
1364 1353 1424 1406 τὸ
1445 1353 1668 1407 δυνατὸν
1693 1351 1788 1406 τοῦ

205 1443 440 1515 Χριστοῦ
472 1443 750 1515 ὑποδείξῃ,
781 1445 886 1508 ὅτι,
923 1445 998 1508 ὡς
1033 1445 1111 1516 τῷ
1144 1444 1419 1516 ἀνθρώπῳ
1448 1446 1691 1516 εὐχερὲς,
1728 1445 1788 1498 οὐ

205 1537 293 1591 τὸν
318 1536 681 1600 ἀποθανόντα,
703 1536 840 1590 ἀλλὰ
861 1537 952 1590 τὸν
974 1537 1307 1591 καθεύδοντα
1335 1537 1424 1590 διὰ
1447 1539 1632 1609 φωνῆς
1655 1539 1794 1606 ἐγεῖο

207 1647 315 1701 ραι,
345 1627 517 1692 οὕτως
542 1629 636 1682 καὶ
668 1627 747 1700 τῷ
777 1627 997 1701 Χριστῷ
1023 1624 1090 1700 ἦν
1125 1629 1451 1700 ἑτοιμότατοι
1488 1628 1551 1682 τὸ
1584 1631 1786 1681 εἰπεῖν·

207 1719 449 1788 Λάζαρε,
499 1719 676 1788 δεῦρο
699 1720 836 1787 ἐξω,
871 1721 964 1774 καὶ
990 1721 1070 1785 τὸ,
1102 1721 1310 1790 Κουμὶ,
1349 1721 1525 1790 κοινμὶ
1558 1720 1790 1786 ταλιθὰ,

204 1811 500 1875 τουτέστιν,
549 1810 882 1880 Ἀνάστηθι,
908 1813 948 1881 η
983 1811 1144 1879 παῖς.
1165 1812 1319 1884 (Καὶ)
1350 1813 1418 1866 δι’
1442 1806 1517 1867 ὧν
1547 1811 1794 1884 ἐναργῶν

1892 711 2070 780 ipsum
2097 708 2396 778 exemplar,
2421 707 2568 778 quod
2598 705 2789 778 ﬁguris
2825 705 2936 762 illis
2962 705 3346 762 adumbratam
3373 716 3481 773 est,

1893 799 1947 854 in
1998 798 2237 865 Lazaro,
2271 799 2596 870 caeterisque
2627 797 2680 854 id
2719 813 2896 870 genus
2939 798 3224 869 impletum
3260 807 3365 854 est.
3408 799 3484 855 De

1892 889 2102 946 Lazaro
2132 888 2355 960 quidem
2380 888 2591 944 Martha
2623 902 2688 943 ac
2721 887 2889 943 Maria
2934 887 3255 946 dubitantes
3290 890 3364 944 ita
3399 890 3484 945 lo-

1892 990 2034 1038 culte
2061 989 2190 1038 sunt
2222 999 2236 1037 :
2264 979 2391 1036 lam
2433 981 2580 1050 fetet,
2608 979 3002 1051 quatriduauus
3029 991 3108 1036 est
3151 983 3191 1036 ¹.
3226 981 3295 1036 At
3321 996 3486 1052 syna-

1893 1089 2044 1146 gogae
2076 1073 2344 1144 principis
2383 1071 2614 1129 comites
2647 1091 2660 1126 :
2699 1071 2910 1138 Nolite,
2944 1071 3302 1143 inquiebant,
3357 1073 3486 1142 [ati-

1893 1183 2018 1239 gare
2050 1167 2398 1238 magistrum;
2424 1165 2518 1222 sed
2555 1163 2820 1222 Dominus
2847 1165 2951 1221 ista
2989 1166 3226 1235 subjecit
3257 1185 3270 1220 :
3305 1164 3488 1222 Nolite

1897 1260 2082 1315 timere
2113 1277 2134 1326 ;
2173 1275 2278 1314 non
2311 1265 2450 1314 enim
2503 1267 2717 1312 mortua
2753 1266 2871 1322 est,
2914 1257 3004 1312 sed
3043 1257 3239 1312 dormit
3281 1263 3322 1312 ⁸.
3365 1258 3487 1313 lam

1897 1359 2012 1407 tum
2060 1351 2208 1408 enim
2242 1350 2425 1406 futura
2478 1366 2577 1422 per
2618 1349 2897 1405 Christum
2948 1351 3284 1421 resurrectio
3315 1351 3489 1406 divini

1896 1444 2048 1499 verbi
2099 1443 2378 1514 prazconio
2434 1441 2839 1497 celebrabatur.
2899 1439 3008 1496 Sed
3068 1451 3122 1498 et
3167 1452 3489 1512 potestatem

1899 1536 2082 1602 illius,
2131 1534 2438 1605 agendique
2492 1533 2813 1588 facilitatem
2854 1535 3164 1604 expressit,
3219 1544 3278 1590 ut
3327 1552 3492 1607 quam

1898 1634 2094 1698 potens
2126 1635 2274 1683 esset
2315 1627 2571 1681 Chrislus
2618 1625 2934 1682 ostenderet
2962 1642 3068 1690 ,ex
3116 1643 3182 1684 eo
3231 1632 3376 1700 quod
3413 1635 3494 1689 uti

1897 1719 2104 1774 homini
2136 1718 2461 1773 facillimum
2485 1726 2570 1774 est
2604 1733 2717 1773 non
2749 1727 3029 1774 mortuum
3050 1762 3064 1786 ,
3093 1721 3190 1778 sed
3213 1722 3494 1782 dormien-

1900 1817 2009 1865 tem
2068 1825 2202 1866 voce
2261 1809 2571 1877 suscitare,
2631 1810 2704 1865 ita
2743 1809 2963 1867 Christo
3017 1815 3495 1886 promptissimum

206 1903 532 1968 ἀποδείξεων
564 1904 837 1976 ἐσήμανεν
875 1907 903 1958 ὁ
939 1903 1094 1974 λόγος
1123 1904 1223 1975 τὴν
1257 1903 1415 1976 ἡμῶν
1452 1905 1644 1976 κλῆσιν
1681 1903 1791 1958 ἀπὸ

1909 1909 2014 1958 πει
2063 1902 2250 1966 dicere
2284 1920 2299 1958 :
2331 1900 2578 1968 Lazare,
2625 1904 2742 1957 veni
2798 1903 2946 1973 foras
2981 1911 3032 1973 ³;
3097 1916 3247 1972 tum,
3298 1904 3494 1982 Kumi,

204 1994 413 2067 νεκρῶν
447 1993 646 2067 ἔργων,
703 1995 799 2049 καὶ
834 1994 1004 2050 ὕπνου
1046 1995 1276 2066 βαρέως,
1323 1994 1480 2066 ἡμῶν
1511 1995 1621 2049 τῶν
1659 2011 1790 2050 ποτε

206 2084 574 2139 καθευδόντων
614 2085 969 2158 ἀνεγείροντα
1008 2085 1101 2139 τὸν
1138 2085 1396 2157 Χριστὸν,
1448 2085 1544 2138 καὶ
1580 2085 1670 2139 διὰ
1696 2085 1794 2157 τῆς

204 2176 450 2247 κλήσεως
482 2175 786 2246 φωτίζοντα
813 2179 959 2248 ἡμᾶς
979 2193 994 2209 ⁸
1025 2178 1147 2250 ἥτις
1170 2177 1360 2246 γέγονε
1393 2177 1619 2249 δευτέρα
1655 2176 1794 2249 αὕτη

207 2267 410 2338 σχέσις.
451 2267 526 2321 Τὸ
558 2268 615 2322 δὲ
637 2269 842 2322 τέλειον
877 2270 971 2324 καὶ
1001 2270 1288 2323 καθολικὸν
1323 2268 1794 2343 προσδοκώμενον,

204 2359 333 2410 ὅταν
357 2361 386 2412 ό
417 2357 581 2423 αὐτὸς
605 2359 634 2411 ό
677 2358 872 2429 λέγων,
900 2359 1045 2430 Ἐγώ
1067 2361 1182 2424 εἰμι
1205 2360 1244 2427 ἠ
1267 2359 1626 2426 ἀνάστασις,
1656 2359 1798 2414 πάν-

207 2464 302 2512 τας
347 2449 553 2522 καλέσῃ
611 2450 706 2504 καὶ
746 2451 936 2521 ἐγείρῃ
975 2450 1190 2522 σώματι
1232 2453 1327 2506 καὶ
1353 2451 1522 2523 ψυχῇ,
1560 2452 1652 2505 καὶ
1681 2469 1796 2520 φω-

204 2538 329 2611 τίσγι
358 2542 417 2596 ἐν
447 2543 514 2612 τῇ
543 2539 709 2594 αὐτοῦ
747 2541 1017 2614 μελλούσῃ
1045 2543 1340 2614 παρουσία.

1897 1991 2064 2048 Kumi
2098 1993 2457 2060 Talitha,l|oc
2485 2001 2590 2060 est,
2624 1993 2813 2067 Surge,
2847 1997 3026 2066 puella
3047 1997 3286 2071 ‘Jisque
3317 2006 3498 2061 mani-

1898 2085 2214 2141 festissimis
2253 2087 2596 2157 argumentis
2630 2086 2721 2143 Dei
2750 2088 2976 2143 verbum
3020 2093 3364 2150 vocationem
3414 2096 3498 2150 in-

1901 2175 2120 2232 dicabat
2165 2185 2451 2241 nostram,
2495 2174 2889 2246 Christumque
2926 2178 3214 2236 Dominum
3266 2184 3335 2239 ab
3367 2201 3498 2257 ope-

1902 2267 2058 2323 ribus
2097 2267 2360 2332 mortuis,
2395 2275 2450 2324 et
2491 2267 2764 2325 altissimo
2803 2285 2915 2340 quo
2948 2274 3273 2330 tenebamur
3303 2293 3498 2336 somno

1905 2358 2276 2428 nosmetipsos
2325 2359 2693 2424 excitantcm,
2744 2374 2808 2414 ac
2854 2363 3145 2420 vocatione
3187 2382 3288 2423 sua
3319 2370 3496 2425 collu-

1902 2457 2170 2505 strantem
2207 2469 2219 2506 :
2249 2464 2370 2521 quae
2397 2450 2618 2521 quidem
2642 2451 2885 2507 secunda
2909 2451 3012 2510 fuit
3044 2454 3496 2516 habitudo.-Nam

1901 2538 2207 2610 perfectum
2268 2553 2333 2594 ac
2388 2540 2645 2610 generale
2695 2541 2829 2596 illud
2881 2547 3316 2614 exspectandum
3349 2559 3492 2621 est,

201 2651 329 2692 cum
361 2637 623 2704 nnnirum
672 2637 763 2692 ille
806 2637 924 2708 ipse
954 2638 1046 2708 qui
1081 2639 1265 2693 dixit:
1315 2637 1430 2710 Ego
1469 2656 1586 2693 sum
1641 2637 1989 2700 resurrectio,
2058 2635 2351 2691 universos
2395 2635 2747 2702 evocaverit,
2802 2643 2856 2693 et
2927 2653 3158 2709 corpore
3200 2655 3264 2696 ac
3315 2650 3500 2699 mente

203 2731 411 2804 pariter
438 2730 730 2795 excitarit,
764 2736 930 2799 atque
971 2732 1024 2784 in
1056 2729 1238 2784 futuro
1265 2730 1503 2786 adventu
1541 2745 1641 2786 sua
1683 2731 1805 2786 luce
1843 2726 2168 2801 perfuderit.

273 2831 324 2894 γ’
357 2825 452 2878 καλ⁸
479 2825 559 2894 λη’
584 2824 732 2896 σχόλ.
777 2825 924 2880 Ἀντλ⁴
949 2824 1064 2887 τοῦ,
1093 2827 1458 2894 Καταλείψει
1485 2825 1798 2895 ἄνθρωπος

201 2917 313 2972 τὸν
356 2915 583 2984 πατέρα
628 2913 816 2969 αὑτοῦ
863 2914 964 2969 καί
1003 2913 1120 2984 τὴν
1145 2914 1394 2984 μητέρα,
1434 2915 1533 2969 καὶ
1573 2918 1797 2985 κολλη-

199 3008 453 3076 θήσεται
483 3007 558 3077 τῇ
581 3009 849 3078 γυναικί·
892 3007 992 3062 καί
1011 3007 1255 3062 ἔσονται
1287 3012 1341 3062 οἱ
1364 3009 1474 3063 δύο
1493 3010 1580 3076 είς
1600 3009 1796 3078 σάρκα

198 3101 369 3169 μίαν,
404 3098 555 3170 παρὰ
587 3099 668 3163 τὸ,
704 3096 780 3166 τῇ
814 3099 1076 3167 γυναικί.

274 3198 322 3261 γ’
356 3191 450 3244 καὶ
472 3191 553 3263 λη’
583 3190 766 3262 ἐλεγχ.
825 3190 1225 3245 Ἀποδὲδεικται
1251 3190 1513 3255 πολλάκις
1544 3191 1617 3263 μὴ
1646 3191 1795 3245 ἀλλό-

1975 2821 2161 2878 Schol.
2205 2824 2239 2878 5
2268 2833 2322 2879 et
2369 2821 2457 2879 58.
2491 2823 2548 2878 ln
2576 2839 2642 2880 eo
2684 2825 2832 2896 quod
2865 2827 3130 2898 scriptum
3159 2838 3246 2887 est
3275 2850 3288 2887 :
3321 2831 3502 2889 Relin-

1901 2927 2023 2984 quet
2064 2913 2218 2969 homo
2263 2925 2470 2985 patrem
2517 2931 2674 2970 suum
2701 2927 2753 2970 et
2807 2929 3069 2984 matrem,
3113 2931 3164 2976 et
3211 2923 3502 2981 adha-rebit

1900 3008 2097 3072 uxori;
2143 3016 2192 3060 et
2223 3016 2375 3062 erunt
2403 3007 2509 3061 duo
2537 3008 2594 3062 in
2631 3024 2843 3063 carnem
2882 3025 3043 3064 unam
3067 3012 3108 3075 ⁵,
3171 3016 3498 3072 vocabulum

1898 3098 2057 3151 uxori
2092 3091 2340 3152 sustulit.

1969 3188 2154 3245 Refnt.
2173 3190 2206 3244 5
2221 3195 2274 3245 et
2299 3188 2389 3244 58.
2411 3186 2802 3258 Saepenumero
2830 3191 3143 3258 docuimus,
3160 3193 3303 3250 haud
3321 3196 3499 3252 aliena

198 3299 331 3354 τρια
366 3280 506 3337 εἶναι
539 3284 609 3338 τὰ
648 3286 706 3337 ἐν
733 3284 811 3355 τῷ
857 3283 1010 3356 νόμῳ
1049 3287 1166 3348 τοῖς
1195 3285 1304 3350 ἀπὸ
1337 3285 1431 3338 τοῦ
1475 3284 1793 3338 Ἀποστόλον

1909 3297 2024 3338 esse
2057 3295 2180 3352 quae
2219 3280 2275 3334 in
2321 3281 2437 3350 lege
2486 3287 2617 3335 sunt
2647 3275 2818 3359 373
2849 3281 2918 3336 ab
2951 3282 3018 3338 iis
3051 3299 3174 3353 quae
3203 3285 3502 3355 Apostolus

195 3373 642 3444 διδασκομένοιςο
695 3372 799 3426 κάν
829 3389 891 3426 τε
925 3375 1012 3438 σὺ,
1061 3367 1106 3428 ὧ
1139 3372 1428 3446 Μαρκίων,
1477 3371 1803 3444 παρακόψῃς

196 3465 285 3532 τὸ,
311 3467 570 3536 γυναικί.
604 3465 735 3519 Ἀπὸ
762 3465 856 3520 τοῦ
880 3465 1010 3537 γὰρ,
1032 3467 1278 3521 ἔσονται
1307 3468 1394 3534 είς
1419 3465 1616 3536 σάρκα
1631 3466 1799 3536 μίαν,

196 3556 335 3629 δήλη
363 3575 455 3612 σου
483 3559 636 3612 ἔσται
659 3560 693 3629 ἡ
721 3559 872 3612 πᾶσα
899 3557 1236 3630 ῥᾳδιουργίαι.

202 3669 324 3740 Τῆς
358 3673 510 3742 πρὸς
550 3671 889 3743 Κολοσσεῖς
931 3667 1151 3743 όγδόης
1179 3671 1338 3740 παρὰ
1374 3672 1454 3738 τῷ
1481 3671 1801 3743 ,Μαρκίωνι

275 3743 576 3868 aggerum
607 3744 768 3813 παρὰ
805 3742 876 3796 δὲ
897 3741 984 3808 τῷ
1034 3743 1374 3806 Ἀποστόλῳ
1398 3742 1656 3813 ἑϐδόμης
1681 3759 1800 3796 κει-

278 3833 316 3868 α
392 3832 486 3868 nc.

272 3832 486 3885 μενηςο

277 3927 327 3982 α’
359 3927 452 3980 καὶ
487 3925 564 3980 λθ¹
619 3925 766 3997 σχόλ.
805 3923 905 3994 Μὴ
939 3919 1054 3979 οὖν
1095 3943 1185 3992 τις
1234 3924 1390 3995 ὑμᾶς
1435 3924 1682 3994 κρινέτω
1731 3927 1801 3980 ἐν

196 4018 450 4088 βρώσει,
480 4018 518 4087 ἢ
549 4018 620 4072 ἐν
654 4019 856 4084 πόσει,
889 4017 928 4087 ἢ
975 4018 1044 4071 ἐν
1072 4015 1269 4086 ἑορτῇ,
1318 4017 1357 4086 ἢ
1403 4017 1473 4071 ἐν
1513 4019 1800 4088 νεομηνία

198 4112 303 4165 καί
337 4109 636 4175 Σαϐϐάτῳ,
668 4111 702 4164 ὅ
730 4110 865 4164 ἐστι
892 4108 1038 4164 σκιὰ
1076 4108 1195 4163 τῶν
1228 4111 1600 4179 μελλόντων.

279 4209 327 4257 α’
371 4203 468 4256 καὶ
499 4202 577 4256 λθ’
609 4202 791 4273 ἔλεγχ.
847 4201 1160 4272 Οὑδαμόθεν
1200 4199 1499 4254 ὑποπίπτει
1560 4201 1708 4264 σκιὰ,
1754 4194 1799 4254 ὧ

197 4294 492 4368 Μαρκίων,
539 4295 655 4350 ἀλλ’
688 4295 723 4364 ἢ
763 4294 872 4348 ἀπὸ
901 4293 1186 4366 σώματος·
1235 4294 1331 4349 καὶ
1363 4293 1523 4364 σῶμα
1555 4293 1614 4346 οὐ
1643 4291 1801 4346 δύνα-

195 4403 297 4441 ται
343 4385 504 4452 εἶναι,
558 4387 718 4451 σκιᾶς
765 4386 860 4439 ἀπ’
896 4384 1063 4440 αὑτοῦ
1115 4385 1190 4456 μὴ
1235 4385 1590 4456 φαινομένης.
1637 4385 1800 4439 Ὅθεν

195 4478 497 4550 πεισθῆναι
525 4477 832 4548 ὀφείλουσιν
861 4478 910 4530 οί
941 4475 1051 4530 ἀπὸ
1078 4473 1173 4529 σοῦ
1199 4471 1545 4546 ἠπατημένοι
1575 4473 1663 4529 διὰ
1691 4473 1800 4530 τῶν

196 4572 288 4626 ἐτι
315 4570 468 4644 παρὰ
493 4569 589 4624 σοῦ
630 4568 1052 4640 φυλαττομένων
1076 4567 1176 4638 τῆς
1203 4566 1464 4640 ἀληθείας
1503 4567 1612 4621 τῶν
1637 4565 1798 4620 θείων

1908 3374 2159 3441 tradidit;
2195 3373 2335 3437 etsi,
2393 3371 2620 3440 Marcio,
2661 3388 2861 3428 nomen
2913 3377 3100 3430 uxoris
3141 3372 3496 3448 expunxeris.

1904 3467 2121 3523 Etenim
2168 3466 2261 3521 illa
2315 3467 2435 3536 ipsa
2479 3465 2681 3533 verba,
2731 3476 2884 3520 erant
2937 3468 2992 3521 in
3049 3485 3261 3524 carnem
3302 3487 3496 3537 unam,

1905 3559 2150 3615 fraudem
2187 3567 2335 3614 tuam
2369 3558 2506 3615 satis
2539 3573 2815 3630 superque
2843 3558 3132 3632 detegunt.

1909 3672 1991 3727 Ex
2026 3671 2271 3744 Epistola
2307 3671 2375 3744 ad
2413 3669 2774 3744 Colossenses.
2815 3689 2977 3743 quam
3007 3684 3247 3744 octavam
3291 3675 3499 3732 Marcio

2255 3743 2502 3807 collocat,
2533 3742 2834 3812 Apostolus?
2857 3761 2976 3799 vero
3020 3743 3157 3832 VII.

1978 3917 2166 3975 Schol.
2209 3920 2234 3974 1
2270 3928 2325 3975 et
2367 3919 2456 3976 59.
2499 3919 2673 3975 Nemo
2717 3939 2840 3992 ergo
2894 3940 2982 3978 vos
3028 3925 3236 3994 judice:
3272 3929 3324 3982 in
3359 3928 3496 3993 cibo,

1905 4002 1996 4064 aut
2019 4013 2073 4065 in
2101 4021 2252 4080 potu,
2297 4021 2392 4066 aut
2423 4013 2474 4066 in
2507 4012 2664 4081 festo,
2713 4023 2806 4067 aut
2842 4016 2896 4068 in
2934 4014 3248 4084 Neomenia,
3277 4028 3329 4073 et
3363 4019 3501 4078 Sab-

1904 4102 2048 4168 bato,
2079 4119 2196 4173 qua:
2225 4112 2303 4157 est
2340 4103 2528 4157 umbra
2557 4103 2862 4172 futurorum
2883 4108 2923 4165 ⁸.

1975 4194 2160 4252 Refut.
2212 4196 2236 4249 1
2274 4203 2327 4252 et
2356 4197 2446 4254 59.
2489 4197 2674 4268 Neque
2719 4200 2942 4256 aliunde
2978 4218 3143 4272 quam
3188 4219 3217 4258 a
3265 4220 3500 4278 corpore

1905 4287 2102 4343 umbra
2137 4289 2448 4359 spargitur;
2493 4304 2674 4360 neque
2719 4305 2923 4362 corpus
2962 4309 3086 4349 esse
3118 4304 3319 4365 potest,
3363 4300 3497 4371 quin

1903 4394 1973 4434 au
2005 4394 2072 4434 eo
2116 4378 2310 4433 umbra
2351 4389 2657 4450 promanet.
2707 4381 3078 4449 Quamobrem
3112 4402 3177 4443 ex
3221 4388 3330 4446 illis
3365 4391 3498 4465 ipsis

1902 4467 2150 4524 veritatis
2208 4483 2272 4525 ac
2323 4485 2608 4554 sacrarum
2656 4470 2988 4529 Litterarum
3043 4475 3311 4548 reliquiis,
3356 4496 3497 4554 quas

1903 4561 2049 4620 anud
2080 4571 2134 4618 te
2175 4562 2402 4629 retines,
2446 4551 2662 4620 discere
2696 4564 3060 4622 circumventi
3097 4563 3196 4624 abs
3236 4577 3288 4626 te
3317 4551 3497 4627 homi-

193 4664 438 4737 Γραφῶν
475 4663 764 4734 λειψάνων,
809 4663 912 4726 ὅτι,
967 4661 1269 4734 μελλόντων
1317 4661 1540 4732 ἀγαθῶν
1590 4663 1770 4716 ama

1909 4670 2006 4710 nes
2031 4654 2256 4723 debent,
2289 4655 2361 4712 ab
2393 4655 2462 4711 iis
2486 4655 2649 4713 bonis
2677 4673 2800 4729 quae
2831 4659 3124 4731 retegenda
3155 4661 3288 4717 olim
3311 4671 3494 4728 erant.

193 4757 528 4820 λύπτεσθαι,
582 4755 681 4809 οὐκ
733 4753 992 4826 ἀλλότρια
1039 4748 1108 4825 ἦν
1159 4753 1230 4808 τὰ
1277 4755 1399 4808 τότε
1449 4752 1797 4824 δικαιώματα

192 4847 557 4920 προσκαίρους
596 4845 1052 4916 προστεταγμένα
1098 4846 1228 4918 ιιιτερλ⁵
1281 4845 1538 4917 βρώσεως
1571 4845 1666 4898 καὶ
1696 4844 1796 4898 πό-

195 4953 367 5001 σεως,
402 4935 495 4989 καὶ
527 4935 727 5007 μέρους
758 4933 964 5007 ἑορτῶν
998 4934 1092 4987 καὶ
1120 4935 1421 5006 νεομηνιῶν
1463 4935 1558 4989 καὶ
1581 4935 1796 4991 Σαϐσά-

184 5048 333 5094 των,
359 5021 434 5082 ὧν
461 5027 681 5096 ἀγαθῶν
725 5028 854 5082 σκιὰ
891 5022 1032 5099 ἦσαν
1070 5026 1138 5080 τὰ
1169 5027 1574 5100 προειρημένα·
1620 5029 1687 5082 δι’
1720 5022 1796 5084 ὧν

190 5121 376 5176 σκιῶν
423 5121 485 5175 τὺ
532 5121 692 5195 σῶμα
721 5119 1130 5192 κατειλήφαμεν
1169 5119 1278 5173 τῶν
1319 5119 1631 5174 ἐνεστώτων
1661 5121 1794 5190 ἀγα·-

189 5212 314 5266 Θῶν
362 5215 421 5267 ἐν
449 5213 598 5286 νόμῳ
646 5213 746 5285 μὲν
789 5211 1330 5285 σκιαγραφηθέντων,
1373 5216 1432 5269 ἐν
1474 5213 1695 5288 Χριστῷ
1738 5214 1794 5268 δὲ

187 5305 620 5360 τελειωθέντων.

619 5415 776 5483 Πρὸς
805 5413 1113 5486 Φιλήμονα
1142 5415 1382 5486 ἐνάτης.

273 5526 461 5590 Οὕτως
509 5525 618 5598 γὰρ
650 5525 802 5597 παρὰ
841 5525 920 5597 τῷ
947 5527 1237 5597 Μαρκίωνι
1289 5529 1487 5582 κεῖται.
1536 5527 1692 5600 Παρὰ
1732 5527 1790 5581 δέ

185 5617 280 5690 τῷ
323 5618 633 5713 Ἀποστόλῳ
673 5619 879 5689 ἐσχάτη
909 5621 1119 5674 κεῖται·
1157 5620 1216 5672 ἐν
1256 5619 1403 5692 τρισὶ
1431 5619 1488 5673 δέ
1527 5619 1787 5692 ἀντιγρά-

1905 4745 2167 4802 mandata
2197 4749 2288 4804 illa
2321 4763 2668 4822 nequaquam
2698 4751 3084 4820 abhorruisse,
3125 4770 3247 4826 quae
3272 4755 3340 4812 de
3369 4757 3495 4814 cibo

1905 4851 1970 4892 ac
2002 4849 2156 4910 potu,
2191 4839 2369 4907 festis,
2403 4855 2469 4896 ac
2494 4840 2829 4911 Neomeniis,
2862 4855 2916 4901 et
2946 4844 3202 4904 Sahbatis
3228 4863 3329 4918 pro
3356 4857 3495 4909 tem-

1903 4932 2057 5000 poris
2102 4934 2316 4988 ratione
2362 4933 2684 5004 praescripta
2731 4943 2906 4990 sunt:
2939 4953 3172 5008 quarum
3215 4955 3316 4993 nos
3368 4957 3492 4996 um-

1904 5022 2128 5080 brarum
2161 5025 2429 5082 beneﬁcio
2464 5030 2818 5098 praesentium
2864 5030 3156 5096 honorum,
3195 5038 3254 5085 ut
3301 5032 3373 5088 ita
3404 5034 3490 5088 di-

1902 5129 2047 5181 cam,
2081 5131 2284 5188 corpus
2312 5118 2497 5189 adepti
2524 5135 2738 5188 sumus,
2768 5137 2890 5192 quae
2919 5123 2974 5178 in
3006 5123 3124 5193 lege
3162 5123 3490 5183 adumbrata

1903 5213 2186 5276 postremo
2220 5211 2276 5265 in
2307 5209 2532 5268 Christo
2563 5211 2808 5284 perfecta
2840 5222 2997 5273 sunt.

2071 5415 2144 5470 De
2177 5415 2417 5486 Epistula
2447 5416 2554 5483 IX,
2584 5434 2702 5488 qua:
2728 5429 2807 5472 est
2835 5420 2904 5473 ad
2935 5417 3311 5477 Philemonem.

1972 5527 2086 5582 lloc
2121 5527 2267 5582 illam
2316 5528 2510 5584 ordine
2551 5528 2757 5584 Marcio
2805 5531 3129 5599 collocavit,
3175 5549 3302 5588 eum
3343 5535 3489 5607 Apo-

1899 5620 2075 5675 stolus
2102 5619 2295 5676 ultimo
2329 5621 2450 5675 loco
2481 5623 2744 5693 posuerit.
2780 5622 2886 5680 Sed
2924 5626 2978 5680 in
3025 5627 3306 5684 nonnullis
3335 5629 3486 5684 cedi.

278 5793 298 5827 ⁸
331 5790 491 5848 Joan.
530 5807 606 5860 xl,
646 5791 734 5846 59.
815 5794 836 5823 '
879 5790 1049 5846 Marc.
1088 5808 1140 5857 ν,
1174 5793 1264 5854 55.
1289 5793 1378 5850 59.
1457 5795 1476 5825 ⁸
1509 5792 1670 5850 Joan.
1703 5809 1780 5861 II,

1991 5797 2008 5828 ⁸
2037 5794 2200 5851 Marc.
2229 5811 2283 5864 ν,
2326 5796 2415 5852 ll.
2442 5789 2446 5794 ’
2493 5799 2514 5830 ⁵
2544 5797 2743 5872 Eplies.
2777 5816 2829 5867 v,
2852 5800 2941 5859 3i.
3019 5805 3040 5835 ⁸
3072 5803 3352 5872 Colossu,
3387 5805 3472 5869 16.

545 5935 816 5994 Pnnoe.
873 5933 992 5996 Gn.
1047 5933 1234 6032 XLL

3099 5944 3182 6008 2G
