3958 6418
584 390 645 448 8i
664 393 680 445 I
1987 396 2043 451 S.
2090 395 2430 454 EPIPI-IANII
3686 412 3762 471 8ὶὲ

584 506 745 561 cibus
772 502 890 558 XIII
910 511 1035 560 ante
1054 504 1357 576 Epistulam
1380 505 1445 560 ad
1466 505 1743 572 Hebraeos,
1770 524 1893 578 quae
1913 518 1999 565 est
2015 509 2147 574 XIV,

2202 515 2232 570 λ
2260 529 2381 579 φοις
2430 516 2852 589 τρισκαιδεκάτη
2903 520 3010 593 πρὸ
3052 522 3153 593 τῆς
3197 524 3330 596 πρὸς
3389 523 3644 598 Ἑϐραίους
3675 547 3765 586 τεσ-

586 609 927 652 numeratur.
972 598 1090 651 AIia
1131 612 1326 653 rursus
1368 597 1702 668 exemplaria
1741 597 2042 668 Epistulam
2095 602 2149 655 ad

2264 609 2762 681 σαρεσκαιδεκάτης
2787 613 3067 669 τέτακται.
3108 616 3276 671 Ἀλλα
3305 617 3363 672 δὲ
3387 597 3662 691 ἀντίγραφα
3683 623 3765 694 ἔχει

585 687 841 743 Hebraeos
888 686 1155 742 decimam
1204 694 1436 757 ponunt,
1485 685 1657 742 autel
1708 694 1762 742 et
1797 684 1839 739 II
1875 687 1941 741 ad
1982 686 2148 741 Timui

2262 698 2360 768 τὴν
2390 700 2527 771 πρὸς
2579 702 2865 774 Ἐϐραίους
2905 707 3140 780 δεκάτην
3165 709 3269 779 πρὸ
3303 711 3411 764 τῶν
3440 684 3526 765 δύο
3540 684 3641 766 ’τῶν
3666 684 3766 789 πρὸς

581 780 793 844 theum,
851 779 916 833 ad
962 778 1165 845 Titum,
1208 787 1262 833 et
1304 778 1697 835 Philemonem.
1751 778 1860 834 Sed
1892 779 2144 849 quidquit

2262 790 2545 859 Τιμόθεον,
2596 796 2692 848 καὶ
2734 797 2914 863 Τίτον,
2963 801 3059 853 καὶ
3097 778 3403 872 ὟΦιλήμονα.
3442 804 3611 858 Πάντα

581 881 665 927 est
696 873 1029 942 integrorum
1074 886 1139 925 ac
1179 870 1282 926 ﬁde
1311 871 1598 941 dignorum
1642 871 1893 926 codicum
1928 871 2144 941 priman

2261 881 2570 955 ἀντίγραφα
2603 886 2670 940 τὰ
2713 888 2828 941 σῶα
2871 892 2967 943 καὶ
2997 891 3171 963 ἀληθῆ
3348 895 3483 965 πρὸς
3525 896 3768 967 Ῥωμαίους

580 965 647 1018 ad
686 962 963 1017 Romanos
995 961 1294 1032 Epistulam
1328 963 1585 1028 collocat,
1623 978 1730 1018 non
1765 978 1885 1019 eam
1933 977 2056 1033 quae
2092 976 2143 1017 at

2259 970 2441 1045 ἔχουσι
2477 974 2718 1047 πρώτην,
2748 980 2848 1051 οὐχ
2877 981 2954 1045 ὼς
2982 983 3069 1047 σὺ,
3093 961 3096 962 ν
3117 961 3509 1055 Μαρκίωνξτὴν
3541 961 3659 1057 προς
3691 961 3767 1042 Γαζ

577 1053 796 1110 Galatas
818 1062 925 1114 est.
954 1069 1115 1124 quam
1148 1060 1206 1109 tu
1231 1055 1460 1123 primam
1492 1069 1637 1119 esse,
1662 1053 1888 1119 Marcio,
1914 1053 2134 1109 voluisti

2259 1064 2430 1131 λάτας
2455 1067 2649 1134 ἔταξας
2686 1070 2928 1141 πρώτην.
2976 1074 3166 1144 Ὅμως
3192 1074 3300 1127 ἀπὸ
3338 1053 3536 1145 ταύτης
3554 1053 3641 1146 τῆς
3670 1078 3771 1147 πρὸς

577 1147 846 1202 Cmterum
881 1146 1017 1200 nihil
1048 1162 1113 1201 ex
1157 1145 1399 1215 Epistula
1427 1146 1493 1199 ad
1520 1145 1893 1201 Philemonem
1928 1146 2140 1199 adnota-

2257 1156 2535 1228 Φιλήμονα
2562 1161 2716 1214 οὐδὲν
2746 1162 3118 1234 παρεθέμεθα,
3144 1164 3231 1218 διὰ
3249 1164 3308 1218 τὸ
3337 1145 3619 1239 ὁλοσχερῶς
3644 1145 3772 1240 αὐτὴν

574 1238 776 1302 vimus,
809 1238 955 1308 quod
990 1237 1133 1308 apud
1166 1238 1321 1292 illum
1352 1237 1575 1292 omnino
1605 1237 1903 1308 depravata
1935 1238 2134 1310 legitur

1935 1238 2152 1310 legitur.
2257 1244 2596 1319 διαστρόφως
2634 1253 2764 1322 παρ’
2793 1253 2941 1324 αὐτῷ
2969 1254 3202 1308 κεῖσθαι.
3465 1237 3498 1271 γ’

895 1370 980 1425 Ea:
1011 1372 1250 1441 Epistula
1278 1372 1347 1427 ad
1381 1372 1741 1443 Philippenses
1765 1372 1817 1427 Χ
1824 1413 1839 1427 .

2575 1388 2732 1455 Πρὸς
2775 1391 3218 1457 Φιλιππησίους
3241 1392 3510 1460 δεκάτης.

645 1486 771 1541 Ilaec
804 1488 949 1541 enim
996 1488 1139 1558 apud
1173 1487 1505 1543 Marcionem
1551 1487 1761 1542 decima
1802 1495 1885 1542 est
1911 1487 2076 1560 374
2102 1495 2157 1543 et

2328 1497 2514 1562 Οὕτως
2559 1499 2667 1572 γὰρ
2726 1504 2902 1555 κεῖται
2958 1502 3107 1575 παρὰ
3157 1502 3235 1574 τῷ
3286 1505 3566 1574 Μαρκίωνι
3615 1505 3772 1577 ἐσχάτη

576 1578 787 1642 ultima,
835 1578 977 1649 apud
1013 1580 1333 1648 Apostolum
1378 1587 1553 1633 sexta.
1596 1579 1680 1634 Ab
1732 1580 1854 1645 hac,
1889 1581 2035 1650 quod
2077 1583 2139 1634 vii

2258 1590 2353 1643 καὶ
2391 1589 2616 1661 δεκάτη,
2647 1593 2799 1662 παρὰ
2819 1593 2876 1646 δὲ
2899 1593 2978 1665 τῷ
3019 1595 3326 1666 Ἀποστόὶῳ
3354 1596 3503 1665 ἕκτη.
3557 1596 3772 1660 Ὡσαύτως

573 1669 707 1723 tiata
753 1670 970 1739 penitus
1005 1678 1150 1726 esset
1203 1684 1266 1723 ac
1318 1676 1596 1740 corrupta,
1646 1670 1781 1723 nihil
1817 1669 2136 1740 seligendun

2256 1679 2377 1732 οὐδὲ
2408 1681 2502 1733 ἀπ’
2541 1683 2733 1752 αὐτῆς,
2766 1682 2856 1737 διὰ
2883 1683 2943 1736 τὸ
2980 1684 3320 1756 διαστρόφως
3366 1690 3492 1758 παρ’
3530 1686 3661 1759 αὐτῷ
3690 1691 3773 1742 κεί-

573 1762 850 1817 duximus.

2259 1768 2404 1836 σθαι,
2433 1770 2584 1825 οὐδὲν
2613 1772 2993 1843 ἐξελεξάμεθα.
3646 1794 3648 1797 ·

578 1882 583 1887 λ
653 1851 930 1907 Hactenus
969 1851 1259 1908 Marcionis
1293 1868 1431 1924 opus
1458 1869 1523 1908 ex
1559 1851 1835 1923 Evangelii
1869 1850 2052 1915 Lucae,
2098 1859 2141 1906 et

2208 1847 2226 1901 ἶ
2326 1862 2476 1934 Αὕτη
2509 1865 2862 1937 πεπλήρωται
2897 1869 2931 1939 ἡ
2969 1868 3062 1920 τοῦ
3096 1869 3422 1939 Μαρκίωνος
3450 1871 3674 1939 σύνταξις
3697 1871 3771 1926 ἀπὸ

574 1944 823 2015 Apostoli
862 1944 1214 2013 scriptorum,
1247 1959 1309 1998 ac
1337 1944 1573 2014 denique
1600 1959 1882 2003 sacrorum
1915 1944 2137 1997 volumi-

2254 1955 2349 2010 τοῦ
2393 1957 2535 2011 κατὰ
2570 1960 2785 2013 Λουκᾶν
2828 1961 3182 2030 Εὐαγγελίου,
3232 1964 3329 2017 καὶ
3374 1964 3468 2017 τοῦ
3511 1966 3770 2019 Ἀποστόλου

571 2050 700 2087 num
741 2033 984 2103 reliquiis
1020 2039 1358 2087 contextum.
1394 2031 1471 2084 Ex
1499 2030 1700 2101 quibus
1745 2030 1813 2084 ab
1842 2044 1909 2086 eo
1949 2029 2134 2084 relicti:

2256 2046 2580 2117 σωζομένων
2620 2049 2909 2119 λειψάνων.
2940 2029 3112 2120 λόγων
3148 2071 3209 2106 τε
3253 2054 3584 2119 ὑποθέσεως’
3626 2057 3702 2122 ἀφ’
3726 2050 3771 2125 ἧς

450 2190 467 2201 r
571 2126 880 2198 particulis,
921 2140 1041 2195 quae
1067 2124 1134 2178 ad
1169 2125 1319 2179 illum
1362 2122 1795 2179 convincendum
1830 2121 2010 2178 facere

2253 2138 2645 2211 ἀναλεξάμενοι
2693 2142 2760 2196 τὰ
2809 2145 2928 2196 κατ’
2972 2145 3136 2198 αὐτοῦ
3183 2147 3294 2200 ἀπὸ
3337 2147 3447 2201 τῶν
3489 2148 3609 2218 παρ’
3651 2147 3770 2204 αὑτοῦ

568 2224 751 2271 terant
785 2216 1106 2288 delegimus.
1145 2215 1349 2271 Praeter
1384 2217 1498 2271 haec
1549 2231 1681 2271 vero
1716 2231 1779 2270 ex
1820 2229 1885 2270 ea
1930 2229 2051 2285 qua:
2085 2228 2131 2268 at

2256 2230 2599 2301 σωζομένων,
2642 2233 2770 2294 τοὺς
2814 2233 3069 2304 ἐλέγχους
3110 2237 3483 2309 παρεθέμεθα.
3531 2214 3773 2310 [lpos-£6510

570 2311 937 2365 Laodicenses
969 2310 1230 2379 inscripta
1261 2321 1344 2364 est
1368 2309 1631 2378 Epistula,
1661 2307 1910 2377 quaedam
1943 2306 1997 2360 in
2027 2320 2133 2361 eun

2240 2320 2310 2377 δὲ
2346 2323 2403 2374 ὲν
2428 2319 2505 2390 τῷ
2547 2321 2660 2392 ίδίῳ
2691 2323 2799 2395 (86)
2848 2306 3247 2393 Ἀποστολικῷ
3276 2306 3593 2401 καλουμένῳ.
3606 2330 3684 2384 καὶ
3704 2330 3772 2399 τῆς

568 2404 788 2466 librum,
820 2418 981 2474 quem
1010 2403 1369 2472 Apostolicum
1404 2409 1583 2466 vocat,
1614 2400 1916 2454 transtulit.

1547 2409 1583 2466 ι,
1614 2400 1916 2454 transtulit.
2256 2410 2596 2482 καλουμένης
2626 2413 3110 2484 πρὸςΛαοδικέας.

640 2494 826 2550 Schol.
866 2496 891 2549 I
935 2506 988 2550 et
1018 2496 1109 2549 40.
1155 2492 1301 2549 Unus
1343 2494 1623 2562 Dominus,
1665 2513 1771 2550 una
1801 2497 1953 2566 ﬁdes,
1988 2514 2153 2552 unum

2324 2512 2373 2559 α’
2414 2507 2509 2560 καὶ
2557 2514 2610 2578 μ’
2665 2507 2814 2578 σχόλ.
2870 2504 2975 2576 Εἷς
3028 2510 3269 2579 Κύριος.
3319 2511 3434 2581 μία
3484 2512 3691 2577 πίστις,
3725 2511 3774 2565 ἐν

568 2588 851 2654 baptisma,
898 2604 1035 2642 unus
1082 2587 1348 2652 Christus,
1383 2604 1518 2641 unus
1561 2588 1702 2644 Deus
1750 2600 1798 2642 et
1844 2589 2008 2644 Pater
2041 2607 2131 2645 om

2248 2597 2599 2668 βάπτισμα,
2653 2595 2743 2667 εἶς
2791 2602 3066 2669 Χριστὸς,
3117 2598 3207 2670 εἷς
3270 2605 3419 2670 Θεὸς
3481 2605 3573 2658 καὶ
3622 2603 3774 2670 Πατὴρ

568 2684 713 2735 nium
741 2699 753 2735 :
781 2682 870 2751 qui
893 2697 1047 2749 super
1071 2681 1247 2734 omnia
1277 2691 1326 2734 et
1362 2695 1453 2749 per
1478 2682 1657 2735 omnia
1685 2690 1733 2735 et
1762 2682 1813 2735 in
1845 2681 2086 2737 omnibus
2107 2683 2122 2713 ¹

2254 2689 2517 2756 πάντων,
2563 2694 2596 2746 ό
2638 2692 2737 2747 ἐπὶ
2782 2692 3026 2748 πάντων
3053 2695 3152 2749 καὶ
3192 2694 3294 2751 διὰ
3340 2695 3576 2754 πάντων
3616 2696 3696 2751 καὶ
3728 2696 3774 2746 ἐν

2253 2796 2461 2837 πασιν.

639 2865 817 2921 Ilel‘ut.
850 2867 873 2920 I
915 2874 968 2920 et
998 2866 1084 2920 40.
1126 2865 1494 2921 Consentiunt
1534 2881 1657 2921 cum
1687 2866 1753 2922 iis
1786 2881 1908 2937 quae
1938 2867 1994 2922 in
2023 2864 2149 2938 Epi-

2324 2881 2372 2927 α’
2403 2875 2496 2928 καὶ
2546 2874 2599 2947 μ’
2638 2875 2817 2949 ἔλεγχ.
2852 2878 3195 2951 Συνᾳδόντως
3229 2881 3331 2951 μὲν
3371 2884 3441 2953 τῇ
3483 2881 3610 2951 πρὸς
3659 2879 3772 2946 Ἐφε-

578 2961 719 3013 stola
743 2958 854 3013 adE
874 2959 1094 3029 phesios
1121 2958 1396 3028 leguntur,
1421 2975 1541 3029 quae
1560 2974 1624 3013 ex
1652 2958 1893 3029 Epistula
1922 2959 1989 3013 ad
2010 2958 2141 3015 Lao-

2256 2962 2423 3027 σίους,
2453 2956 2499 3016 ὦ
2527 2964 2815 3035 Μαρκίων,
2842 2965 2939 3019 καὶ
2964 2966 3167 3031 ταύτας
3190 2968 3292 3031 τὰς
3319 2968 3466 3022 κατὰ
3493 2967 3581 3021 σοῦ
3617 2981 3773 3038 μαρτυ-

575 3053 804 3106 dicenos
844 3051 946 3120 (sic
984 3050 1128 3104 enim
1163 3049 1502 3121 inscribitur)
1535 3057 1728 3104 contra
1759 3058 1811 3105 te
1838 3050 2138 3105 testimonia

2256 3055 2375 3126 ρίας
2406 3056 2515 3109 ἀπὸ
2556 3057 2657 3127 τῆς
2690 3058 2991 3130 λεγομένης
3024 3059 3158 3132 πρὸς
3191 3060 3493 3123 Λαοδικέας
3530 3062 3774 3129 συνήγαγες

566 3145 864 3214 protulisti,
911 3151 971 3198 ut
1011 3144 1063 3198 in
1113 3143 1220 3198 ﬁne
1269 3142 1489 3197 tandem
1517 3157 1638 3212 qua
1685 3142 1753 3196 ad
1789 3150 1842 3196 te
1871 3142 2129 3213 pertinent

2209 3205 2219 3222 Ι
2255 3147 2394 3200 κατὰ
2446 3148 2540 3201 σοῦ
2572 3149 2912 3222 μαρτυρίας·
2945 3151 3030 3203 ἵνα
3086 3152 3180 3204 ἐπὶ
3208 3149 3287 3221 τῷ
3335 3151 3477 3205 τέλει
3519 3150 3603 3204 τοῦ
3644 3165 3772 3219 σφρα-

567 3202 795 3309 legendo
826 3237 1128 3311 discamus,
1159 3245 1391 3306 tuasque
1419 3251 1509 3291 res
1549 3202 1902 3305 intelligendo
1928 3236 2033 3289 tria
2056 3235 2130 3290 ill:

2211 3205 2221 3259 :
2254 3240 2521 3310 γίσματος
2572 3202 3231 3313 ,μάιθωμεννάναγνόντεςή
3257 3202 3533 3315 ἶεὰῃιπαρὶι
3558 3202 3774 3304 σοὶ..

565 3342 772 3386 temere
795 3331 893 3387 abs
924 3336 977 3385 te
1011 3329 1323 3400 excogitata
1353 3328 1622 3399 principia
1654 3328 1925 3398 principio
1947 3343 2128 3384 carcn‘

2254 3331 2472 3398 γνόντες
2504 3330 2571 3384 τὰ
2612 3331 2756 3386 κατὰ
2784 3333 2864 3399 σὲ,
2896 3334 3255 3404 καταγνῶμεν
3286 3334 3409 3387 ’τῶν
3432 3334 3518 3386 διὰ
3547 3330 3632 3384 σοῦ
3662 3328 3771 3382 ἀλλο-

565 3424 660 3485 tia,
721 3429 776 3476 et
812 3437 842 3474 a
905 3435 965 3477 se
1028 3420 1260 3474 invicem
1307 3420 1524 3477 diversa
1578 3420 1923 3475 damnemus.
1966 3418 2128 3491 Longi

2252 3422 2419 3494 τρίως
2450 3422 2883 3496 ἑπινενοημένων
2916 3426 3082 3497 τριῶν
3128 3427 3384 3497 ἀνάρχων
3425 3424 3599 3497 ἀρχῶν
3636 3423 3772 3489 διαφο-

564 3515 711 3567 enim
750 3513 857 3567 alia
903 3519 988 3568 est
1019 3510 1268 3582 Apostoli
1296 3512 1570 3574 doctrina,
1617 3527 1682 3565 ac
1723 3510 1920 3582 dogma
1957 3511 2127 3568 ﬁrmis

2255 3513 2355 3586 ρὰς
2401 3515 2535 3584 πρὸς
2562 3515 2798 3586 ἀλλήλας
2840 3517 3099 3587 ἐχουσῶν.
3133 3517 3245 3588 Οὐχ
3290 3517 3466 3581 οὕτως
3512 3517 3610 3588 γὰρ
3631 3515 3719 3584 ἔχει
3749 3512 3771 3578 ἡ

566 3606 789 3669 simum,
847 3603 993 3673 quod
1037 3618 1067 3656 a
1097 3602 1261 3673 nugis
1315 3602 1424 3658 tuis
1460 3618 1524 3657 ac
1569 3603 1768 3658 fabulis
1821 3619 2129 3676 magnOperi

2250 3605 2345 3658 τοῦ
2397 3607 2554 3676 ἁγίου
2612 3608 2935 3661 Ἀποστόλου
2986 3608 3238 3672 ὑπόθεσις
3295 3610 3393 3663 κα)⁵
3435 3606 3772 3679 ἠσφαλισμένην

565 3695 813 3751 dissidet.
846 3693 1063 3749 Etenim
1094 3694 1386 3765 perspicue
1428 3710 1596 3749 unum
1630 3693 1920 3750 Dominum
1960 3697 2121 3752 delini

2251 3697 2531 3769 κήρυγμα,
2574 3698 2712 3753 ἀλλὰ
2740 3699 2934 3764 ἄλλως,
2967 3701 3116 3770 παρὰ
3147 3700 3208 3753 τὸ
3237 3701 3331 3754 σὺν
3364 3703 3669 3773 ποιήτευμα.
3700 3696 3772 3748 Σα-

564 3803 710 3851 esse,
771 3801 936 3841 unam
977 3787 1162 3851 (idem,
1205 3801 1380 3840 unum
1422 3786 1715 3857 baptisma,
1762 3803 1931 3842 unum
1977 3788 2127 3844 Deun

2252 3790 2368 3857 φῶς
2398 3790 2505 3861 γὰρ
2550 3790 2652 3862 ἔφη
2684 3793 2777 3846 ἕνα
2804 3793 3026 3864 Κύριον,
3062 3794 3188 3865 μίαν
3214 3794 3419 3861 πίστιν,
3447 3794 3505 3848 ἕν
3527 3794 3770 3865 βάπτισμα,

564 3878 927 3949 eamdemque
964 3878 1182 3933 Patrem
1216 3878 1486 3943 omnium,
1538 3880 1631 3948 qui
1668 3894 1835 3949 super
1871 3881 2055 3936 omnia
2094 3897 2124 3937 e

2250 3881 2348 3934 ἕνα
2383 3882 2516 3935 Θεὸν
2550 3882 2641 3935 τὸν
2670 3884 2832 3938 αὑτὸν
2866 3886 3089 3956 Πατέρα
3132 3887 3374 3948 πάντων,
3415 3886 3508 3940 τὸν
3548 3884 3687 3939 αὑτὸν
3709 3878 3771 3931 ἐπὶ

565 3972 622 4026 in
647 3971 900 4028 omnibus
928 3980 1034 4035 est,
1074 3979 1184 4025 tam
1211 3970 1267 4025 in
1298 3970 1415 4041 lege
1441 3985 1605 4042 quam
1649 3971 1705 4025 in
1745 3972 2049 4042 prophetis,
2094 3988 2125 4029 e

2250 3970 2490 4038 πάντων,
2537 3972 2633 4029 καὶ
2677 3975 2735 4027 ὲν
2766 3976 2901 4027 πᾶσι
2931 3974 3020 4028 διά
3062 3992 3122 4028 τε
3163 3976 3327 4047 νόμου
3375 3977 3471 4031 καὶ
3514 3969 3769 4047 προφητῶν,

565 4065 620 4117 in
651 4062 918 4133 apostolis
951 4061 1232 4127 omnibus,
1272 4075 1337 4116 ac
1370 4062 1633 4132 deinceps
1664 4063 1896 4141 caeteris.

2251 4062 2347 4114 καὶ
2376 4063 2434 4116 ὲν
2463 4065 2629 4117 πᾶσιν
2667 4066 3006 4132 ἀποστόλοις,
3039 4067 3135 4121 καὶ
3163 4069 3220 4120 ἐν
3253 4070 3369 4131 τοῖς
3400 4067 3639 4135 καθεξῆς.

636 4154 762 4210 Ilaec
790 4154 957 4227 igitur
983 4169 1014 4210 e
1042 4168 1327 4209 sacrarum
1362 4152 1697 4208 Litterarum
1730 4154 1998 4224 reliquiis,
2025 4170 2147 4225 quae

2320 4154 2469 4226 Αὕτη
2502 4155 2601 4225 μὲν
2640 4157 2795 4227 ἡμῶν
2826 4159 2858 4228 ἡ
2906 4157 3353 4229 προθεωρηθεῖσα
3395 4161 3454 4211 ὲν
3495 4160 3600 4220 τοῖς
3635 4167 3770 4225 προειι

563 4244 707 4314 apud
747 4242 1076 4299 Marcionem
1109 4242 1289 4297 adhuc
1326 4244 1697 4313 reperiuntur,
1730 4260 1761 4300 a
1790 4246 1952 4302 nobis
1981 4247 2126 4301 colle

2253 4248 2513 4318 ρημένοις
2542 4247 2911 4320 ἁναλεχθείσιν
2938 4249 3045 4303 ἀπὸ
3086 4250 3184 4321 τῆς
3224 4250 3355 4322 παρ’
3382 4249 3530 4320 αὐτῷ
3570 4246 3640 4316 τῷ
3662 4243 3772 4312 Μαρ-

565 4346 655 4391 cta
699 4335 745 4391 si
775 4336 903 4406 quis
942 4335 1275 4404 consideret,
1316 4334 1517 4391 divinae
1542 4334 1901 4407 providentia
1934 4337 2128 4408 magni-

2251 4339 2407 4394 κίωνι
2456 4340 2536 4394 ἔτι
2592 4341 2909 4413 σωζομένης
2956 4342 3200 4415 Γραφῆς,
3244 4343 3326 4406 εἰς
3382 4344 3404 4374 ³
3440 4341 3537 4412 τὴν
3578 4335 3771 4400 ἀνάλεξιν

567 4425 836 4481 licentiam
869 4425 1237 4497 obstupescet.
1269 4424 1406 4480 Cum
1450 4426 1598 4481 enim
1628 4427 1882 4497 quaelibet
1930 4443 2021 4484 res
2058 4427 2127 4482 tri

2252 4433 2531 4503 σκοπήσας
2562 4450 2646 4509 τις
2685 4434 2986 4504 ἐκπλαγείη
3012 4434 3111 4498 τὰς
3137 4433 3544 4505 μεγαλοδώρους
3578 4427 3693 4486 Θεοῦ
3716 4426 3770 4476 ol-

565 4519 671 4574 IilIS
704 4519 1033 4574 testimoniis
1060 4519 1379 4589 approbari,
1412 4525 1466 4573 et
1504 4519 1695 4573 haberi
1725 4535 1825 4590 pro
1867 4531 2128 4591 compert:

2207 4569 2222 4618 ς
2251 4532 2529 4603 κονομίας.
2576 4533 2836 4587 Ἐκὰστου
2871 4533 2980 4606 γὰρ
3013 4533 3334 4606 πράγματος
3363 4533 3452 4586 διὰ
3483 4529 3636 4602 τριῶν
3671 4539 3770 4621 pop-

566 4607 760 4672 soleat,
796 4609 1060 4678 singulari
1094 4618 1179 4664 est
1216 4607 1312 4663 Dei
1359 4607 1647 4673 beneﬁcio,
1695 4620 1751 4664 et
1794 4610 2129 4666 administra-

2207 4607 2220 4618 V
2250 4624 2453 4696 τυριῶν
2492 4625 2998 4697 ὲπιϐεὗαιουμένου,
3042 4627 3137 4680 καὶ
3181 4626 3583 4697 συνισταμένου,
3612 4623 3677 4682 ὡς
3710 4619 3770 4669 ὲν-

565 4700 735 4764 tione,
764 4701 843 4754 uti
882 4700 1144 4764 diximus,
1180 4700 1408 4762 factum,
1455 4707 1515 4754 ut
1545 4700 1650 4755 hoc
1680 4704 1734 4754 in
1768 4703 1990 4773 negotio
2019 4714 2128 4758 θοι(

2249 4719 2425 4773 ταῦθα
2464 4719 2635 4789 ψιλῶς
2677 4720 2705 4771 ὁ
2744 4718 2876 4782 Θεὸς
2923 4719 3218 4789 ἐχαρίσατο
3270 4720 3523 4788 συνάψαι,
3559 4716 3626 4777 ὡς
3652 4711 3767 4780 ἔφηνε

564 4790 729 4848 nobis
764 4805 827 4846 ac
861 4791 1203 4862 septuaginta
1235 4791 1551 4846 testimonia
1583 4807 1649 4847 ex
1686 4791 1979 4863 Evangelio
2015 4810 2127 4865 sup

2250 4813 2398 4882 ἡμᾶς
2446 4811 2567 4864 κατ’
2613 4811 2922 4881 οἰκονομίαν
2972 4811 3339 4882 έΰδομήκοντα
3395 4812 3493 4881 μὲν
3540 4811 3624 4863 καὶ
3664 4802 3770 4859 ὀκτὼ

562 4889 835 4953 peterent,
868 4896 935 4937 ex
960 4880 1219 4951 Apostolo
1260 4880 1645 4952 quadraginta.
1676 4881 1808 4949 Quae
1859 4886 2041 4939 omnia
2075 4902 2125 4940 at

2253 4880 2558 4972 μαρτυρίας
2604 4900 2712 4954 ἀπὸ
2756 4880 2850 4953 τοῦ
2893 4880 3261 4969 Εὑαγγελίου,
3310 4880 3692 4970 τεσσαράκοντα
3730 4891 3768 4943 δὲ

567 4976 707 5029 hanc
736 4990 911 5045 usque
938 4973 1080 5029 diem
1120 4974 1262 5045 apud
1300 4974 1451 5027 illum
1489 4969 1728 5042 sérvata,
1769 4992 1870 5032 nec
1919 4976 1975 5032 in
2013 4993 2130 5033 con-

2251 4969 2359 5045 ἀπο
2389 4969 2481 5044 τοῦ
2526 4990 2869 5053 Ἀποστόλου,
2903 4992 2997 5043 καὶ
3040 4990 3242 5053 ταύτας
3276 4991 3404 5060 παρ’
3434 4969 3574 5057 αὗτῷ
3617 4987 3687 5045 εἰς
3713 4981 3766 5031 ἔτι

558 5069 886 5124 troversiam
932 5065 1166 5122 adducta
1196 5074 1344 5131 sunt,
1390 5065 1526 5121 adeo
1558 5075 1617 5122 ut
1660 5076 1883 5124 centum
1918 5072 2121 5126 omnim

2250 5082 2346 5135 καὶ
2373 5079 2532 5151 δεῦρο
2564 5078 2877 5151 σωζομένας
2921 5096 2980 5132 τε
3026 5079 3122 5132 καὶ
3149 5077 3616 5149 ἁμφιϐαλλομένας
3643 5073 3688 5103 ³·
3715 5069 3767 5127 ὡς

565 5170 728 5232 atque
772 5161 1075 5217 octodecim
1119 5168 1356 5217 exstent.
1403 5160 1536 5228 Quae
1573 5164 1792 5233 quidem
1843 5163 2128 5220 Marcionis

2250 5169 2388 5226 εἶναι
2416 5172 2514 5237 τὰς
2545 5173 2726 5236 πάσας
2759 5172 2951 5225 ἑκατὸν
2998 5169 3274 5237 δεκαοκτώ
3293 5187 3306 5202 ·
3341 5165 3696 5235 ἀνἐιλεγοὺσας
3727 5157 3767 5211 δὲ

561 5254 914 5323 opinionibus
946 5254 1333 5308 contradicunt
1360 5272 1372 5308 :
1410 5253 1492 5310 sic
1521 5262 1781 5325 tanquam
1810 5270 1875 5310 ex
1905 5272 2124 5326 person:

2248 5265 2429 5327 πάσας
2457 5267 2523 5334 τῇ
2556 5263 2724 5318 αὐτοῦ
2774 5263 3103 5335 Μαρκίωνος
3150 5262 3363 5335 γνώμῃ,
3394 5261 3470 5325 ὡς
3515 5257 3764 5325 ἀπὸήπροσ·

499 5394 509 5401 .
567 5344 778 5399 Domini
811 5344 1023 5414 prolata
1057 5346 1182 5399 sint.
1218 5343 1323 5399 Sed
1366 5351 1421 5400 et
1450 5344 1598 5399 aliud
1628 5345 1856 5417 insuper
1892 5346 2062 5403 additi

2247 5355 2396 5408 ώπου
2428 5354 2690 5426 ὀνόματος
2719 5354 2924 5426 Κυρίου
2958 5353 3000 5418 ⁸,
3030 5353 3119 5406 διὰ
3146 5352 3253 5406 τῶν
3278 5350 3563 5414 δεκαοκτὼ,
3595 5346 3674 5399 καὶ
3695 5340 3763 5407 τῆς

566 5442 649 5489 est
705 5444 901 5503 praeter
943 5435 1257 5507 Evangelii,
1290 5432 1839 5508 375Aposlolique
1894 5441 2129 5498 testimo-

2249 5442 2414 5497 αὑτοῦ
2447 5443 2680 5509 ὲνδεξίου
2725 5425 2972 5512 εὐλογίας
3019 5442 3104 5496 διὰ
3136 5442 3243 5495 τῶν
3271 5441 3478 5497 ἑκατόν.
3520 5434 3659 5491 Ἀλλὰ
3697 5425 3765 5482 καὶ

640 5616 652 5643 ¹
682 5611 881 5680 Ephes.
916 5628 989 5677 ιν,
1026 5614 1076 5666 5.
1153 5620 1171 5647 ²
1202 5615 1326 5670 For.
1359 5634 1445 5686 ης.
1523 5619 1543 5648 ³
1570 5616 1698 5688 Leg.
1730 5620 1829 5702 οὐκ
1860 5620 2001 5689 ἀμφ.
2082 5620 2102 5651 ⁸
2133 5619 2203 5676 Mr,

1026 5614 1076 5666 5.
1153 5620 1171 5647 ²
1202 5615 1326 5670 For.
1359 5634 1445 5686 ης.
1523 5619 1543 5648 ³
1570 5616 1698 5688 Leg.
1730 5620 1829 5702 οὐκ
1860 5620 2001 5689 ἀμφ.
2082 5620 2102 5651 ⁸
2133 5619 2392 5677 Meudosa
2429 5622 2563 5675 hmo.

531 5815 564 5837 τ.
626 5787 754 5858 .(86)
796 5787 1121 5852 Προσέθετο
1162 5791 1229 5844 δὲ
1266 5792 1334 5845 ἐν
1381 5792 1459 5856 τῷ
1491 5791 1637 5856 ἰδίῳ.
1680 5793 1752 5849 De
1772 5794 2024 5864 Epistula
2065 5812 2094 5852 a

1999 5812 2024 5851 ιι
2065 5798 2133 5852 ad
2174 5796 2538 5854 Laodicenses
2575 5805 2833 5853 accurate
2861 5796 3106 5866 disputat
3128 5796 3337 5853 'Baron.
3362 5813 3449 5851 an.
3480 5795 3562 5851 60.
