3958 6426
175 424 275 482 815

862 418 1234 476 ADVERSUS
1274 414 1616 473 IIIERESES
1653 414 1774 470 LIB.

1906 414 2070 472 TOM.
2107 414 2565 472 IlI.-—IIA‘3RES.
2612 414 2776 471 XLII.

3366 422 3471 480 8H

171 546 260 601 ἐπ’
279 543 450 615 ἄλλης
480 542 747 616 περισσῆς
775 541 913 613 πρὸς
929 542 1025 596 ἐπὶ
1051 541 1260 605 τούτοις
1287 541 1444 603 ἐκτὸς
1473 538 1566 594 τοῦ
1594 538 1772 606 Εὐαγ-

1881 533 2051 589 nium.
2086 533 2274 605 Neque
2310 537 2459 590 enim
2498 535 2703 592 infelici
2745 535 3009 591 Marciani
3049 537 3228 594 visum
3272 550 3357 596 est
3404 559 3471 597 ex

172 638 355 709 γελίου
386 637 482 691 καὶ
508 636 604 690 τοῦ
648 636 991 690 Ἀποστόλου.
1027 635 1102 689 Ού
1128 634 1238 707 γὰρ
1264 632 1409 698 ἔδοξε
1438 631 1516 704 τῷ
1543 632 1774 686 ἐλεεινο-

174 733 326 802 τάτῳ
359 730 648 802 Μαρκίωνι
681 729 788 795 ἀπὸ
817 728 918 798 τῆς
955 727 1093 800 πρὸς
1131 727 1413 796 Ἐφεσίους
1442 724 1648 794 ταύτην
1674 723 1772 795 τὴν

182 816 492 895 μᾶρτυρίαν
519 816 721 891 λέγειν,
755 820 893 876 ἀλλὰ
927 821 1026 890 τῆς
1055 819 1191 890 πρὸς
1220 816 1541 882 Λαοδικέας,
1569 817 1668 888 τῆς
1698 815 1773 888 μὴ

177 915 348 986 οὗσης
381 916 438 967 ὲν
466 913 544 985 τῷ
578 912 904 982 Ἀποστόλῳ’
945 905 1026 975 οἷς
1059 910 1134 981 μὴ
1166 910 1509 982 ἐντυγχάνων
1550 908 1773 979 ἠλιθίως

175 1010 205 1061 6
236 1007 537 1079 πνιγώδης,
572 1008 667 1060 καὶ
696 1009 754 1059 ὲν
785 1005 1000 1069 πολλοῖς
1030 1003 1210 1060 πεσὼν
1236 1005 1265 1057 6
1294 1003 1483 1069 τάλας,
1523 1003 1624 1074 οὐχ
1669 1003 1773 1074 ὁρᾷ

173 1096 275 1167 τὴν
310 1097 428 1149 κατ’
462 1093 629 1149 αὐτοῦ
668 1093 983 1165 ἀνατροπὴν
1036 1091 1156 1147 καθ’
1201 1091 1438 1164 ἑκάστην
1482 1093 1775 1162 ὁμολογου-

180 1189 371 1259 μένην.
423 1186 536 1240 Καὶ
592 1184 782 1257 μηδεὶς
828 1184 1157 1255 θαυμαζέτω
1206 1183 1337 1255 περὶ
1387 1181 1599 1236 τούτου.
1650 1180 1773 1245 Πῶς

177 1281 289 1352 γὰρ
345 1278 581 1349 ἠδύνατο
625 1271 803 1344 οὗτος,
858 1276 1327 1348 ἐπαγγειλάμενος
1365 1275 1515 1346 ἔχειν
1569 1292 1624 1328 τι
1676 1272 1771 1328 τοῦ

176 1371 514 1440 Εὐαγγελίου
564 1370 659 1424 καὶ
693 1370 786 1423 τοῦ
835 1370 1178 1432 Ἀποστόλου,
1234 1368 1308 1440 μὴ
1335 1367 1455 1439 ούχὶ
1484 1367 1589 1422 κᾶν
1616 1368 1773 1437 ὀλίγα

177 1466 277 1529 τῆς
317 1464 544 1537 Γραφῆς
583 1450 777 1528 σώζειν
817 1464 1073 1534 ρήματας
1109 1460 1272 1514 Ὅλου
1306 1460 1414 1533 γὰρ
1442 1460 1536 1515 τοῦ
1586 1459 1774 1531 σώμα-

178 1573 272 1619 τος
308 1554 573 1619 σώζοντος
607 1555 645 1619 ¹,
679 1554 756 1617 ὡς
790 1554 984 1617 εἰπεῖν,
1016 1552 1117 1623 τῆς
1149 1551 1304 1615 θείας
1335 1552 1581 1624 Γραφῆς,
1620 1553 1772 1604 ποῖον

176 1647 404 1718 εὕρισκε
447 1646 606 1716 μέλος
639 1645 831 1720 νεκρὸν
872 1644 1016 1698 κατὰ
1055 1643 1153 1715 τὴν
1188 1642 1355 1697 αὑτοῦ
1402 1640 1648 1713 γνώμην,
1685 1642 1773 1693 ἵνα

178 1738 570 1811 παρεισαγαγῃ
591 1737 785 1808 ψεῦδος
810 1736 951 1792 κατὰ
985 1736 1083 1809 τῆς
1122 1735 1417 1806 ἀληθείας;
1476 1733 1727 1797 Ἀλλοίως
1752 1734 1774 1765 θ

178 1834 355 1885 εἰπεῖν
385 1830 648 1901 ἐλώὅησε,
690 1830 784 1883 καὶ
816 1828 1227 1899 ἀκροτηριάσας
1278 1826 1556 1899 παρέκοψε
1600 1826 1772 1881 πολλὰ

1874 625 2121 698 Epistola
2170 629 2238 683 ad
2285 628 2555 699 Ephesios
2615 630 2998 685 auctoritatem
3040 630 3188 686 illam
3241 631 3469 700 afferre;

1874 718 1971 774 sed
2001 734 2069 774 ex
2097 734 2162 774 ea
2193 719 2259 774 ad
2290 719 2655 788 Laodicenos,
2690 737 2813 792 qua:
2848 738 3122 794 nusquam
3151 726 3292 796 apud
3323 726 3471 798 Apo-

1875 812 2080 867 stolum
2112 814 2378 877 cernitur.
2413 813 2546 881 Quae
2586 829 2711 870 cum
2737 831 2908 887 pecus
2940 816 3034 871 illa
3073 832 3171 887 per
3197 834 3470 874 summam

1879 904 2239 960 stoliditatem
2296 906 2523 963 minime
2578 907 2792 979 legerit,
2863 911 2920 964 in
2980 910 3258 982 plerisque
3318 912 3471 983 lapsa

1877 1012 2042 1067 quam
2091 998 2386 1055 manifeste
2437 1000 2494 1055 in
2534 999 2765 1071 singulis
2801 1002 3054 1058 convinci
3109 1018 3174 1060 ac
3215 1004 3471 1075 redargui

1877 1101 2066 1163 posset
2114 1106 2462 1163 nequaquam
2511 1086 2922 1149 animadvertit.
2960 1094 3149 1167 Neque
3190 1113 3323 1153 vero
3350 1099 3470 1154 cui-

1876 1183 2022 1254 piam
2054 1183 2255 1237 mirum
2291 1183 2425 1238 illud
2451 1185 2629 1240 videri
2655 1186 2836 1245 debet.
2878 1187 2983 1254 Qui
3012 1190 3158 1245 enim
3187 1189 3467 1261 Evangelii

1875 1274 2084 1345 aliquid
2124 1286 2179 1331 et
2217 1276 2468 1347 Apostoli
2518 1277 2719 1333 habere
2765 1294 2824 1335 se
2868 1280 3237 1351 profiteretur,
3282 1281 3473 1338 fierine

1876 1368 2077 1438 potuit,
2113 1375 2176 1424 ut
2202 1385 2312 1427 non
2341 1385 2514 1440 pauca
2560 1372 2758 1426 saltem
2807 1370 3107 1443 Scriptura:
3143 1375 3310 1431 verba
3341 1377 3472 1431 reti-
3538 1430 3543 1447 ,

1874 1459 2070 1515 neret?
2120 1457 2337 1530 Quippe
2386 1475 2510 1514 cum
2567 1468 2745 1515 totum
2802 1460 3102 1533 Scriptura:
3147 1463 3331 1518 vivum
3378 1465 3472 1529 sit,

1875 1556 1936 1603 ut
1987 1549 2061 1603 ita
2109 1547 2369 1616 dixerim,
2422 1565 2646 1621 corpus,
2688 1552 2937 1621 potuitne
2981 1560 3261 1606 mortuum
3299 1553 3472 1607 ullum

1874 1639 2183 1694 membrum
2212 1654 2311 1711 pro
2349 1641 2519 1696 animi
2547 1642 2631 1697 sui
2666 1643 2892 1698 libidine
2941 1643 3202 1714 reperire,
3229 1644 3374 1715 quod
3407 1644 3475 1697 ad

1873 1731 2264 1787 stabiliendum
2315 1732 2662 1788 mendacium
2702 1744 2895 1790 contra
2931 1736 3215 1791 veritatem
3262 1736 3477 1806 profer-
3538 1792 3541 1795 γ

1874 1824 1994 1878 ret?
2044 1821 2228 1889 Quare
2279 1840 2482 1895 corpus
2526 1826 2706 1896 ipsum
2770 1827 3046 1892 mutilare,
3104 1841 3168 1881 ac
3214 1828 3477 1898 pleraque

179 1922 289 1976 τῶν
329 1922 528 1994 μελῶν.
560 1920 792 1991 κατέσχε
825 1921 881 1975 δὲ
924 1921 1042 1974 ἔνιά
1087 1937 1208 1974 τινα
1246 1922 1376 1992 παρ’
1422 1918 1619 1989 ἑαυτῷ.
1666 1920 1773 1973 Καὶ

1881 1914 2123 1969 membra
2173 1931 2425 1972 resecare
2476 1918 2738 1982 instituit,
2800 1934 3039 1990 quorum
3091 1920 3353 1974 nonnulla
3407 1921 3478 1976 ad

178 2013 320 2066 αὐτὰ
356 2011 507 2065 δὲτὰ
554 2010 961 2082 κατασχεθέντα
1001 2011 1081 2064 ἔτι
1113 2010 1292 2076 ζῶντα
1332 2012 1394 2064 ού
1433 2011 1656 2065 δύναται
1689 2028 1776 2065 νε-

179 2105 477 2178 κροῦσθαι·
531 2104 647 2159 ἀλλ’
688 2106 806 2158 ἐκεῖ
847 2104 867 2136 ³
925 2104 1024 2175 μὲν
1069 2104 1129 2158 τὸ
1177 2104 1407 2168 ζωτικὸν
1449 2103 1552 2174 τῆς
1591 2104 1773 2174 ἐμφά-

181 2215 338 2262 σεως,
369 2199 471 2252 κᾶν
520 2216 579 2251 τε
612 2198 819 2270 μυρίως
857 2199 988 2269 παρ’
1026 2197 1176 2269 αὐτῷ
1212 2197 1356 2251 κατὰ
1400 2197 1597 2251 λεπτὸν
1639 2199 1775 2252 ἁπο-

179 2290 441 2363 τμηθείη.

249 2467 346 2520 1Γ’.
392 2468 513 2520 Ἔτι
544 2467 600 2522 δὲ
641 2467 781 2539 μετὰ
809 2470 979 2523 ταῦτα
1013 2469 1193 2525 πάντα
1224 2471 1673 2543 ἐπεμνήσθημεν,
1700 2473 1776 2538 ὣς

180 2575 326 2621 τινες
354 2550 464 2612 ἀπὸ
490 2558 600 2614 τῶν
626 2562 807 2615 αὐτῶν
833 2562 1288 2633 Μαρκιωνιστῶν,
1317 2565 1398 2626 εἰς
1427 2562 1586 2633 βυθὸν
1614 2563 1777 2635 βλασ-

181 2649 393 2721 φημίας
438 2653 965 2724 παραπεπτωκότες,
997 2655 1090 2707 καὶ
1129 2655 1238 2708 ἀπὸ
1266 2656 1365 2727 τῆς
1416 2656 1628 2711 ἑαυτῶν
1655 2658 1775 2711 δαι-

184 2742 480 2813 μονιώδους
521 2744 871 2810 διδασκαλίας
920 2746 1280 2819 ἐμϐρόντητοι
1314 2749 1628 2803 παντάπασι
1683 2767 1776 2819 γε-

180 2834 423 2903 γονότες,
460 2837 554 2891 καὶ
586 2832 647 2892 οὗ
681 2838 902 2893 ἐδόκουν
955 2839 1164 2909 Κυρίου
1202 2840 1366 2911 μόνου
1415 2841 1518 2895 κᾶν
1563 2841 1632 2895 δι’
1664 2840 1780 2895 ὀνόο

183 2945 355 3000 ματος
385 2929 770 3000 μνημονεύειν,
798 2931 893 2984 καὶ
918 2930 1083 2985 αὐτοῦ
1113 2930 1545 3001 ἁθυρογλὼσσως
1574 2933 1779 3004 ἑτέρως

189 3020 288 3091 τὴν
316 3020 482 3074 αὑτοῦ
510 3020 740 3093 θεότητα
769 3023 1224 3096 ἀποστρέφοντες,
1244 3022 1304 3076 τὸ
1319 3022 1490 3093 ὄνομα
1514 3023 1613 3095 τῆς
1641 3024 1779 3078 ἄνω-

191 3114 283 3167 θεν
317 3117 626 3185 γεννήσεως
659 3115 906 3180 κακίζειν
931 3115 1030 3169 οὐκ
1080 3114 1455 3187 ἐντρέπονται.
1490 3115 1779 3187 Τινὲςιγὰρ

1877 2021 2039 2061 usum
2071 2021 2236 2061 suum
2259 2007 2507 2062 retinuit.
2535 2007 2667 2074 Quae
2695 2010 2916 2080 quidem
2948 2010 3018 2064 ab
3045 2009 3135 2064 illo
3172 2023 3473 2073 reservata,

1875 2107 1930 2154 et
1961 2098 2142 2154 adhuc
2176 2100 2446 2170 spirantia
2484 2101 2704 2171 penitus
2737 2103 3013 2173 exstingui
3044 2113 3344 2174 nequeunt,
3378 2102 3478 2158 sed

1876 2188 2060 2247 vitalis
2083 2190 2175 2246 ille
2214 2190 2561 2247 declarandae
2603 2193 2852 2251 veritatis
2891 2197 3045 2266 vigor
3075 2208 3343 2262 remanet,
3387 2203 3476 2251 ta-

1877 2281 2038 2336 metsi
2061 2283 2466 2340 minutissimas
2507 2285 2562 2340 in
2590 2294 2777 2357 partes
2809 2287 3021 2345 infinite
3053 2297 3227 2356 secta,
3266 2287 3477 2346 divisa-
3578 2280 3585 2291 “

1877 2387 1985 2442 que
2011 2373 2235 2429 fuerint.

1949 2456 2088 2522 XIII.
2132 2466 2343 2522 Praeter
2381 2468 2475 2524 illa
2508 2487 2642 2529 vero
2681 2474 2867 2531 omnia
2917 2474 3025 2529 hoc
3061 2474 3291 2545 insuper
3325 2490 3478 2531 com-

1879 2559 2348 2617 memoravimus:
2380 2564 2679 2619 nonnullos
2714 2579 2746 2619 e
2783 2563 3260 2620 Marcionistarum
3315 2581 3477 2637 grege

1878 2666 1935 2706 in
1968 2652 2299 2709 altissimum
2348 2655 2700 2727 blasphemia:
2731 2658 3001 2728 gurgitem
3048 2658 3359 2721 immersos,
3396 2668 3479 2711 at-

1879 2763 1987 2818 que
2021 2764 2087 2804 ex
2120 2749 2380 2820 pestifera
2429 2750 2522 2805 illa
2557 2750 2865 2807 daemonum
2907 2750 3159 2807 doctrina
3204 2752 3354 2808 velut
3390 2750 3480 2804 fu-

1881 2855 2007 2897 rore
2051 2850 2106 2898 et
2142 2844 2385 2898 amentia
2416 2844 2681 2915 percitos,
2713 2858 2874 2916 quem
2906 2861 3076 2900 unum
3120 2844 3202 2900 vel
3256 2844 3480 2900 nomine

1883 2940 2042 2989 tenus
2082 2932 2378 2989 Dominum
2436 2936 2735 3017 memoria-
2766 2936 3070 2992 retinuisse
3124 2935 3476 3003 videbantur,

1881 3023 2049 3095 hujus
2097 3024 2271 3095 ipsius
2315 3026 2662 3082 divinitatem
2712 3028 2959 3083 inaudita
2990 3027 3228 3099 quadam
3277 3029 3479 3100 linguas

1883 3116 2181 3185 petulantia
2230 3118 2593 3188 pervertisse;
2636 3133 2739 3175 nec
2783 3119 3027 3175 caelestis
3059 3119 3209 3176 illius
3246 3136 3479 3190 genera-

190 3206 374 3261 αὐτῶν
404 3207 821 3278 τετολμήκασιν,
853 3208 929 3271 ὡς
967 3207 1125 3279 ἔφην,
1162 3208 1324 3261 αὑτὸν
1351 3206 1440 3261 τὸν
1473 3206 1677 3279 Κύριον
1701 3204 1774 3262 εῖ-

1885 3208 2055 3266 tionis
2116 3210 2315 3266 nomen
2370 3212 2685 3282 vituperare
2739 3211 2911 3268 fuisse
2962 3212 3188 3268 veritos.
3242 3211 3477 3279 Quidam

186 3318 272 3353 ναι
304 3299 419 3354 υἱὸν
451 3300 546 3354 τοῦ
584 3300 829 3373 Πονηροῦ
853 3301 1054 3371 λέγειν,
1084 3302 1183 3355 οὐκ
1215 3302 1615 3373 αἰσχυνόμενοι.
1650 3300 1780 3354 Ἀλ-

180 3394 261 3448 λοι
298 3394 357 3447 δὲ
402 3395 523 3465 οὐχὶ
546 3436 560 3459 ,
613 3394 749 3448 ἀλλὰ
791 3394 884 3449 τοῦ
942 3394 1130 3468 κριτοῦ
1182 3411 1243 3448 τε
1291 3394 1386 3448 καὶ
1431 3393 1777 3466 Δημιουργοῦ

181 3484 659 3556 ἀσπλαγχνότερον
683 3484 706 3516 ⁸
730 3485 1015 3554 γεγονότα,
1056 3485 1149 3539 καὶ
1179 3484 1385 3554 ἀγαθὸν
1422 3484 1573 3549 ὅντα,
1608 3501 1781 3538 κατα-

166 3576 364 3646 ’λεῐψαι
404 3577 503 3649 μὲν
544 3576 635 3630 τὸν
682 3577 813 3631 τδιον
859 3576 1021 3631 αὑτοῦ
1070 3578 1291 3649 Πατέρα
1336 3579 1508 3645 κάτω,
1553 3580 1630 3651 πὴ
1681 3579 1779 3651 μὲν

179 3669 451 3738 λεγόντων
487 3669 580 3723 τὸν
623 3669 992 3741 Δημιουργὸν,
1029 3668 1203 3723 ἄλλων
1245 3669 1306 3723 δὲ
1352 3669 1446 3723 τὸν
1492 3672 1737 3742 Πονηρόν
1762 3687 1777 3703 ο

180 3762 293 3818 ἄνω
320 3762 378 3815 δὲ
403 3761 905 3835 ἀναδεδραμηκὲναι
933 3762 1069 3833 πρὸς
1104 3765 1196 3815 τὸν
1222 3764 1281 3816 ὲν
1314 3763 1780 3834 ἀκατονομάστοις

179 3856 369 3918 τόποις
414 3854 619 3923 ἀγαθὸν
675 3854 845 3920 Θεὸν,
888 3856 984 3910 καὶ
1041 3856 1190 3927 αὐτῷ
1244 3856 1775 3928 προσκεκολλῆσθαι.

180 3946 515 4017 Πεμφθέντα
554 3947 612 4001 δὲ
653 3947 747 4000 ὑπ’
776 3947 942 4001 αὐτοῦ
986 3948 1068 4010 είς
1105 3948 1198 3999 τὸν
1232 3948 1457 4018 κόσμον,
1502 3949 1595 4001 καὶ
1644 3949 1780 4022 πρὸς

178 4040 485 4095 ἀντιδικίαν
524 4039 619 4094 τοῦ
675 4039 805 4093 ἰδίου
858 4040 1072 4113 Πατρὸς
1117 4039 1341 4094 ἐλθόντα
1387 4041 1478 4094 τὸν
1518 4043 1774 4112 Χριστὸν,

179 4134 278 4187 καὶ
305 4132 647 4186 καταλύοντα
675 4131 841 4185 αὐτοῦ
880 4133 948 4185 τὰ
990 4134 1189 4196 πάντα,
1225 4133 1324 4186 ὅσα
1367 4134 1397 4186 6
1439 4133 1581 4186 κατὰ
1615 4133 1776 4202 φύσιν

180 4224 376 4296 Πατὴρ
422 4224 589 4278 αὐτοῦ
653 4225 997 4297 ἐνομοθέτει,
1057 4225 1175 4293 ἦτοι
1228 4228 1257 4279 6
1306 4225 1550 4296 λαλήσας
1593 4229 1650 4279 ἐν
1700 4226 1779 4298 τῷ

178 4321 354 4392 νόμῳ,
391 4321 511 4390 ἦτοι
544 4321 573 4372 6
600 4319 700 4390 τῆς
747 4320 946 4383 κακίας
977 4319 1129 4383 Θεὸς,
1178 4321 1208 4372 6
1246 4321 1375 4392 παρ’
1404 4319 1585 4374 αὐτῶν
1624 4322 1683 4377 ἐν
1710 4323 1776 4394 τῇ

177 4413 341 4485 τρίτῃ
376 4413 518 4483 ἀρχῇ
553 4413 901 4483 ταττόμενος.
944 4412 1155 4477 ’Ἄλλως
1190 4413 1300 4483 γὰρ
1337 4414 1432 4467 καὶ
1479 4413 1653 4478 ἄλλως
1681 4415 1777 4468 ἐκ-

176 4504 446 4563 τίθενται,
485 4503 561 4566 ὼς
591 4503 747 4574 ἔφην,
780 4503 935 4566 ἄλλος
972 4502 1072 4574 μὲν
1103 4502 1197 4556 τὸν
1224 4504 1587 4574 Δημιουργὸν,
1619 4504 1776 4568 ἄλλος

176 4598 234 4652 δὲ
274 4599 366 4650 τὸν
404 4599 547 4666 Πονη
555 4597 665 4667 ρόν.

251 4782 441 4838 Ταῦτα
458 4783 515 4836 δὲ
541 4782 679 4854 δῆλα
707 4782 875 4835 παντὶ
897 4780 974 4852 τῷ
1005 4781 1223 4834 σύνεσιν
1248 4780 1572 4852 κεκτημένῳ
1598 4780 1774 4852 ὑπάρ-

173 4896 285 4948 χει,
324 4877 407 4929 ὅτι
431 4875 747 4948 ἀκαθάρτου
785 4874 1098 4945 πνεύματός
1132 4874 1338 4945 ἐστινὴ
1379 4874 1644 4946 φρόνησις
1679 4875 1774 4928 καὶ

170 4973 206 5043 ἡ
253 4968 613 5023 διδασκαλία·
664 4967 757 5021 καὶ
805 4965 930 5021 οὔτε
959 4968 1118 5038 χρεία
1154 4963 1223 5039 ἦν
1259 4967 1388 5039 περὶ
1422 4965 1628 5038 ταύτης
1671 4967 1774 5036 τῆς

168 5062 492 5126 ὑποθέσεως
540 5060 944 5130 ἀπολογεῖσθαι,
981 5061 1013 5132 ἢ
1061 5061 1284 5130 ἔλεγχον
1338 5061 1609 5130 παριστᾷν
1651 5061 1773 5113 κατ’

163 5156 409 5227 ἀντικρὺ
433 5152 890 5225 Μαρκίωνος,τοῦ
924 5151 1117 5206 ἑαυτοῦ
1149 5153 1290 5206 κατὰ
1322 5153 1502 5208 πάντα
1522 5153 1622 5224 τὴν
1653 5155 1774 5206 ἐπι-

158 5243 454 5318 λησμονὴν
485 5245 587 5315 τῆς
625 5243 770 5316 ζωῆς
806 5243 1199 5315 ποιησαμένου.
1234 5242 1625 5314 Φωραθήσεται
1662 5243 1772 5314 γὰρ
1806 5278 1823 5291 κ

156 5338 327 5409 παρὰ
363 5338 497 5390 πᾶσι
530 5338 645 5400 τοῖς
676 5337 919 5397 συνετοίς
948 5334 1007 5386 τὸ
1053 5332 1373 5403 βλάσφημον
1410 5330 1578 5385 αὑτοῦ
1613 5347 1769 5383 κενο-

155 5430 445 5504 φώνημα,
496 5430 591 5483 καὶ
639 5427 914 5499 τολμηρὸν
975 5425 1077 5496 τῆς
1138 5425 1414 5488 ἀπωλείας
1463 5424 1764 5495 ἐνέργημα.

168 5521 327 5578 Ἀλλ’
358 5521 546 5594 ἐπειδὴ
579 5519 852 5590 εἰώθαμεν
887 5519 960 5589 μὴ
993 5519 1088 5590 ὲᾷν
1124 5516 1378 5570 ἀκανθῶν
1407 5515 1591 5579 τόπον,
1628 5514 1766 5567 ἀλλὰ

147 5618 456 5687 ἐκτέμνειν
509 5617 576 5686 τῇ
626 5612 719 5668 τοῦ
760 5610 895 5666 Θεοῦ
951 5610 1218 5683 μαχαίρᾳ,
1248 5613 1315 5683 τῇ
1364 5606 1519 5678 ὑπὲρ
1561 5607 1770 5664 πᾶσαν

138 5706 472 5778 μάχαιραν
516 5703 829 5773 δίστομον,
864 5702 962 5756 καὶ
1006 5701 1392 5771 διικνουμένῃ
1436 5702 1573 5770 ἄχρι
1603 5717 1767 5769 μερι-

1889 3305 2034 3357 enim
2087 3316 2153 3357 ex
2206 3301 2315 3359 illis
2363 3302 2657 3358 Dominum
2706 3303 2885 3373 ipsum
2952 3300 3302 3359 mali'filium
3354 3320 3479 3361 esse

1900 3395 2020 3450 sine
2048 3394 2158 3449 ullo
2183 3395 2393 3467 pudore
2416 3395 2689 3465 jactitant.
2717 3393 2871 3461 Quod
2897 3394 2984 3449 alii
3010 3396 3195 3451 minus
3219 3397 3473 3467 probant,

1879 3487 2082 3556 quibus
2115 3488 2296 3558 placet
2321 3488 2513 3559 judice
2542 3488 2696 3542 illum
2732 3502 2795 3543 ac
2827 3486 3089 3543 Creatore
3118 3498 3305 3543 natum
3329 3505 3474 3546 esse.

1879 3578 1985 3646 Qui
2011 3593 2135 3634 cum
2168 3579 2223 3633 in
2255 3579 2696 3636 misericordiam
2724 3588 2871 3636 esset
2903 3583 3251 3651 propensior,
3291 3598 3356 3638 ac
3380 3599 3477 3639 na-

1879 3678 2005 3725 tura
2041 3670 2240 3735 bonus,
2277 3669 2440 3725 Patre
2483 3686 2606 3734 suo,
2652 3686 2817 3742 quem
2860 3672 2951 3724 alii
3008 3670 3348 3740 Creatorem,
3381 3674 3475 3728 alii

1879 3763 2085 3817 malum
2129 3763 2467 3829 existimant,
2512 3762 2761 3819 inferiori
2814 3763 2945 3819 sede
2997 3765 3211 3828 relicto,
3252 3780 3476 3821 sursum

1880 3856 1949 3912 ad
1988 3857 2144 3912 illum
2180 3856 2394 3924 bonum
2426 3857 2678 3912 evolasse
2718 3856 2909 3919 Deum,
2941 3857 3033 3927 qui
3073 3858 3478 3928 inexplicabili-

1882 3948 1986 4004 bus
2020 3949 2245 4015 inloeis
2278 3949 2503 4012 residet,
2542 3956 2598 4003 et
2638 3948 2816 4004 eidem
2851 3949 3158 4004 inhaesisse.
3192 3950 3237 4002 A
3271 3966 3385 4020 quo
3420 3952 3477 4007 in

1880 4040 2028 4095 hunc
2066 4041 2256 4096 orbem
2294 4041 2620 4105 demissum,
2672 4050 2726 4095 et
2760 4047 2822 4095 ut
2856 4039 3003 4095 Patri
3042 4056 3143 4095 suo
3190 4044 3477 4099 resisteret

1880 4131 2164 4203 delapsum
2197 4132 2250 4185 in
2275 4138 2452 4186 terras
2480 4130 2789 4195 Christum,
2838 4132 3020 4184 omnia
3049 4130 3142 4185 illa
3175 4131 3474 4202 abrogasse

1879 4225 2119 4288 decreta,
2152 4238 2274 4294 quae
2307 4224 2376 4277 ab
2423 4222 2659 4277 naturali
2686 4237 2788 4277 suo
2819 4221 2983 4278 Patre
3014 4221 3232 4277 fuerant
3262 4228 3474 4280 consu-

1879 4325 2018 4381 tuta,
2067 4317 2183 4372 sive
2218 4316 2265 4372 is
2309 4322 2395 4371 est
2423 4315 2519 4385 qui
2561 4317 2612 4369 in
2660 4315 2778 4384 lege
2830 4316 3045 4370 locutus
3079 4315 3305 4385 dicitur,
3355 4320 3473 4373 sive

1879 4408 2101 4464 malitiae
2131 4407 2275 4464 Deus
2310 4407 2422 4473 ille,
2458 4422 2626 4485 ‘quem
2658 4408 2803 4463 inter
2846 4409 3116 4481 principia
3151 4410 3314 4465 tertio
3349 4410 3471 4466 loco

1880 4511 2149 4560 statuunt.
2183 4499 2322 4556 Nam
2371 4501 2551 4567 aliter,
2588 4500 2667 4555 uti
2702 4499 2913 4555 dictum
2953 4512 3059 4568 est,
3107 4509 3271 4572 atque
3313 4504 3475 4559 aliter

1809 4635 1853 4691 Β
1881 4598 1984 4654 ista
2019 4596 2323 4651 declarant.
2360 4596 2550 4675 Itaque
2578 4593 2719 4650 alius
2764 4594 3038 4665 opificem,
3071 4594 3214 4649 alius
3262 4598 3467 4651 malum

1882 4703 2004 4744 esse
2035 4688 2247 4742 statuit.

1951 4780 2118 4850 376
2140 4779 2273 4845 Quae
2301 4795 2425 4835 cum
2466 4779 2543 4834 ita
2585 4778 2716 4843 sint,
2758 4777 3109 4833 manifestum
3150 4793 3276 4834 esse
3316 4780 3473 4834 cuili-

1882 4871 1973 4925 bet
1998 4878 2196 4941 potest,
2220 4872 2315 4941 qui
2352 4870 2555 4943 ingenii
2588 4884 2652 4924 ac
2674 4868 2978 4940 prudentiae
3005 4870 3213 4939 aliquid
3248 4870 3468 4934 habeat,

1880 4972 2050 5017 totam
2095 4964 2243 5017 illam
2290 4962 2595 5017 doctrinam
2653 4968 2818 5031 atque
2864 4961 3063 5032 dogma
3097 4962 3169 5017 ab
3210 4962 3470 5031 impuris-

1879 5053 2019 5107 simo
2057 5051 2255 5122 spiritu
2293 5065 2667 5122 promanasse.
2716 5050 2986 5131 Quocirca
3034 5051 3172 5107 nihil
3211 5060 3331 5107 erat
3373 5054 3470 5126 ad-

1879 5145 2100 5200 modum
2123 5158 2351 5200 necesse
2379 5144 2438 5197 in
2472 5158 2540 5198 eo
2570 5151 2899 5214 argumento
2928 5143 3221 5198 tractando
3253 5157 3317 5197 ac
3348 5159 3464 5214 pro-

1879 5237 2172 5308 pugnanda
2202 5237 2307 5293 fide
2342 5237 2544 5293 morari
2576 5237 2807 5303 diutius,
2846 5244 2940 5292 aut
2974 5251 3102 5292 vero
3134 5235 3464 5294 Marcionem

1876 5330 2147 5398 refellere,
2177 5331 2271 5401 qui
2306 5331 2462 5401 juxta
2499 5330 2584 5387 sui
2629 5330 2803 5404 ipsius
2834 5344 2899 5385 ac
2924 5329 3051 5384 vitae
3095 5344 3219 5385 esse
3249 5329 3469 5386 videtur

1874 5423 2099 5478 oblitus.
2137 5422 2309 5478 Nemo
2345 5422 2613 5493 siquidem
2645 5431 2751 5485 est,
2796 5421 2889 5494 qui
2920 5422 3184 5475 nonnulla
3211 5421 3283 5478 sit
3308 5421 3468 5476 intel-

1874 5516 2101 5588 ligentia
2130 5514 2415 5586 praeditus,
2450 5515 2586 5585 quin
2614 5514 2965 5570 contumelia:
2991 5514 3047 5569 in
3075 5512 3246 5570 Deum
3275 5514 3465 5584 plenas

1875 5609 2025 5665 illius
2053 5609 2290 5673 fabulas,
2326 5623 2391 5664 ac
2423 5608 2748 5667 temerarios
2775 5614 2830 5664 et
2862 5608 3205 5679 perniciosos
3234 5615 3468 5663 conatus

1875 5700 2110 5773 detegat.
2141 5699 2344 5755 Verum
2371 5701 2634 5771 quoniam
2659 5702 2870 5758 nullum
2907 5701 3084 5774 spinis
3117 5701 3358 5759 obsitum
3387 5700 3468 5755 lo-

248 5864 262 5890 ⁸
281 5857 449 5916 Forte
476 5858 698 5935 ζῷντος.
779 5863 797 5894 ¹
829 5860 989 5915 Forte
1017 5838 1137 5915 ἀλλ”
1167 5861 1262 5925 ὡς.
1343 5861 1363 5892 ³
1396 5859 1555 5915 Forte
1584 5858 1716 5930 ἔχει.

1881 5856 2012 5917 'orte
2042 5858 2573 5933 εὐσπλαγχνότερον.
