  <div class='ocr_page' id='page_1' title='image "/cluster/home/n/w/nwhite01/storage/ocr_20150623/41:no.1/coo.31924054869387/415.png"; bbox 0 0 3958 6424; ppageno 0'>
   <div class='ocr_carea' id='block_1_1' title="bbox 577 414 2151 477">
    <p class='ocr_par' dir='ltr' id='par_1_1' title="bbox 577 414 2151 477">
     <span class='ocr_line' id='line_1_1' title="bbox 577 414 2151 477; baseline 0 -6"><span class='ocrx_word' id='word_1_1' title='bbox 577 416 680 477; x_wconf 86' lang='lat' dir='ltr'><strong>8l5</strong></span> <span class='ocrx_word' id='word_1_2' title='bbox 2037 414 2093 471; x_wconf 92' lang='lat' dir='ltr'><strong>S.</strong></span> <span class='ocrx_word' id='word_1_3' title='bbox 2137 414 2151 471; x_wconf 91' lang='lat' dir='ltr'><strong>l</strong></span> 
     </span>
    </p>
   </div>
   <div class='ocr_carea' id='block_1_2' title="bbox 2255 414 3785 477">
    <p class='ocr_par' dir='ltr' id='par_1_2' title="bbox 2255 414 3785 477">
     <span class='ocr_line' id='line_1_2' title="bbox 2255 414 3785 477; baseline 0.004 -6"><span class='ocrx_word' id='word_1_4' title='bbox 2255 414 2478 472; x_wconf 64' lang='lat' dir='ltr'><strong>PHANII</strong></span> <span class='ocrx_word' id='word_1_5' title='bbox 3706 421 3785 477; x_wconf 65' lang='lat'><strong>846</strong></span> 
     </span>
    </p>
   </div>
   <div class='ocr_carea' id='block_1_3' title="bbox 572 534 2151 616">
    <p class='ocr_par' dir='ltr' id='par_1_3' title="bbox 572 536 2151 616">
     <span class='ocr_line' id='line_1_3' title="bbox 572 536 2151 616; baseline -0.003 -15"><span class='ocrx_word' id='word_1_6' title='bbox 572 558 700 602; x_wconf 91' lang='lat' dir='ltr'><strong>cum</strong></span> <span class='ocrx_word' id='word_1_7' title='bbox 741 558 852 599; x_wconf 90' lang='lat' dir='ltr'><strong>non</strong></span> <span class='ocrx_word' id='word_1_8' title='bbox 883 548 1234 616; x_wconf 76' lang='lat' dir='ltr'><strong>repurgatum</strong></span> <span class='ocrx_word' id='word_1_9' title='bbox 1269 554 1391 597; x_wconf 86' lang='lat' dir='ltr'><strong>esse</strong></span> <span class='ocrx_word' id='word_1_10' title='bbox 1422 539 1685 611; x_wconf 99' lang='lat' dir='ltr'><strong>patimur,</strong></span> <span class='ocrx_word' id='word_1_11' title='bbox 1718 536 1813 595; x_wconf 86' lang='lat' dir='ltr'><strong>sed</strong></span> <span class='ocrx_word' id='word_1_12' title='bbox 1840 537 1934 593; x_wconf 90' lang='lat' dir='ltr'><strong>Dei</strong></span> <span class='ocrx_word' id='word_1_13' title='bbox 1976 539 2151 607; x_wconf 75' lang='lat' dir='ltr'><strong>gladio</strong></span> 
     </span>
    </p>
   </div>
   <div class='ocr_carea' id='block_1_4' title="bbox 2255 534 3784 616">
    <p class='ocr_par' dir='ltr' id='par_1_4' title="bbox 2263 534 3784 611">
     <span class='ocr_line' id='line_1_4' title="bbox 2263 534 3784 611; baseline -0.003 -16"><span class='ocrx_word' id='word_1_14' title='bbox 2263 539 2437 611; x_wconf 79' lang='grc' dir='ltr'>σμῶν</span> <span class='ocrx_word' id='word_1_15' title='bbox 2474 539 2685 611; x_wconf 68' lang='grc' dir='ltr'>ψυχῆς</span> <span class='ocrx_word' id='word_1_16' title='bbox 2717 537 2816 593; x_wconf 76' lang='grc' dir='ltr'>καὶ</span> <span class='ocrx_word' id='word_1_17' title='bbox 2847 538 3210 608; x_wconf 72' lang='grc' dir='ltr'>πνεύματος,</span> <span class='ocrx_word' id='word_1_18' title='bbox 3247 535 3447 606; x_wconf 74' lang='grc' dir='ltr'>ἁρμῶν</span> <span class='ocrx_word' id='word_1_19' title='bbox 3481 550 3541 590; x_wconf 75' lang='lat' dir='ltr'><strong>te</strong></span> <span class='ocrx_word' id='word_1_20' title='bbox 3569 534 3654 590; x_wconf 72' lang='grc' dir='ltr'><strong>καί</strong></span> <span class='ocrx_word' id='word_1_21' title='bbox 3677 552 3784 606; x_wconf 74' lang='lat' dir='ltr'><strong>pue-</strong></span> 
     </span>
    </p>
   </div>
   <div class='ocr_carea' id='block_1_5' title="bbox 574 627 2151 705">
    <p class='ocr_par' dir='ltr' id='par_1_5' title="bbox 574 631 2151 705">
     <span class='ocr_line' id='line_1_5' title="bbox 574 631 2151 705; baseline -0.005 -13"><span class='ocrx_word' id='word_1_22' title='bbox 574 636 861 693; x_wconf 86' lang='lat' dir='ltr'><strong>succidere</strong></span> <span class='ocrx_word' id='word_1_23' title='bbox 903 636 1143 692; x_wconf 83' lang='lat' dir='ltr'><strong>solemus</strong></span> <span class='ocrx_word' id='word_1_24' title='bbox 1176 635 1488 696; x_wconf 83' lang='lat' dir='ltr'><strong>universas,</strong></span> <span class='ocrx_word' id='word_1_25' title='bbox 1527 633 1620 705; x_wconf 91' lang='lat' dir='ltr'><strong>qui</strong></span> <span class='ocrx_word' id='word_1_26' title='bbox 1655 631 1873 703; x_wconf 89' lang='lat' dir='ltr'><strong>quidem</strong></span> <span class='ocrx_word' id='word_1_27' title='bbox 1901 640 2151 699; x_wconf 84' lang='lat' dir='ltr'><strong>‘penetra-</strong></span> 
     </span>
    </p>
   </div>
   <div class='ocr_carea' id='block_1_6' title="bbox 2255 627 3787 705">
    <p class='ocr_par' dir='ltr' id='par_1_6' title="bbox 2269 627 3787 702">
     <span class='ocr_line' id='line_1_6' title="bbox 2269 627 3787 702; baseline -0.005 -14"><span class='ocrx_word' id='word_1_28' title='bbox 2269 631 2418 697; x_wconf 67' lang='grc' dir='ltr'><strong>λῶν,</strong></span> <span class='ocrx_word' id='word_1_29' title='bbox 2464 633 2605 686; x_wconf 87' lang='grc' dir='ltr'><strong>κατά</strong></span> <span class='ocrx_word' id='word_1_30' title='bbox 2659 631 2722 685; x_wconf 78' lang='grc' dir='ltr'><strong>τὸ</strong></span> <span class='ocrx_word' id='word_1_31' title='bbox 2771 630 3192 702; x_wconf 82' lang='grc' dir='ltr'>γεγραμμένον⁶</span> <span class='ocrx_word' id='word_1_32' title='bbox 3246 627 3401 698; x_wconf 83' lang='grc' dir='ltr'>ὀλίγα</span> <span class='ocrx_word' id='word_1_33' title='bbox 3443 627 3535 682; x_wconf 76' lang='grc' dir='ltr'>καὶ</span> <span class='ocrx_word' id='word_1_34' title='bbox 3567 628 3636 692; x_wconf 83' lang='grc' dir='ltr'><strong>είς</strong></span> <span class='ocrx_word' id='word_1_35' title='bbox 3667 628 3787 680; x_wconf 74' lang='grc' dir='ltr'>τοῦτο</span> 
     </span>
    </p>
   </div>
   <div class='ocr_carea' id='block_1_7' title="bbox 575 725 2151 799">
    <p class='ocr_par' dir='ltr' id='par_1_7' title="bbox 575 726 2151 799">
     <span class='ocr_line' id='line_1_7' title="bbox 575 726 2151 799; baseline -0.005 -12"><span class='ocrx_word' id='word_1_36' title='bbox 575 733 735 789; x_wconf 82' lang='lat' dir='ltr'><strong>bilior</strong></span> <span class='ocrx_word' id='word_1_37' title='bbox 761 739 838 786; x_wconf 78' lang='lat' dir='ltr'><strong>est</strong></span> <span class='ocrx_word' id='word_1_38' title='bbox 882 728 1026 784; x_wconf 83' lang='lat' dir='ltr'><strong>omni</strong></span> <span class='ocrx_word' id='word_1_39' title='bbox 1064 726 1244 799; x_wconf 80' lang='lat' dir='ltr'><strong>gladio</strong></span> <span class='ocrx_word' id='word_1_40' title='bbox 1292 727 1534 797; x_wconf 73' lang='lat' dir='ltr'><strong>ancipiti,</strong></span> <span class='ocrx_word' id='word_1_41' title='bbox 1571 735 1623 781; x_wconf 89' lang='lat' dir='ltr'><strong>et</strong></span> <span class='ocrx_word' id='word_1_42' title='bbox 1654 726 1952 797; x_wconf 71' lang='lat' dir='ltr'><strong><em>pertingens</em></strong></span> <span class='ocrx_word' id='word_1_43' title='bbox 1997 742 2151 797; x_wconf 73' lang='lat' dir='ltr'><strong>usque</strong></span> 
     </span>
    </p>
   </div>
   <div class='ocr_carea' id='block_1_8' title="bbox 2255 725 3010 799">
    <p class='ocr_par' dir='ltr' id='par_1_8' title="bbox 2269 725 3010 795">
     <span class='ocr_line' id='line_1_8' title="bbox 2269 725 3010 795; baseline -0.001 -18"><span class='ocrx_word' id='word_1_44' title='bbox 2269 727 2446 779; x_wconf 82' lang='grc' dir='ltr'>είπεῖν</span> <span class='ocrx_word' id='word_1_45' title='bbox 2470 725 2572 778; x_wconf 73' lang='grc' dir='ltr'>οὐκ</span> <span class='ocrx_word' id='word_1_46' title='bbox 2608 725 3010 795; x_wconf 83' lang='grc' dir='ltr'>ἀποκνήσομεν.</span> 
     </span>
    </p>
   </div>
   <div class='ocr_carea' id='block_1_9' title="bbox 575 800 3787 890">
    <p class='ocr_par' dir='ltr' id='par_1_9' title="bbox 575 800 3787 890">
     <span class='ocr_line' id='line_1_9' title="bbox 575 800 3787 890; baseline -0.004 -11"><span class='ocrx_word' id='word_1_47' title='bbox 575 825 644 879; x_wconf 73' lang='lat' dir='ltr'><strong>ad</strong></span> <span class='ocrx_word' id='word_1_48' title='bbox 681 822 964 878; x_wconf 69' lang='lat' dir='ltr'><strong>divisiones</strong></span> <span class='ocrx_word' id='word_1_49' title='bbox 1013 820 1209 875; x_wconf 78' lang='lat' dir='ltr'><strong>anima:</strong></span> <span class='ocrx_word' id='word_1_50' title='bbox 1237 828 1289 875; x_wconf 85' lang='lat' dir='ltr'><strong>et</strong></span> <span class='ocrx_word' id='word_1_51' title='bbox 1330 819 1576 888; x_wconf 75' lang='lat' dir='ltr'><strong>spiritus,</strong></span> <span class='ocrx_word' id='word_1_52' title='bbox 1621 832 1932 890; x_wconf 82' lang='lat' dir='ltr'><strong>compagum</strong></span> <span class='ocrx_word' id='word_1_53' title='bbox 1964 833 2166 889; x_wconf 85' lang='lat' dir='ltr'><strong>quoque</strong></span> <span class='ocrx_word' id='word_1_54' title='bbox 2205 832 2269 872; x_wconf 82' lang='lat' dir='ltr'><strong>ac</strong></span> <span class='ocrx_word' id='word_1_55' title='bbox 2300 814 2654 871; x_wconf 76' lang='lat' dir='ltr'><strong>medullarum</strong></span> <span class='ocrx_word' id='word_1_56' title='bbox 2680 817 2721 881; x_wconf 86' lang='grc'>¹,</span> <span class='ocrx_word' id='word_1_57' title='bbox 2751 822 2812 870; x_wconf 96' lang='grc' dir='ltr'><strong>ιιι</strong></span> <span class='ocrx_word' id='word_1_58' title='bbox 2841 815 3130 887; x_wconf 77' lang='lat' dir='ltr'><strong>Scriptura</strong></span> <span class='ocrx_word' id='word_1_59' title='bbox 3175 814 3441 886; x_wconf 79' lang='lat' dir='ltr'><strong>loquitur,</strong></span> <span class='ocrx_word' id='word_1_60' title='bbox 3487 800 3609 869; x_wconf 74' lang='lat' dir='ltr'><strong>ideo</strong></span> <span class='ocrx_word' id='word_1_61' title='bbox 3658 827 3787 885; x_wconf 75' lang='lat' dir='ltr'><strong>pauet</strong></span> 
     </span>
    </p>
   </div>
   <div class='ocr_carea' id='block_1_10' title="bbox 573 911 1572 984">
    <p class='ocr_par' dir='ltr' id='par_1_10' title="bbox 573 911 1572 984">
     <span class='ocr_line' id='line_1_10' title="bbox 573 911 1572 984; baseline -0.008 -11"><span class='ocrx_word' id='word_1_62' title='bbox 573 918 644 973; x_wconf 92' lang='lat' dir='ltr'><strong>de</strong></span> <span class='ocrx_word' id='word_1_63' title='bbox 674 931 737 972; x_wconf 88' lang='lat' dir='ltr'><strong>ea</strong></span> <span class='ocrx_word' id='word_1_64' title='bbox 764 929 821 970; x_wconf 87' lang='lat' dir='ltr'><strong>re</strong></span> <span class='ocrx_word' id='word_1_65' title='bbox 843 914 1028 969; x_wconf 88' lang='lat' dir='ltr'><strong>dicere</strong></span> <span class='ocrx_word' id='word_1_66' title='bbox 1056 927 1166 967; x_wconf 88' lang='lat' dir='ltr'><strong>non</strong></span> <span class='ocrx_word' id='word_1_67' title='bbox 1198 911 1572 984; x_wconf 75' lang='lat' dir='ltr'><strong>gravabimur.</strong></span> 
     </span>
    </p>
   </div>
   <div class='ocr_carea' id='block_1_11' title="bbox 645 998 2160 1080">
    <p class='ocr_par' dir='ltr' id='par_1_11' title="bbox 645 998 2160 1080">
     <span class='ocr_line' id='line_1_11' title="bbox 645 998 2160 1080; baseline -0.007 -16"><span class='ocrx_word' id='word_1_68' title='bbox 645 1006 783 1064; x_wconf 80' lang='lat' dir='ltr'><strong>XIV.</strong></span> <span class='ocrx_word' id='word_1_69' title='bbox 826 1005 906 1062; x_wconf 79' lang='lat' dir='ltr'><strong>Ac</strong></span> <span class='ocrx_word' id='word_1_70' title='bbox 943 1005 1177 1076; x_wconf 89' lang='lat' dir='ltr'><strong>primum</strong></span> <span class='ocrx_word' id='word_1_71' title='bbox 1241 1003 1375 1080; x_wconf 82' lang='lat' dir='ltr'><strong>illud</strong></span> <span class='ocrx_word' id='word_1_72' title='bbox 1425 1000 1815 1073; x_wconf 86' lang='lat' dir='ltr'><strong>opponendum</strong></span> <span class='ocrx_word' id='word_1_73' title='bbox 1858 1008 1966 1066; x_wconf 90' lang='lat' dir='ltr'><strong>est,</strong></span> <span class='ocrx_word' id='word_1_74' title='bbox 2030 998 2078 1055; x_wconf 91' lang='lat' dir='ltr'><strong>si</strong></span> <span class='ocrx_word' id='word_1_75' title='bbox 2128 1013 2160 1054; x_wconf 90' lang='lat' dir='ltr'><strong>e</strong></span> 
     </span>
    </p>
   </div>
   <div class='ocr_carea' id='block_1_12' title="bbox 572 1087 2160 1164">
    <p class='ocr_par' dir='ltr' id='par_1_12' title="bbox 572 1087 2160 1164">
     <span class='ocr_line' id='line_1_12' title="bbox 572 1087 2160 1164; baseline -0.009 -9"><span class='ocrx_word' id='word_1_76' title='bbox 572 1098 719 1155; x_wconf 88' lang='lat' dir='ltr'><strong>malo</strong></span> <span class='ocrx_word' id='word_1_77' title='bbox 761 1098 940 1152; x_wconf 89' lang='lat' dir='ltr'><strong>bonus</strong></span> <span class='ocrx_word' id='word_1_78' title='bbox 993 1093 1106 1151; x_wconf 83' lang='lat' dir='ltr'><strong>ﬁeri</strong></span> <span class='ocrx_word' id='word_1_79' title='bbox 1145 1092 1404 1164; x_wconf 87' lang='lat' dir='ltr'><strong>potuerit,</strong></span> <span class='ocrx_word' id='word_1_80' title='bbox 1458 1099 1626 1145; x_wconf 86' lang='lat' dir='ltr'><strong>totam</strong></span> <span class='ocrx_word' id='word_1_81' title='bbox 1669 1090 1816 1145; x_wconf 89' lang='lat' dir='ltr'><strong>illam</strong></span> <span class='ocrx_word' id='word_1_82' title='bbox 1858 1087 2160 1159; x_wconf 87' lang='lat' dir='ltr'><strong>principio-</strong></span> 
     </span>
    </p>
   </div>
   <div class='ocr_carea' id='block_1_13' title="bbox 569 1179 2157 1246">
    <p class='ocr_par' dir='ltr' id='par_1_13' title="bbox 569 1179 2157 1246">
     <span class='ocr_line' id='line_1_13' title="bbox 569 1179 2157 1246; baseline -0.006 -1"><span class='ocrx_word' id='word_1_83' title='bbox 569 1205 692 1246; x_wconf 88' lang='lat' dir='ltr'><strong>rum</strong></span> <span class='ocrx_word' id='word_1_84' title='bbox 733 1189 1002 1243; x_wconf 89' lang='lat' dir='ltr'><strong>rationem</strong></span> <span class='ocrx_word' id='word_1_85' title='bbox 1039 1186 1229 1243; x_wconf 89' lang='lat' dir='ltr'><strong>everti.</strong></span> <span class='ocrx_word' id='word_1_86' title='bbox 1276 1183 1465 1240; x_wconf 85' lang='lat' dir='ltr'><strong>Potest</strong></span> <span class='ocrx_word' id='word_1_87' title='bbox 1510 1184 1656 1239; x_wconf 90' lang='lat' dir='ltr'><strong>enim</strong></span> <span class='ocrx_word' id='word_1_88' title='bbox 1705 1192 1760 1238; x_wconf 91' lang='lat' dir='ltr'><strong>et</strong></span> <span class='ocrx_word' id='word_1_89' title='bbox 1799 1182 1945 1237; x_wconf 88' lang='lat' dir='ltr'><strong>illius</strong></span> <span class='ocrx_word' id='word_1_90' title='bbox 1976 1179 2157 1245; x_wconf 86' lang='lat' dir='ltr'><strong>Pater,</strong></span> 
     </span>
    </p>
   </div>
   <div class='ocr_carea' id='block_1_14' title="bbox 572 1273 2161 1351">
    <p class='ocr_par' dir='ltr' id='par_1_14' title="bbox 572 1273 2161 1351">
     <span class='ocr_line' id='line_1_14' title="bbox 572 1273 2161 1351; baseline -0.007 -13"><span class='ocrx_word' id='word_1_91' title='bbox 572 1284 619 1338; x_wconf 88' lang='lat' dir='ltr'><strong>si</strong></span> <span class='ocrx_word' id='word_1_92' title='bbox 648 1283 825 1336; x_wconf 90' lang='lat' dir='ltr'><strong>malus</strong></span> <span class='ocrx_word' id='word_1_93' title='bbox 865 1292 950 1338; x_wconf 89' lang='lat' dir='ltr'><strong>est</strong></span> <span class='ocrx_word' id='word_1_94' title='bbox 979 1279 1150 1351; x_wconf 87' lang='lat' dir='ltr'><strong>(quod</strong></span> <span class='ocrx_word' id='word_1_95' title='bbox 1193 1279 1339 1334; x_wconf 84' lang='lat' dir='ltr'><strong>absit</strong></span> <span class='ocrx_word' id='word_1_96' title='bbox 1368 1285 1428 1332; x_wconf 91' lang='lat' dir='ltr'><strong>ut</strong></span> <span class='ocrx_word' id='word_1_97' title='bbox 1473 1291 1713 1347; x_wconf 86' lang='lat' dir='ltr'><strong>unquam</strong></span> <span class='ocrx_word' id='word_1_98' title='bbox 1744 1274 2031 1330; x_wconf 87' lang='lat' dir='ltr'><strong>dicamus:</strong></span> <span class='ocrx_word' id='word_1_99' title='bbox 2063 1273 2161 1328; x_wconf 89' lang='lat' dir='ltr'><strong>bo-</strong></span> 
     </span>
    </p>
   </div>
   <div class='ocr_carea' id='block_1_15' title="bbox 573 1364 2158 1443">
    <p class='ocr_par' dir='ltr' id='par_1_15' title="bbox 573 1364 2158 1443">
     <span class='ocr_line' id='line_1_15' title="bbox 573 1364 2158 1443; baseline -0.007 -13"><span class='ocrx_word' id='word_1_100' title='bbox 573 1391 680 1432; x_wconf 89' lang='lat' dir='ltr'><strong>nus</strong></span> <span class='ocrx_word' id='word_1_101' title='bbox 708 1375 853 1429; x_wconf 88' lang='lat' dir='ltr'><strong>enim</strong></span> <span class='ocrx_word' id='word_1_102' title='bbox 878 1371 1007 1443; x_wconf 90' lang='lat' dir='ltr'><strong>est),</strong></span> <span class='ocrx_word' id='word_1_103' title='bbox 1038 1377 1382 1426; x_wconf 88' lang='lat' dir='ltr'><strong>commutare</strong></span> <span class='ocrx_word' id='word_1_104' title='bbox 1400 1368 1664 1434; x_wconf 87' lang='lat' dir='ltr'><strong>animum,</strong></span> <span class='ocrx_word' id='word_1_105' title='bbox 1695 1364 2158 1438; x_wconf 87' lang='lat' dir='ltr'><strong>quemadmodum</strong></span> 
     </span>
    </p>
   </div>
   <div class='ocr_carea' id='block_1_16' title="bbox 567 1436 2151 1541">
    <p class='ocr_par' dir='ltr' id='par_1_16' title="bbox 567 1436 2151 1541">
     <span class='ocr_line' id='line_1_16' title="bbox 567 1436 2151 1541; baseline -0.009 -16"><span class='ocrx_word' id='word_1_106' title='bbox 567 1470 693 1541; x_wconf 85' lang='lat' dir='ltr'><strong>ejus</strong></span> <span class='ocrx_word' id='word_1_107' title='bbox 738 1474 823 1522; x_wconf 90' lang='lat' dir='ltr'><strong>est</strong></span> <span class='ocrx_word' id='word_1_108' title='bbox 872 1436 1198 1519; x_wconf 82' lang='lat' dir='ltr'><strong>immutatus</strong></span> <span class='ocrx_word' id='word_1_109' title='bbox 1238 1461 1434 1517; x_wconf 88' lang='lat' dir='ltr'><strong>Filius.</strong></span> <span class='ocrx_word' id='word_1_110' title='bbox 1488 1459 1695 1515; x_wconf 88' lang='lat' dir='ltr'><strong>Deinde</strong></span> <span class='ocrx_word' id='word_1_111' title='bbox 1712 1436 1773 1516; x_wconf 25' lang='lat' dir='ltr'><strong>isi</strong></span> <span class='ocrx_word' id='word_1_112' title='bbox 1822 1467 1883 1513; x_wconf 92' lang='lat' dir='ltr'><strong>ut</strong></span> <span class='ocrx_word' id='word_1_113' title='bbox 1912 1464 2151 1513; x_wconf 84' lang='lat' dir='ltr'><strong>servaret</strong></span> 
     </span>
    </p>
   </div>
   <div class='ocr_carea' id='block_1_17' title="bbox 2255 1436 3793 1541">
    <p class='ocr_par' dir='ltr' id='par_1_17' title="bbox 2266 1436 3793 1517">
     <span class='ocr_line' id='line_1_17' title="bbox 2266 1436 3793 1517; baseline -0.003 -19"><span class='ocrx_word' id='word_1_114' title='bbox 2266 1443 2689 1517; x_wconf 72' lang='grc' dir='ltr'>μεταϐέϐληται.</span> <span class='ocrx_word' id='word_1_115' title='bbox 2740 1442 2814 1495; x_wconf 84' lang='grc' dir='ltr'><strong>Τὸ</strong></span> <span class='ocrx_word' id='word_1_116' title='bbox 2843 1441 2900 1495; x_wconf 84' lang='grc' dir='ltr'>δὲ</span> <span class='ocrx_word' id='word_1_117' title='bbox 2932 1442 3141 1514; x_wconf 74' lang='grc' dir='ltr'>ἕτερον,</span> <span class='ocrx_word' id='word_1_118' title='bbox 3175 1443 3223 1494; x_wconf 87' lang='grc' dir='ltr'><strong>εί</strong></span> <span class='ocrx_word' id='word_1_119' title='bbox 3255 1440 3392 1504; x_wconf 82' lang='grc' dir='ltr'>ὅλως</span> <span class='ocrx_word' id='word_1_120' title='bbox 3431 1436 3588 1512; x_wconf 79' lang='grc' dir='ltr'>ἦλθεν</span> <span class='ocrx_word' id='word_1_121' title='bbox 3611 1443 3637 1494; x_wconf 90' lang='lat'><strong>6</strong></span> <span class='ocrx_word' id='word_1_122' title='bbox 3663 1441 3793 1494; x_wconf 76' lang='grc' dir='ltr'>Μονο-</span> 
     </span>
    </p>
   </div>
   <div class='ocr_carea' id='block_1_18' title="bbox 570 1531 2151 1628">
    <p class='ocr_par' dir='ltr' id='par_1_18' title="bbox 570 1531 2151 1628">
     <span class='ocr_line' id='line_1_18' title="bbox 570 1531 2151 1628; baseline -0.011 -11"><span class='ocrx_word' id='word_1_123' title='bbox 570 1531 858 1617; x_wconf 42' lang='lat' dir='ltr'><strong>h&#39;ominum</strong></span> <span class='ocrx_word' id='word_1_124' title='bbox 909 1571 1086 1628; x_wconf 81' lang='lat' dir='ltr'><strong>genus</strong></span> <span class='ocrx_word' id='word_1_125' title='bbox 1126 1548 1455 1626; x_wconf 39' lang='lat' dir='ltr'><strong>Unigenit’us</strong></span> <span class='ocrx_word' id='word_1_126' title='bbox 1489 1551 1583 1607; x_wconf 89' lang='lat' dir='ltr'><strong>ille</strong></span> <span class='ocrx_word' id='word_1_127' title='bbox 1627 1548 1937 1612; x_wconf 84' lang='lat' dir='ltr'><strong>descendit,</strong></span> <span class='ocrx_word' id='word_1_128' title='bbox 1990 1555 2048 1603; x_wconf 91' lang='lat' dir='ltr'><strong>ct</strong></span> <span class='ocrx_word' id='word_1_129' title='bbox 2095 1554 2151 1601; x_wconf 88' lang='lat' dir='ltr'><strong>ut</strong></span> 
     </span>
    </p>
   </div>
   <div class='ocr_carea' id='block_1_19' title="bbox 2255 1531 3792 1628">
    <p class='ocr_par' dir='ltr' id='par_1_19' title="bbox 2261 1531 3792 1607">
     <span class='ocr_line' id='line_1_19' title="bbox 2261 1531 3792 1607; baseline -0.002 -19"><span class='ocrx_word' id='word_1_130' title='bbox 2261 1534 2428 1607; x_wconf 79' lang='grc' dir='ltr'>γενὴς</span> <span class='ocrx_word' id='word_1_131' title='bbox 2461 1532 2785 1606; x_wconf 78' lang='grc' dir='ltr'><strong>ἀνθρώπους</strong></span> <span class='ocrx_word' id='word_1_132' title='bbox 2820 1531 3013 1595; x_wconf 84' lang='grc' dir='ltr'>σῶσαι,</span> <span class='ocrx_word' id='word_1_133' title='bbox 3049 1534 3144 1587; x_wconf 79' lang='grc' dir='ltr'>καὶ</span> <span class='ocrx_word' id='word_1_134' title='bbox 3180 1532 3385 1605; x_wconf 75' lang='grc' dir='ltr'>λῃστὴν</span> <span class='ocrx_word' id='word_1_135' title='bbox 3423 1534 3707 1601; x_wconf 72' lang='grc' dir='ltr'>εἰσαγαγεῖν</span> <span class='ocrx_word' id='word_1_136' title='bbox 3738 1534 3792 1594; x_wconf 79' lang='grc' dir='ltr'><strong>εἰς</strong></span> 
     </span>
    </p>
   </div>
   <div class='ocr_carea' id='block_1_20' title="bbox 571 1624 2151 1720">
    <p class='ocr_par' dir='ltr' id='par_1_20' title="bbox 571 1641 2151 1720">
     <span class='ocr_line' id='line_1_20' title="bbox 571 1641 2151 1720; baseline -0.009 -12"><span class='ocrx_word' id='word_1_137' title='bbox 571 1654 842 1709; x_wconf 85' lang='lat' dir='ltr'><strong>latronem</strong></span> <span class='ocrx_word' id='word_1_138' title='bbox 872 1650 929 1704; x_wconf 93' lang='lat' dir='ltr'><strong>in</strong></span> <span class='ocrx_word' id='word_1_139' title='bbox 958 1647 1271 1720; x_wconf 88' lang='lat' dir='ltr'><strong>paradisum</strong></span> <span class='ocrx_word' id='word_1_140' title='bbox 1293 1645 1691 1709; x_wconf 86' lang='lat' dir='ltr'><strong>introduceret,</strong></span> <span class='ocrx_word' id='word_1_141' title='bbox 1716 1657 1781 1698; x_wconf 90' lang='lat' dir='ltr'><strong>ac</strong></span> <span class='ocrx_word' id='word_1_142' title='bbox 1802 1641 2151 1713; x_wconf 87' lang='lat' dir='ltr'><strong>publicanum</strong></span> 
     </span>
    </p>
   </div>
   <div class='ocr_carea' id='block_1_21' title="bbox 2255 1624 3792 1720">
    <p class='ocr_par' dir='ltr' id='par_1_21' title="bbox 2265 1624 3792 1697">
     <span class='ocr_line' id='line_1_21' title="bbox 2265 1624 3792 1697; baseline -0.003 -17"><span class='ocrx_word' id='word_1_143' title='bbox 2265 1626 2612 1697; x_wconf 79' lang='grc' dir='ltr'><strong>παράδεισον,</strong></span> <span class='ocrx_word' id='word_1_144' title='bbox 2653 1627 2747 1681; x_wconf 70' lang='grc' dir='ltr'>καὶ</span> <span class='ocrx_word' id='word_1_145' title='bbox 2793 1626 3034 1697; x_wconf 76' lang='grc' dir='ltr'><strong>τελώνην</strong></span> <span class='ocrx_word' id='word_1_146' title='bbox 3064 1625 3292 1681; x_wconf 86' lang='grc' dir='ltr'>καλέσαι</span> <span class='ocrx_word' id='word_1_147' title='bbox 3335 1624 3446 1679; x_wconf 75' lang='grc' dir='ltr'>ἀπὸ</span> <span class='ocrx_word' id='word_1_148' title='bbox 3475 1624 3704 1679; x_wconf 85' lang='grc' dir='ltr'>τελωνίου</span> <span class='ocrx_word' id='word_1_149' title='bbox 3739 1626 3792 1687; x_wconf 79' lang='grc' dir='ltr'><strong>είς</strong></span> 
     </span>
    </p>
   </div>
   <div class='ocr_carea' id='block_1_22' title="bbox 574 1715 2151 1808">
    <p class='ocr_par' dir='ltr' id='par_1_22' title="bbox 574 1731 2151 1808">
     <span class='ocr_line' id='line_1_22' title="bbox 574 1731 2151 1808; baseline -0.01 -8"><span class='ocrx_word' id='word_1_150' title='bbox 574 1760 605 1800; x_wconf 88' lang='lat' dir='ltr'><strong>e</strong></span> <span class='ocrx_word' id='word_1_151' title='bbox 632 1742 836 1799; x_wconf 91' lang='lat' dir='ltr'><strong>telonio</strong></span> <span class='ocrx_word' id='word_1_152' title='bbox 862 1745 1084 1795; x_wconf 89' lang='lat' dir='ltr'><strong>vocaret</strong></span> <span class='ocrx_word' id='word_1_153' title='bbox 1109 1737 1176 1792; x_wconf 90' lang='lat' dir='ltr'><strong>ad</strong></span> <span class='ocrx_word' id='word_1_154' title='bbox 1205 1736 1609 1808; x_wconf 81' lang='lat' dir='ltr'><strong>paenitentiam,</strong></span> <span class='ocrx_word' id='word_1_155' title='bbox 1650 1749 1716 1790; x_wconf 87' lang='lat' dir='ltr'><strong>ac</strong></span> <span class='ocrx_word' id='word_1_156' title='bbox 1755 1733 2059 1790; x_wconf 89' lang='lat' dir='ltr'><strong>meretricis</strong></span> <span class='ocrx_word' id='word_1_157' title='bbox 2098 1731 2151 1785; x_wconf 90' lang='lat' dir='ltr'><strong>il-</strong></span> 
     </span>
    </p>
   </div>
   <div class='ocr_carea' id='block_1_23' title="bbox 2255 1715 3792 1808">
    <p class='ocr_par' dir='ltr' id='par_1_23' title="bbox 2265 1715 3792 1791">
     <span class='ocr_line' id='line_1_23' title="bbox 2265 1715 3792 1791; baseline 0 -19"><span class='ocrx_word' id='word_1_158' title='bbox 2265 1719 2576 1790; x_wconf 84' lang='grc' dir='ltr'>μετάνοιαν,</span> <span class='ocrx_word' id='word_1_159' title='bbox 2616 1720 2712 1773; x_wconf 75' lang='grc' dir='ltr'>καὶ</span> <span class='ocrx_word' id='word_1_160' title='bbox 2750 1720 2956 1791; x_wconf 82' lang='grc' dir='ltr'>πόρνην</span> <span class='ocrx_word' id='word_1_161' title='bbox 2984 1718 3312 1787; x_wconf 85' lang='grc' dir='ltr'>ἀλείφουσαν</span> <span class='ocrx_word' id='word_1_162' title='bbox 3342 1716 3509 1772; x_wconf 80' lang='grc' dir='ltr'>αὐτοῦ</span> <span class='ocrx_word' id='word_1_163' title='bbox 3536 1717 3649 1781; x_wconf 81' lang='grc' dir='ltr'>τοὺς</span> <span class='ocrx_word' id='word_1_164' title='bbox 3672 1715 3792 1777; x_wconf 72' lang='grc' dir='ltr'>πόδας</span> 
     </span>
    </p>
   </div>
   <div class='ocr_carea' id='block_1_24' title="bbox 573 1808 2151 1906">
    <p class='ocr_par' dir='ltr' id='par_1_24' title="bbox 573 1825 2151 1906">
     <span class='ocr_line' id='line_1_24' title="bbox 573 1825 2151 1906; baseline -0.008 -16"><span class='ocrx_word' id='word_1_165' title='bbox 573 1835 683 1890; x_wconf 88' lang='lat' dir='ltr'><strong>lius</strong></span> <span class='ocrx_word' id='word_1_166' title='bbox 710 1846 828 1906; x_wconf 66' lang='lat' dir='ltr'><strong>quae</strong></span> <span class='ocrx_word' id='word_1_167' title='bbox 860 1828 1025 1901; x_wconf 89' lang='lat' dir='ltr'><strong>pedes</strong></span> <span class='ocrx_word' id='word_1_168' title='bbox 1057 1843 1190 1885; x_wconf 89' lang='lat' dir='ltr'><strong>suos</strong></span> <span class='ocrx_word' id='word_1_169' title='bbox 1211 1827 1390 1891; x_wconf 87' lang='lat' dir='ltr'><strong>unxit,</strong></span> <span class='ocrx_word' id='word_1_170' title='bbox 1415 1833 1638 1882; x_wconf 86' lang='lat' dir='ltr'><strong>sanaret</strong></span> <span class='ocrx_word' id='word_1_171' title='bbox 1666 1825 1996 1895; x_wconf 88' lang='lat' dir='ltr'><strong>nequitiam;</strong></span> <span class='ocrx_word' id='word_1_172' title='bbox 2018 1836 2151 1893; x_wconf 64' lang='lat' dir='ltr'><strong>prat-</strong></span> 
     </span>
    </p>
   </div>
   <div class='ocr_carea' id='block_1_25' title="bbox 2255 1808 3792 1906">
    <p class='ocr_par' dir='ltr' id='par_1_25' title="bbox 2266 1808 3792 1883">
     <span class='ocr_line' id='line_1_25' title="bbox 2266 1808 3792 1883; baseline -0.004 -19"><span class='ocrx_word' id='word_1_173' title='bbox 2266 1809 2521 1866; x_wconf 77' lang='grc' dir='ltr'>ίᾶσασθαι</span> <span class='ocrx_word' id='word_1_174' title='bbox 2560 1811 2670 1866; x_wconf 82' lang='grc' dir='ltr'>ἀπὸ</span> <span class='ocrx_word' id='word_1_175' title='bbox 2709 1811 3010 1883; x_wconf 84' lang='grc' dir='ltr'>πονηρίας·</span> <span class='ocrx_word' id='word_1_176' title='bbox 3064 1811 3145 1865; x_wconf 74' lang='grc' dir='ltr'>ἔτι</span> <span class='ocrx_word' id='word_1_177' title='bbox 3183 1811 3241 1865; x_wconf 82' lang='grc' dir='ltr'>δὲ</span> <span class='ocrx_word' id='word_1_178' title='bbox 3274 1811 3371 1865; x_wconf 71' lang='grc' dir='ltr'>καὶ</span> <span class='ocrx_word' id='word_1_179' title='bbox 3403 1808 3582 1879; x_wconf 84' lang='grc' dir='ltr'>ἀγαθὰ</span> <span class='ocrx_word' id='word_1_180' title='bbox 3616 1809 3792 1881; x_wconf 75' lang='grc' dir='ltr'>πράττει</span> 
     </span>
    </p>
   </div>
   <div class='ocr_carea' id='block_1_26' title="bbox 572 1901 2151 1985">
    <p class='ocr_par' dir='ltr' id='par_1_26' title="bbox 572 1901 2151 1985">
     <span class='ocr_line' id='line_1_26' title="bbox 572 1901 2151 1985; baseline -0.008 -3"><span class='ocrx_word' id='word_1_181' title='bbox 572 1901 800 1984; x_wconf 47' lang='grc' dir='ltr'>πιθα-εἰ</span> <span class='ocrx_word' id='word_1_182' title='bbox 832 1921 1184 1979; x_wconf 87' lang='lat' dir='ltr'><strong>commodare</strong></span> <span class='ocrx_word' id='word_1_183' title='bbox 1219 1921 1477 1976; x_wconf 86' lang='lat' dir='ltr'><strong>omnibus</strong></span> <span class='ocrx_word' id='word_1_184' title='bbox 1514 1917 1700 1975; x_wconf 87' lang='lat' dir='ltr'><strong>studet</strong></span> <span class='ocrx_word' id='word_1_185' title='bbox 1736 1917 1880 1973; x_wconf 89' lang='lat' dir='ltr'><strong>idem</strong></span> <span class='ocrx_word' id='word_1_186' title='bbox 1916 1916 2028 1982; x_wconf 89' lang='lat' dir='ltr'><strong>ille,</strong></span> <span class='ocrx_word' id='word_1_187' title='bbox 2065 1915 2151 1985; x_wconf 87' lang='lat' dir='ltr'><strong>qui</strong></span> 
     </span>
    </p>
   </div>
   <div class='ocr_carea' id='block_1_27' title="bbox 2255 1901 3790 1985">
    <p class='ocr_par' dir='ltr' id='par_1_27' title="bbox 2261 1901 3790 1977">
     <span class='ocr_line' id='line_1_27' title="bbox 2261 1901 3790 1977; baseline -0.003 -18"><span class='ocrx_word' id='word_1_188' title='bbox 2261 1904 2415 1971; x_wconf 81' lang='grc' dir='ltr'>Θεὸς,</span> <span class='ocrx_word' id='word_1_189' title='bbox 2442 1904 2648 1975; x_wconf 74' lang='grc' dir='ltr'>ἀγαθὸς</span> <span class='ocrx_word' id='word_1_190' title='bbox 2683 1905 2941 1977; x_wconf 79' lang='grc' dir='ltr'>ὑπάρχει,</span> <span class='ocrx_word' id='word_1_191' title='bbox 2978 1905 3074 1959; x_wconf 85' lang='grc' dir='ltr'><strong>καί</strong></span> <span class='ocrx_word' id='word_1_192' title='bbox 3123 1904 3521 1975; x_wconf 77' lang='grc' dir='ltr'>εὖσπλαγχνος,</span> <span class='ocrx_word' id='word_1_193' title='bbox 3564 1903 3650 1958; x_wconf 78' lang='grc' dir='ltr'>καὶ</span> <span class='ocrx_word' id='word_1_194' title='bbox 3678 1901 3790 1971; x_wconf 61' lang='lat' dir='ltr'><strong>Elei,-</strong></span> 
     </span>
    </p>
   </div>
   <div class='ocr_carea' id='block_1_28' title="bbox 575 1993 2151 2079">
    <p class='ocr_par' dir='ltr' id='par_1_28' title="bbox 575 2007 2151 2079">
     <span class='ocr_line' id='line_1_28' title="bbox 575 2007 2151 2079; baseline -0.008 -5"><span class='ocrx_word' id='word_1_195' title='bbox 575 2020 754 2074; x_wconf 90' lang='lat' dir='ltr'><strong>bonus</strong></span> <span class='ocrx_word' id='word_1_196' title='bbox 784 2015 926 2071; x_wconf 87' lang='lat' dir='ltr'><strong>Deus</strong></span> <span class='ocrx_word' id='word_1_197' title='bbox 951 2021 1060 2079; x_wconf 88' lang='lat' dir='ltr'><strong>est,</strong></span> <span class='ocrx_word' id='word_1_198' title='bbox 1097 2027 1162 2068; x_wconf 89' lang='lat' dir='ltr'><strong>ac</strong></span> <span class='ocrx_word' id='word_1_199' title='bbox 1192 2012 1530 2077; x_wconf 86' lang='lat' dir='ltr'><strong>misericors,</strong></span> <span class='ocrx_word' id='word_1_200' title='bbox 1558 2018 1614 2067; x_wconf 92' lang='lat' dir='ltr'><strong>et</strong></span> <span class='ocrx_word' id='word_1_201' title='bbox 1638 2009 1911 2079; x_wconf 85' lang='lat' dir='ltr'><strong>benignus</strong></span> <span class='ocrx_word' id='word_1_202' title='bbox 1938 2026 1950 2063; x_wconf 91' lang='lat'><strong>:</strong></span> <span class='ocrx_word' id='word_1_203' title='bbox 1986 2007 2151 2062; x_wconf 83' lang='lat' dir='ltr'><strong>multo</strong></span> 
     </span>
    </p>
   </div>
   <div class='ocr_carea' id='block_1_29' title="bbox 2255 1993 3789 2079">
    <p class='ocr_par' dir='ltr' id='par_1_29' title="bbox 2265 1993 3789 2071">
     <span class='ocr_line' id='line_1_29' title="bbox 2265 1993 3789 2071; baseline -0.006 -18"><span class='ocrx_word' id='word_1_204' title='bbox 2265 2015 2384 2071; x_wconf 89' lang='grc' dir='ltr'><strong>μων</strong></span> <span class='ocrx_word' id='word_1_205' title='bbox 2404 2014 2419 2029; x_wconf 78' lang='grc' dir='ltr'><strong>ο</strong></span> <span class='ocrx_word' id='word_1_206' title='bbox 2453 1996 2635 2069; x_wconf 86' lang='grc' dir='ltr'>πολλῷ</span> <span class='ocrx_word' id='word_1_207' title='bbox 2686 1994 2781 2052; x_wconf 81' lang='grc' dir='ltr'>οὖν</span> <span class='ocrx_word' id='word_1_208' title='bbox 2833 1998 3033 2070; x_wconf 79' lang='grc' dir='ltr'>μᾶλλον</span> <span class='ocrx_word' id='word_1_209' title='bbox 3079 1996 3189 2052; x_wconf 66' lang='lat' dir='ltr'><strong>tau</strong></span> <span class='ocrx_word' id='word_1_210' title='bbox 3238 1998 3333 2051; x_wconf 75' lang='grc' dir='ltr'><strong>ἐπὶ</strong></span> <span class='ocrx_word' id='word_1_211' title='bbox 3368 1997 3464 2051; x_wconf 87' lang='grc' dir='ltr'>τὸν</span> <span class='ocrx_word' id='word_1_212' title='bbox 3513 1996 3635 2050; x_wconf 80' lang='grc' dir='ltr'>ἴδιον</span> <span class='ocrx_word' id='word_1_213' title='bbox 3674 1993 3789 2046; x_wconf 68' lang='grc' dir='ltr'>αὑτοῦ</span> 
     </span>
    </p>
   </div>
   <div class='ocr_carea' id='block_1_30' title="bbox 573 2085 2151 2180">
    <p class='ocr_par' dir='ltr' id='par_1_30' title="bbox 573 2096 2151 2180">
     <span class='ocr_line' id='line_1_30' title="bbox 573 2096 2151 2180; baseline -0.008 -17"><span class='ocrx_word' id='word_1_214' title='bbox 573 2107 751 2180; x_wconf 85' lang='lat' dir='ltr'><strong>magis</strong></span> <span class='ocrx_word' id='word_1_215' title='bbox 780 2120 908 2177; x_wconf 76' lang='lat' dir='ltr'><strong>erga</strong></span> <span class='ocrx_word' id='word_1_216' title='bbox 941 2110 1222 2176; x_wconf 90' lang='lat' dir='ltr'><strong>parentem</strong></span> <span class='ocrx_word' id='word_1_217' title='bbox 1264 2100 1577 2158; x_wconf 87' lang='lat' dir='ltr'><strong>adhibenda</strong></span> <span class='ocrx_word' id='word_1_218' title='bbox 1622 2097 2002 2157; x_wconf 88' lang='lat' dir='ltr'><strong>misericordia</strong></span> <span class='ocrx_word' id='word_1_219' title='bbox 2034 2096 2151 2164; x_wconf 79' lang='lat' dir='ltr'><strong>fuit,</strong></span> 
     </span>
    </p>
   </div>
   <div class='ocr_carea' id='block_1_31' title="bbox 2255 2085 3791 2180">
    <p class='ocr_par' dir='ltr' id='par_1_31' title="bbox 2264 2085 3791 2164">
     <span class='ocr_line' id='line_1_31' title="bbox 2264 2085 3791 2164; baseline -0.002 -21"><span class='ocrx_word' id='word_1_220' title='bbox 2264 2089 2486 2164; x_wconf 78' lang='grc' dir='ltr'>Πατέρα</span> <span class='ocrx_word' id='word_1_221' title='bbox 2519 2089 2614 2144; x_wconf 81' lang='grc' dir='ltr'><strong>τὸν</strong></span> <span class='ocrx_word' id='word_1_222' title='bbox 2643 2085 2826 2144; x_wconf 77' lang='grc' dir='ltr'>οἶκτον</span> <span class='ocrx_word' id='word_1_223' title='bbox 2848 2089 3161 2156; x_wconf 77' lang='grc' dir='ltr'>ἀναλαϐεῖν,</span> <span class='ocrx_word' id='word_1_224' title='bbox 3188 2089 3283 2143; x_wconf 78' lang='grc' dir='ltr'>καὶ</span> <span class='ocrx_word' id='word_1_225' title='bbox 3322 2088 3491 2143; x_wconf 81' lang='grc' dir='ltr'>αὐτὸν</span> <span class='ocrx_word' id='word_1_226' title='bbox 3517 2086 3707 2160; x_wconf 80' lang='grc' dir='ltr'>πρῶτον</span> <span class='ocrx_word' id='word_1_227' title='bbox 3732 2102 3791 2156; x_wconf 78' lang='grc' dir='ltr'>με·</span> 
     </span>
    </p>
   </div>
   <div class='ocr_carea' id='block_1_32' title="bbox 569 2179 2151 2270">
    <p class='ocr_par' dir='ltr' id='par_1_32' title="bbox 569 2179 2151 2270">
     <span class='ocr_line' id='line_1_32' title="bbox 569 2179 2151 2270; baseline -0.008 -14"><span class='ocrx_word' id='word_1_228' title='bbox 569 2209 630 2256; x_wconf 90' lang='grc' dir='ltr'><strong>ιιι</strong></span> <span class='ocrx_word' id='word_1_229' title='bbox 660 2179 805 2255; x_wconf 82' lang='grc' dir='ltr'>Ιιιιιιο</span> <span class='ocrx_word' id='word_1_230' title='bbox 829 2198 1066 2270; x_wconf 90' lang='lat' dir='ltr'><strong>primum</strong></span> <span class='ocrx_word' id='word_1_231' title='bbox 1090 2195 1335 2253; x_wconf 86' lang='lat' dir='ltr'><strong>omnium</strong></span> <span class='ocrx_word' id='word_1_232' title='bbox 1367 2202 1654 2251; x_wconf 77' lang='lat' dir='ltr'><strong>revocaret</strong></span> <span class='ocrx_word' id='word_1_233' title='bbox 1676 2193 1745 2247; x_wconf 90' lang='lat' dir='ltr'><strong>ad</strong></span> <span class='ocrx_word' id='word_1_234' title='bbox 1781 2192 2035 2258; x_wconf 89' lang='lat' dir='ltr'><strong>salutem,</strong></span> <span class='ocrx_word' id='word_1_235' title='bbox 2066 2202 2151 2244; x_wconf 87' lang='lat' dir='ltr'><strong>eo-</strong></span> 
     </span>
    </p>
   </div>
   <div class='ocr_carea' id='block_1_33' title="bbox 2255 2179 3791 2270">
    <p class='ocr_par' dir='ltr' id='par_1_33' title="bbox 2259 2179 3791 2254">
     <span class='ocr_line' id='line_1_33' title="bbox 2259 2179 3791 2254; baseline -0.004 -17"><span class='ocrx_word' id='word_1_236' title='bbox 2259 2184 2505 2239; x_wconf 86' lang='grc' dir='ltr'>ταθείναι</span> <span class='ocrx_word' id='word_1_237' title='bbox 2538 2186 2618 2247; x_wconf 82' lang='grc' dir='ltr'><strong>είς</strong></span> <span class='ocrx_word' id='word_1_238' title='bbox 2659 2183 2721 2237; x_wconf 82' lang='grc' dir='ltr'>τὸ</span> <span class='ocrx_word' id='word_1_239' title='bbox 2772 2182 3153 2253; x_wconf 84' lang='grc' dir='ltr'>σωτηριῶδες·</span> <span class='ocrx_word' id='word_1_240' title='bbox 3211 2183 3321 2247; x_wconf 81' lang='grc' dir='ltr'>ἵνα,</span> <span class='ocrx_word' id='word_1_241' title='bbox 3363 2182 3575 2254; x_wconf 84' lang='grc' dir='ltr'>πρῶτον</span> <span class='ocrx_word' id='word_1_242' title='bbox 3610 2179 3688 2234; x_wconf 74' lang='grc' dir='ltr'>τὸν</span> <span class='ocrx_word' id='word_1_243' title='bbox 3717 2179 3791 2231; x_wconf 73' lang='lat' dir='ltr'><strong>Il:-</strong></span> 
     </span>
    </p>
   </div>
   <div class='ocr_carea' id='block_1_34' title="bbox 568 2271 2151 2365">
    <p class='ocr_par' dir='ltr' id='par_1_34' title="bbox 568 2282 2151 2365">
     <span class='ocr_line' id='line_1_34' title="bbox 568 2282 2151 2365; baseline -0.007 -16"><span class='ocrx_word' id='word_1_244' title='bbox 568 2309 678 2365; x_wconf 87' lang='lat' dir='ltr'><strong>que</strong></span> <span class='ocrx_word' id='word_1_245' title='bbox 710 2307 819 2363; x_wconf 69' lang='lat' dir='ltr'><strong>prae</strong></span> <span class='ocrx_word' id='word_1_246' title='bbox 850 2291 1064 2346; x_wconf 67' lang='lat' dir='ltr'><strong>ueteris</strong></span> <span class='ocrx_word' id='word_1_247' title='bbox 1097 2288 1167 2343; x_wconf 89' lang='lat' dir='ltr'><strong>ad</strong></span> <span class='ocrx_word' id='word_1_248' title='bbox 1208 2288 1437 2344; x_wconf 86' lang='lat' dir='ltr'><strong>meliora</strong></span> <span class='ocrx_word' id='word_1_249' title='bbox 1472 2301 1743 2342; x_wconf 89' lang='lat' dir='ltr'><strong>converso</strong></span> <span class='ocrx_word' id='word_1_250' title='bbox 1778 2283 2034 2356; x_wconf 71' lang='lat' dir='ltr'><strong>perfectae</strong></span> <span class='ocrx_word' id='word_1_251' title='bbox 2057 2282 2151 2338; x_wconf 92' lang='lat' dir='ltr'><strong>bo-</strong></span> 
     </span>
    </p>
   </div>
   <div class='ocr_carea' id='block_1_35' title="bbox 2255 2271 3790 2365">
    <p class='ocr_par' dir='ltr' id='par_1_35' title="bbox 2258 2271 3790 2352">
     <span class='ocr_line' id='line_1_35' title="bbox 2258 2271 3790 2352; baseline -0.005 -24"><span class='ocrx_word' id='word_1_252' title='bbox 2258 2273 2396 2347; x_wconf 88' lang='grc' dir='ltr'>τέρα</span> <span class='ocrx_word' id='word_1_253' title='bbox 2444 2274 2613 2329; x_wconf 81' lang='grc' dir='ltr'>αὐτοῦ</span> <span class='ocrx_word' id='word_1_254' title='bbox 2669 2272 3010 2352; x_wconf 67' lang='grc' dir='ltr'>μεταβαλὼν,</span> <span class='ocrx_word' id='word_1_255' title='bbox 3058 2273 3281 2337; x_wconf 61' lang='grc' dir='ltr'>τελείως</span> <span class='ocrx_word' id='word_1_256' title='bbox 3314 2271 3606 2338; x_wconf 74' lang='grc' dir='ltr'>ἐνδείξεται</span> <span class='ocrx_word' id='word_1_257' title='bbox 3631 2272 3790 2341; x_wconf 83' lang='grc' dir='ltr'>τὴν</span> 
     </span>
    </p>
   </div>
   <div class='ocr_carea' id='block_1_36' title="bbox 2338 989 3788 1067">
    <p class='ocr_par' dir='ltr' id='par_1_36' title="bbox 2338 989 3788 1067">
     <span class='ocr_line' id='line_1_36' title="bbox 2338 989 3788 1067; baseline -0.003 -18"><span class='ocrx_word' id='word_1_258' title='bbox 2338 997 2438 1050; x_wconf 77' lang='lat' dir='ltr'><strong>IA&#39;.</strong></span> <span class='ocrx_word' id='word_1_259' title='bbox 2471 994 2695 1067; x_wconf 85' lang='grc' dir='ltr'>Πρῶτον</span> <span class='ocrx_word' id='word_1_260' title='bbox 2746 992 2848 1065; x_wconf 83' lang='grc' dir='ltr'>μὲν</span> <span class='ocrx_word' id='word_1_261' title='bbox 2882 992 2995 1064; x_wconf 82' lang='grc' dir='ltr'>γὰρ</span> <span class='ocrx_word' id='word_1_262' title='bbox 3032 992 3136 1055; x_wconf 84' lang='grc' dir='ltr'>ὃτι,</span> <span class='ocrx_word' id='word_1_263' title='bbox 3169 992 3219 1045; x_wconf 83' lang='grc' dir='ltr'><strong>εί</strong></span> <span class='ocrx_word' id='word_1_264' title='bbox 3263 989 3469 1059; x_wconf 77' lang='grc' dir='ltr'>ἀγαθὸς</span> <span class='ocrx_word' id='word_1_265' title='bbox 3503 989 3564 1043; x_wconf 80' lang='grc' dir='ltr'>ἐκ</span> <span class='ocrx_word' id='word_1_266' title='bbox 3603 990 3788 1061; x_wconf 72' lang='grc' dir='ltr'>πονηροῦ</span> 
     </span>
    </p>
   </div>
   <div class='ocr_carea' id='block_1_37' title="bbox 2266 1079 3785 1156">
    <p class='ocr_par' dir='ltr' id='par_1_37' title="bbox 2266 1079 3785 1156">
     <span class='ocr_line' id='line_1_37' title="bbox 2266 1079 3785 1156; baseline -0.005 -17"><span class='ocrx_word' id='word_1_267' title='bbox 2266 1084 2584 1156; x_wconf 86' lang='grc' dir='ltr'>γεγένηται.</span> <span class='ocrx_word' id='word_1_268' title='bbox 2632 1082 2818 1138; x_wconf 77' lang='grc' dir='ltr'>οὐκέτι</span> <span class='ocrx_word' id='word_1_269' title='bbox 2863 1082 2972 1135; x_wconf 85' lang='grc' dir='ltr'>τῶν</span> <span class='ocrx_word' id='word_1_270' title='bbox 3009 1081 3194 1153; x_wconf 83' lang='grc' dir='ltr'>ἀρχῶν</span> <span class='ocrx_word' id='word_1_271' title='bbox 3230 1079 3552 1151; x_wconf 79' lang='grc' dir='ltr'><strong>σταθήσεται</strong></span> <span class='ocrx_word' id='word_1_272' title='bbox 3594 1081 3621 1133; x_wconf 86' lang='lat'><strong>6</strong></span> <span class='ocrx_word' id='word_1_273' title='bbox 3654 1080 3785 1148; x_wconf 75' lang='grc' dir='ltr'>λόγος.</span> 
     </span>
    </p>
   </div>
   <div class='ocr_carea' id='block_1_38' title="bbox 2266 1168 3790 1244">
    <p class='ocr_par' dir='ltr' id='par_1_38' title="bbox 2266 1168 3790 1244">
     <span class='ocr_line' id='line_1_38' title="bbox 2266 1168 3790 1244; baseline -0.005 -16"><span class='ocrx_word' id='word_1_274' title='bbox 2266 1175 2501 1229; x_wconf 82' lang='grc' dir='ltr'>Δύναται</span> <span class='ocrx_word' id='word_1_275' title='bbox 2537 1171 2647 1244; x_wconf 77' lang='grc' dir='ltr'><strong>γὰρ</strong></span> <span class='ocrx_word' id='word_1_276' title='bbox 2685 1172 2781 1225; x_wconf 78' lang='grc' dir='ltr'>καὶ</span> <span class='ocrx_word' id='word_1_277' title='bbox 2816 1172 2846 1223; x_wconf 88' lang='lat'><strong>6</strong></span> <span class='ocrx_word' id='word_1_278' title='bbox 2874 1169 3041 1224; x_wconf 82' lang='grc' dir='ltr'>αὐτοῦ</span> <span class='ocrx_word' id='word_1_279' title='bbox 3075 1168 3285 1241; x_wconf 82' lang='grc' dir='ltr'>Πατὴρ,</span> <span class='ocrx_word' id='word_1_280' title='bbox 3319 1170 3368 1222; x_wconf 89' lang='grc' dir='ltr'><strong>εί</strong></span> <span class='ocrx_word' id='word_1_281' title='bbox 3399 1168 3625 1239; x_wconf 83' lang='grc' dir='ltr'>πονηρὸς</span> <span class='ocrx_word' id='word_1_282' title='bbox 3657 1170 3790 1239; x_wconf 72' lang='grc' dir='ltr'>ὑπάρ-</span> 
     </span>
    </p>
   </div>
   <div class='ocr_carea' id='block_1_39' title="bbox 2266 1258 3791 1338">
    <p class='ocr_par' dir='ltr' id='par_1_39' title="bbox 2266 1258 3791 1338">
     <span class='ocr_line' id='line_1_39' title="bbox 2266 1258 3791 1338; baseline -0.007 -19"><span class='ocrx_word' id='word_1_283' title='bbox 2266 1282 2351 1338; x_wconf 86' lang='grc' dir='ltr'><strong>χει</strong></span> <span class='ocrx_word' id='word_1_284' title='bbox 2388 1266 2545 1334; x_wconf 83' lang='grc' dir='ltr'>(ὃπερ</span> <span class='ocrx_word' id='word_1_285' title='bbox 2579 1262 2654 1334; x_wconf 83' lang='grc' dir='ltr'>μὴ</span> <span class='ocrx_word' id='word_1_286' title='bbox 2691 1261 2924 1331; x_wconf 89' lang='grc' dir='ltr'>γένοιτο,</span> <span class='ocrx_word' id='word_1_287' title='bbox 2977 1259 3113 1314; x_wconf 85' lang='grc' dir='ltr'>ἀλλὰ</span> <span class='ocrx_word' id='word_1_288' title='bbox 3144 1259 3346 1329; x_wconf 85' lang='grc' dir='ltr'>ἀγαθός</span> <span class='ocrx_word' id='word_1_289' title='bbox 3390 1260 3549 1329; x_wconf 87' lang='grc' dir='ltr'>ἑστι),</span> <span class='ocrx_word' id='word_1_290' title='bbox 3582 1258 3791 1329; x_wconf 74' lang='grc' dir='ltr'>μεταϐλη-</span> 
     </span>
    </p>
   </div>
   <div class='ocr_carea' id='block_1_40' title="bbox 2268 1348 3790 1426">
    <p class='ocr_par' dir='ltr' id='par_1_40' title="bbox 2268 1348 3790 1426">
     <span class='ocr_line' id='line_1_40' title="bbox 2268 1348 3790 1426; baseline -0.004 -18"><span class='ocrx_word' id='word_1_291' title='bbox 2268 1355 2428 1425; x_wconf 82' lang='grc' dir='ltr'>θῆναι</span> <span class='ocrx_word' id='word_1_292' title='bbox 2451 1353 2547 1426; x_wconf 83' lang='grc' dir='ltr'>τὴν</span> <span class='ocrx_word' id='word_1_293' title='bbox 2576 1351 2825 1424; x_wconf 84' lang='grc' dir='ltr'>γνώμην,</span> <span class='ocrx_word' id='word_1_294' title='bbox 2857 1349 3047 1424; x_wconf 83' lang='grc' dir='ltr'>ὥσπερ</span> <span class='ocrx_word' id='word_1_295' title='bbox 3076 1354 3105 1406; x_wconf 90' lang='lat'><strong>6</strong></span> <span class='ocrx_word' id='word_1_296' title='bbox 3135 1352 3228 1405; x_wconf 77' lang='grc' dir='ltr'><strong>ὑπ’</strong></span> <span class='ocrx_word' id='word_1_297' title='bbox 3259 1348 3427 1405; x_wconf 78' lang='grc' dir='ltr'>αὐτοῦ</span> <span class='ocrx_word' id='word_1_298' title='bbox 3453 1351 3790 1421; x_wconf 77' lang='grc' dir='ltr'>γεγεννημένος</span> 
     </span>
    </p>
   </div>
   <div class='ocr_carea' id='block_1_41' title="bbox 568 2375 2160 2455">
    <p class='ocr_par' dir='ltr' id='par_1_41' title="bbox 568 2375 2160 2455">
     <span class='ocr_line' id='line_1_41' title="bbox 568 2375 2160 2455; baseline -0.007 -13"><span class='ocrx_word' id='word_1_299' title='bbox 568 2388 761 2442; x_wconf 87' lang='lat' dir='ltr'><strong>nitatis</strong></span> <span class='ocrx_word' id='word_1_300' title='bbox 789 2384 1067 2455; x_wconf 88' lang='lat' dir='ltr'><strong>specimen</strong></span> <span class='ocrx_word' id='word_1_301' title='bbox 1096 2382 1382 2451; x_wconf 60' lang='lat' dir='ltr'><strong>praeberet,</strong></span> <span class='ocrx_word' id='word_1_302' title='bbox 1422 2379 1551 2435; x_wconf 90' lang='lat' dir='ltr'><strong>dum</strong></span> <span class='ocrx_word' id='word_1_303' title='bbox 1591 2379 1838 2449; x_wconf 87' lang='lat' dir='ltr'><strong>parentis</strong></span> <span class='ocrx_word' id='word_1_304' title='bbox 1880 2376 1964 2431; x_wconf 87' lang='lat' dir='ltr'><strong>sui</strong></span> <span class='ocrx_word' id='word_1_305' title='bbox 2001 2375 2160 2431; x_wconf 86' lang='lat' dir='ltr'><strong>mise-</strong></span> 
     </span>
    </p>
   </div>
   <div class='ocr_carea' id='block_1_42' title="bbox 567 2468 2154 2541">
    <p class='ocr_par' dir='ltr' id='par_1_42' title="bbox 567 2468 2154 2541">
     <span class='ocr_line' id='line_1_42' title="bbox 567 2468 2154 2541; baseline -0.007 -9"><span class='ocrx_word' id='word_1_306' title='bbox 567 2476 785 2532; x_wconf 90' lang='lat' dir='ltr'><strong>ratione</strong></span> <span class='ocrx_word' id='word_1_307' title='bbox 830 2479 1165 2537; x_wconf 86' lang='lat' dir='ltr'><strong>moveretur,</strong></span> <span class='ocrx_word' id='word_1_308' title='bbox 1214 2468 1680 2541; x_wconf 89' lang='lat' dir='ltr'><strong>quemadmodum</strong></span> <span class='ocrx_word' id='word_1_309' title='bbox 1724 2468 1988 2537; x_wconf 87' lang='lat' dir='ltr'><strong>scriptum</strong></span> <span class='ocrx_word' id='word_1_310' title='bbox 2021 2473 2154 2521; x_wconf 87' lang='lat' dir='ltr'><strong>est:</strong></span> 
     </span>
    </p>
   </div>
   <div class='ocr_carea' id='block_1_43' title="bbox 567 2558 2157 2638">
    <p class='ocr_par' dir='ltr' id='par_1_43' title="bbox 567 2558 2157 2638">
     <span class='ocr_line' id='line_1_43' title="bbox 567 2558 2157 2638; baseline -0.008 -14"><span class='ocrx_word' id='word_1_311' title='bbox 567 2568 709 2625; x_wconf 84' lang='lat' dir='ltr'><strong>Bene</strong></span> <span class='ocrx_word' id='word_1_312' title='bbox 738 2568 912 2638; x_wconf 79' lang='lat' dir='ltr'><strong>facere</strong></span> <span class='ocrx_word' id='word_1_313' title='bbox 951 2564 1193 2620; x_wconf 84' lang='lat' dir='ltr'><strong>omnibus</strong></span> <span class='ocrx_word' id='word_1_314' title='bbox 1235 2572 1495 2634; x_wconf 78' lang='lat' dir='ltr'><strong>oportere,</strong></span> <span class='ocrx_word' id='word_1_315' title='bbox 1534 2563 1766 2616; x_wconf 70' lang='lat' dir='ltr'><strong>maxime</strong></span> <span class='ocrx_word' id='word_1_316' title='bbox 1815 2576 1934 2615; x_wconf 72' lang='lat' dir='ltr'><strong>vero</strong></span> <span class='ocrx_word' id='word_1_317' title='bbox 1972 2558 2157 2612; x_wconf 78' lang='lat' dir='ltr'><strong>dome-</strong></span> 
     </span>
    </p>
   </div>
   <div class='ocr_carea' id='block_1_44' title="bbox 567 2649 2156 2730">
    <p class='ocr_par' dir='ltr' id='par_1_44' title="bbox 567 2649 2156 2730">
     <span class='ocr_line' id='line_1_44' title="bbox 567 2649 2156 2730; baseline -0.006 -16"><span class='ocrx_word' id='word_1_318' title='bbox 567 2661 716 2716; x_wconf 77' lang='lat' dir='ltr'><strong>sticis</strong></span> <span class='ocrx_word' id='word_1_319' title='bbox 740 2661 861 2730; x_wconf 78' lang='lat' dir='ltr'><strong>ﬁdei</strong></span> <span class='ocrx_word' id='word_1_320' title='bbox 878 2661 898 2692; x_wconf 83' lang='grc'>³</span> <span class='ocrx_word' id='word_1_321' title='bbox 929 2677 944 2711; x_wconf 86' lang='lat'>:</span> <span class='ocrx_word' id='word_1_322' title='bbox 971 2663 1179 2729; x_wconf 88' lang='lat' dir='ltr'><strong>quanto</strong></span> <span class='ocrx_word' id='word_1_323' title='bbox 1199 2655 1367 2726; x_wconf 75' lang='lat' dir='ltr'><strong>igitur</strong></span> <span class='ocrx_word' id='word_1_324' title='bbox 1390 2653 1563 2725; x_wconf 77' lang='lat' dir='ltr'><strong>magis</strong></span> <span class='ocrx_word' id='word_1_325' title='bbox 1585 2659 1876 2723; x_wconf 89' lang='lat' dir='ltr'><strong>parentum</strong></span> <span class='ocrx_word' id='word_1_326' title='bbox 1905 2649 2156 2707; x_wconf 89' lang='lat' dir='ltr'><strong>misereri</strong></span> 
     </span>
    </p>
   </div>
   <div class='ocr_carea' id='block_1_45' title="bbox 570 2752 1839 2808">
    <p class='ocr_par' dir='ltr' id='par_1_45' title="bbox 570 2752 1839 2808">
     <span class='ocr_line' id='line_1_45' title="bbox 570 2752 1839 2808; baseline 0 0"><span class='ocrx_word' id='word_1_327' title='bbox 570 2752 870 2808; x_wconf 87' lang='lat' dir='ltr'><strong>convenit?</strong></span> <span class='ocrx_word' id='word_1_328' title='bbox 1830 2794 1839 2808; x_wconf 94' lang='lat'><strong>.</strong></span> 
     </span>
    </p>
   </div>
   <div class='ocr_carea' id='block_1_46' title="bbox 640 2834 2158 2908">
    <p class='ocr_par' dir='ltr' id='par_1_46' title="bbox 640 2834 2158 2908">
     <span class='ocr_line' id='line_1_46' title="bbox 640 2834 2158 2908; baseline -0.007 -9"><span class='ocrx_word' id='word_1_329' title='bbox 640 2842 746 2899; x_wconf 89' lang='lat' dir='ltr'><strong>Sed</strong></span> <span class='ocrx_word' id='word_1_330' title='bbox 783 2840 932 2896; x_wconf 89' lang='lat' dir='ltr'><strong>aliud</strong></span> <span class='ocrx_word' id='word_1_331' title='bbox 960 2846 1069 2904; x_wconf 90' lang='lat' dir='ltr'><strong>est,</strong></span> <span class='ocrx_word' id='word_1_332' title='bbox 1100 2837 1246 2908; x_wconf 91' lang='lat' dir='ltr'><strong>quod</strong></span> <span class='ocrx_word' id='word_1_333' title='bbox 1278 2836 1347 2893; x_wconf 91' lang='lat' dir='ltr'><strong>ad</strong></span> <span class='ocrx_word' id='word_1_334' title='bbox 1369 2839 1514 2891; x_wconf 90' lang='lat' dir='ltr'><strong>hanc</strong></span> <span class='ocrx_word' id='word_1_335' title='bbox 1548 2834 1844 2891; x_wconf 79' lang='lat' dir='ltr'><strong>Marcionis</strong></span> <span class='ocrx_word' id='word_1_336' title='bbox 1871 2834 2158 2889; x_wconf 79' lang='lat' dir='ltr'><strong>refutatio-</strong></span> 
     </span>
    </p>
   </div>
   <div class='ocr_carea' id='block_1_47' title="bbox 566 2927 2157 2995">
    <p class='ocr_par' dir='ltr' id='par_1_47' title="bbox 566 2927 2157 2995">
     <span class='ocr_line' id='line_1_47' title="bbox 566 2927 2157 2995; baseline -0.006 -3"><span class='ocrx_word' id='word_1_337' title='bbox 566 2950 692 2992; x_wconf 88' lang='lat' dir='ltr'><strong>nem</strong></span> <span class='ocrx_word' id='word_1_338' title='bbox 717 2932 1024 2989; x_wconf 85' lang='lat' dir='ltr'><strong>addendum</strong></span> <span class='ocrx_word' id='word_1_339' title='bbox 1050 2930 1284 2988; x_wconf 87' lang='lat' dir='ltr'><strong>videtur.</strong></span> <span class='ocrx_word' id='word_1_340' title='bbox 1318 2927 1454 2983; x_wconf 87' lang='lat' dir='ltr'><strong>Nam</strong></span> <span class='ocrx_word' id='word_1_341' title='bbox 1492 2927 1561 2995; x_wconf 91' lang='lat' dir='ltr'><strong>si,</strong></span> <span class='ocrx_word' id='word_1_342' title='bbox 1589 2942 1715 2983; x_wconf 92' lang='lat' dir='ltr'><strong>cum</strong></span> <span class='ocrx_word' id='word_1_343' title='bbox 1746 2927 1973 2984; x_wconf 90' lang='lat' dir='ltr'><strong>alterius</strong></span> <span class='ocrx_word' id='word_1_344' title='bbox 2008 2934 2157 2984; x_wconf 86' lang='lat' dir='ltr'><strong>esset</strong></span> 
     </span>
    </p>
   </div>
   <div class='ocr_carea' id='block_1_48' title="bbox 566 3018 2154 3089">
    <p class='ocr_par' dir='ltr' id='par_1_48' title="bbox 566 3018 2154 3089">
     <span class='ocr_line' id='line_1_48' title="bbox 566 3018 2154 3089; baseline -0.004 -8"><span class='ocrx_word' id='word_1_345' title='bbox 566 3027 658 3084; x_wconf 88' lang='lat' dir='ltr'><strong>ille</strong></span> <span class='ocrx_word' id='word_1_346' title='bbox 689 3025 855 3089; x_wconf 80' lang='lat' dir='ltr'><strong>illius,</strong></span> <span class='ocrx_word' id='word_1_347' title='bbox 889 3038 1014 3080; x_wconf 90' lang='lat' dir='ltr'><strong>sese</strong></span> <span class='ocrx_word' id='word_1_348' title='bbox 1048 3021 1117 3078; x_wconf 87' lang='lat' dir='ltr'><strong>ad</strong></span> <span class='ocrx_word' id='word_1_349' title='bbox 1149 3022 1384 3075; x_wconf 89' lang='lat' dir='ltr'><strong>alterum</strong></span> <span class='ocrx_word' id='word_1_350' title='bbox 1417 3019 1740 3084; x_wconf 89' lang='lat' dir='ltr'><strong>contulerit,</strong></span> <span class='ocrx_word' id='word_1_351' title='bbox 1781 3032 1851 3073; x_wconf 90' lang='lat' dir='ltr'><strong>ne</strong></span> <span class='ocrx_word' id='word_1_352' title='bbox 1887 3018 2018 3073; x_wconf 84' lang='lat' dir='ltr'><strong>huic</strong></span> <span class='ocrx_word' id='word_1_353' title='bbox 2048 3018 2154 3088; x_wconf 89' lang='lat' dir='ltr'><strong>ipsi</strong></span> 
     </span>
    </p>
   </div>
   <div class='ocr_carea' id='block_1_49' title="bbox 563 3110 2156 3193">
    <p class='ocr_par' dir='ltr' id='par_1_49' title="bbox 563 3110 2156 3193">
     <span class='ocr_line' id='line_1_49' title="bbox 563 3110 2156 3193; baseline -0.008 -16"><span class='ocrx_word' id='word_1_354' title='bbox 563 3121 787 3193; x_wconf 88' lang='lat' dir='ltr'><strong>quidem</strong></span> <span class='ocrx_word' id='word_1_355' title='bbox 836 3116 998 3174; x_wconf 84' lang='lat' dir='ltr'><strong>tidem</strong></span> <span class='ocrx_word' id='word_1_356' title='bbox 1034 3115 1380 3188; x_wconf 72' lang='lat' dir='ltr'><strong>praestiturus</strong></span> <span class='ocrx_word' id='word_1_357' title='bbox 1408 3114 1643 3169; x_wconf 89' lang='lat' dir='ltr'><strong>videtur.</strong></span> <span class='ocrx_word' id='word_1_358' title='bbox 1698 3111 1804 3178; x_wconf 87' lang='lat' dir='ltr'><strong>Qui</strong></span> <span class='ocrx_word' id='word_1_359' title='bbox 1837 3112 1986 3167; x_wconf 90' lang='lat' dir='ltr'><strong>enim</strong></span> <span class='ocrx_word' id='word_1_360' title='bbox 2020 3110 2156 3166; x_wconf 82' lang='lat' dir='ltr'><strong>tide-</strong></span> 
     </span>
    </p>
   </div>
   <div class='ocr_carea' id='block_1_50' title="bbox 2259 2348 3790 2438">
    <p class='ocr_par' dir='ltr' id='par_1_50' title="bbox 2259 2348 3790 2438">
     <span class='ocr_line' id='line_1_50' title="bbox 2259 2348 3790 2438; baseline -0.002 -20"><span class='ocrx_word' id='word_1_361' title='bbox 2259 2364 2411 2421; x_wconf 90' lang='grc' dir='ltr'>λείαν</span> <span class='ocrx_word' id='word_1_362' title='bbox 2451 2365 2786 2437; x_wconf 87' lang='grc' dir='ltr'>ἀγαθότητα,</span> <span class='ocrx_word' id='word_1_363' title='bbox 2822 2348 2919 2420; x_wconf 79' lang='grc' dir='ltr'><strong>τὸν</strong></span> <span class='ocrx_word' id='word_1_364' title='bbox 2964 2365 3185 2438; x_wconf 86' lang='grc' dir='ltr'>Πατέρα</span> <span class='ocrx_word' id='word_1_365' title='bbox 3230 2365 3401 2420; x_wconf 76' lang='grc' dir='ltr'>αὑτοῦ</span> <span class='ocrx_word' id='word_1_366' title='bbox 3448 2364 3714 2434; x_wconf 81' lang='grc' dir='ltr'>οἰκτείρας,</span> <span class='ocrx_word' id='word_1_367' title='bbox 3741 2361 3790 2421; x_wconf 78' lang='grc' dir='ltr'>ὡς</span> 
     </span>
    </p>
   </div>
   <div class='ocr_carea' id='block_1_51' title="bbox 2258 2452 3789 2532">
    <p class='ocr_par' dir='ltr' id='par_1_51' title="bbox 2258 2452 3789 2532">
     <span class='ocr_line' id='line_1_51' title="bbox 2258 2452 3789 2532; baseline -0.005 -16"><span class='ocrx_word' id='word_1_368' title='bbox 2258 2460 2357 2516; x_wconf 74' lang='grc' dir='ltr'><strong>καὶ</strong></span> <span class='ocrx_word' id='word_1_369' title='bbox 2388 2460 2699 2532; x_wconf 87' lang='grc' dir='ltr'>γέγραπται</span> <span class='ocrx_word' id='word_1_370' title='bbox 2722 2476 2735 2490; x_wconf 67' lang='grc' dir='ltr'><strong>ν</strong></span> <span class='ocrx_word' id='word_1_371' title='bbox 2762 2459 2966 2514; x_wconf 82' lang='grc' dir='ltr'>Ποιεῒν</span> <span class='ocrx_word' id='word_1_372' title='bbox 2992 2458 3061 2512; x_wconf 82' lang='grc' dir='ltr'>τὸ</span> <span class='ocrx_word' id='word_1_373' title='bbox 3093 2458 3322 2529; x_wconf 68' lang='grc' dir='ltr'>ἀγαθὸν</span> <span class='ocrx_word' id='word_1_374' title='bbox 3352 2457 3585 2529; x_wconf 69' lang='grc' dir='ltr'>πρῶτον</span> <span class='ocrx_word' id='word_1_375' title='bbox 3600 2458 3675 2522; x_wconf 79' lang='grc' dir='ltr'>εἰς</span> <span class='ocrx_word' id='word_1_376' title='bbox 3693 2452 3789 2517; x_wconf 78' lang='grc' dir='ltr'>τοὺς</span> 
     </span>
    </p>
   </div>
   <div class='ocr_carea' id='block_1_52' title="bbox 2259 2546 3790 2623">
    <p class='ocr_par' dir='ltr' id='par_1_52' title="bbox 2259 2546 3790 2623">
     <span class='ocr_line' id='line_1_52' title="bbox 2259 2546 3790 2623; baseline -0.008 -15"><span class='ocrx_word' id='word_1_377' title='bbox 2259 2552 2522 2618; x_wconf 65' lang='grc' dir='ltr'>οἰκείους</span> <span class='ocrx_word' id='word_1_378' title='bbox 2577 2551 2691 2621; x_wconf 81' lang='grc' dir='ltr'>τῆς</span> <span class='ocrx_word' id='word_1_379' title='bbox 2739 2551 3001 2615; x_wconf 78' lang='grc' dir='ltr'>πίστεως</span> <span class='ocrx_word' id='word_1_380' title='bbox 3026 2566 3039 2579; x_wconf 92' lang='grc'><strong>·</strong></span> <span class='ocrx_word' id='word_1_381' title='bbox 3094 2551 3246 2623; x_wconf 84' lang='grc' dir='ltr'>πόσῳ</span> <span class='ocrx_word' id='word_1_382' title='bbox 3293 2567 3364 2620; x_wconf 89' lang='grc' dir='ltr'><strong>γε</strong></span> <span class='ocrx_word' id='word_1_383' title='bbox 3429 2549 3620 2621; x_wconf 80' lang='grc' dir='ltr'>μᾶλλον</span> <span class='ocrx_word' id='word_1_384' title='bbox 3670 2546 3790 2600; x_wconf 78' lang='grc' dir='ltr'>ἐλεεῖν</span> 
     </span>
    </p>
   </div>
   <div class='ocr_carea' id='block_1_53' title="bbox 2257 2643 2933 2716">
    <p class='ocr_par' dir='ltr' id='par_1_53' title="bbox 2257 2643 2933 2716">
     <span class='ocr_line' id='line_1_53' title="bbox 2257 2643 2933 2716; baseline -0.007 -16"><span class='ocrx_word' id='word_1_385' title='bbox 2257 2647 2384 2710; x_wconf 81' lang='grc' dir='ltr'>τοὺς</span> <span class='ocrx_word' id='word_1_386' title='bbox 2417 2643 2624 2700; x_wconf 81' lang='grc' dir='ltr'>ἑαυτῶν</span> <span class='ocrx_word' id='word_1_387' title='bbox 2652 2643 2896 2716; x_wconf 76' lang='grc' dir='ltr'>πατέρας</span> <span class='ocrx_word' id='word_1_388' title='bbox 2916 2661 2933 2711; x_wconf 84' lang='grc'><strong>;</strong></span> 
     </span>
    </p>
   </div>
   <div class='ocr_carea' id='block_1_54' title="bbox 2331 2822 3789 2899">
    <p class='ocr_par' dir='ltr' id='par_1_54' title="bbox 2331 2822 3789 2899">
     <span class='ocr_line' id='line_1_54' title="bbox 2331 2822 3789 2899; baseline -0.005 -17"><span class='ocrx_word' id='word_1_389' title='bbox 2331 2826 2406 2882; x_wconf 80' lang='grc' dir='ltr'><strong>Τὸ</strong></span> <span class='ocrx_word' id='word_1_390' title='bbox 2435 2826 2494 2880; x_wconf 81' lang='grc' dir='ltr'>δὲ</span> <span class='ocrx_word' id='word_1_391' title='bbox 2543 2825 2731 2898; x_wconf 75' lang='grc' dir='ltr'>ἕτερον</span> <span class='ocrx_word' id='word_1_392' title='bbox 2772 2824 2889 2881; x_wconf 84' lang='grc' dir='ltr'>ἑστι</span> <span class='ocrx_word' id='word_1_393' title='bbox 2923 2825 2945 2858; x_wconf 72' lang='grc'>⁸</span> <span class='ocrx_word' id='word_1_394' title='bbox 2988 2824 3359 2897; x_wconf 83' lang='grc' dir='ltr'>προστέθεικα</span> <span class='ocrx_word' id='word_1_395' title='bbox 3401 2828 3469 2899; x_wconf 77' lang='grc' dir='ltr'><strong>τῇ</strong></span> <span class='ocrx_word' id='word_1_396' title='bbox 3508 2823 3702 2897; x_wconf 82' lang='grc' dir='ltr'>φράσει,</span> <span class='ocrx_word' id='word_1_397' title='bbox 3726 2822 3789 2876; x_wconf 69' lang='grc' dir='ltr'>καὶ</span> 
     </span>
    </p>
   </div>
   <div class='ocr_carea' id='block_1_55' title="bbox 2258 2915 3789 2992">
    <p class='ocr_par' dir='ltr' id='par_1_55' title="bbox 2258 2915 3789 2992">
     <span class='ocr_line' id='line_1_55' title="bbox 2258 2915 3789 2992; baseline -0.004 -18"><span class='ocrx_word' id='word_1_398' title='bbox 2258 2918 2339 2992; x_wconf 83' lang='grc' dir='ltr'><strong>τῷ</strong></span> <span class='ocrx_word' id='word_1_399' title='bbox 2389 2918 2599 2991; x_wconf 77' lang='grc' dir='ltr'>ἐλέγχῳ</span> <span class='ocrx_word' id='word_1_400' title='bbox 2641 2917 2719 2989; x_wconf 80' lang='grc' dir='ltr'>τῷ</span> <span class='ocrx_word' id='word_1_401' title='bbox 2770 2917 2908 2990; x_wconf 85' lang='grc' dir='ltr'>πρὸς</span> <span class='ocrx_word' id='word_1_402' title='bbox 2975 2918 3068 2973; x_wconf 82' lang='grc' dir='ltr'>τὸν</span> <span class='ocrx_word' id='word_1_403' title='bbox 3115 2918 3461 2991; x_wconf 81' lang='grc' dir='ltr'>Μαρκίωνα·</span> <span class='ocrx_word' id='word_1_404' title='bbox 3516 2920 3613 2982; x_wconf 78' lang='grc' dir='ltr'>ὅτι,</span> <span class='ocrx_word' id='word_1_405' title='bbox 3652 2915 3789 2985; x_wconf 78' lang='grc' dir='ltr'>εἰμὲν</span> 
     </span>
    </p>
   </div>
   <div class='ocr_carea' id='block_1_56' title="bbox 2255 3010 3787 3083">
    <p class='ocr_par' dir='ltr' id='par_1_56' title="bbox 2255 3010 3787 3083">
     <span class='ocr_line' id='line_1_56' title="bbox 2255 3010 3787 3083; baseline -0.001 -17"><span class='ocrx_word' id='word_1_406' title='bbox 2255 3011 2354 3066; x_wconf 79' lang='grc' dir='ltr'>τοῦ</span> <span class='ocrx_word' id='word_1_407' title='bbox 2391 3013 2509 3076; x_wconf 87' lang='grc' dir='ltr'>ἑνός</span> <span class='ocrx_word' id='word_1_408' title='bbox 2540 3014 2658 3066; x_wconf 87' lang='grc' dir='ltr'>ἑστι</span> <span class='ocrx_word' id='word_1_409' title='bbox 2684 3011 2821 3075; x_wconf 83' lang='grc' dir='ltr'>υίὸς,</span> <span class='ocrx_word' id='word_1_410' title='bbox 2851 3011 2946 3065; x_wconf 74' lang='grc' dir='ltr'>καὶ</span> <span class='ocrx_word' id='word_1_411' title='bbox 2978 3010 3116 3083; x_wconf 81' lang='grc' dir='ltr'>πρὸς</span> <span class='ocrx_word' id='word_1_412' title='bbox 3151 3010 3242 3065; x_wconf 83' lang='grc' dir='ltr'>τὸν</span> <span class='ocrx_word' id='word_1_413' title='bbox 3269 3011 3464 3081; x_wconf 72' lang='grc' dir='ltr'>ἕτερον</span> <span class='ocrx_word' id='word_1_414' title='bbox 3492 3010 3787 3083; x_wconf 74' lang='grc' dir='ltr'>προσέφυγεν.</span> 
     </span>
    </p>
   </div>
   <div class='ocr_carea' id='block_1_57' title="bbox 2257 3096 3790 3177">
    <p class='ocr_par' dir='ltr' id='par_1_57' title="bbox 2257 3096 3790 3177">
     <span class='ocr_line' id='line_1_57' title="bbox 2257 3096 3790 3177; baseline -0.005 -18"><span class='ocrx_word' id='word_1_415' title='bbox 2257 3105 2320 3160; x_wconf 82' lang='grc' dir='ltr'>οὐ</span> <span class='ocrx_word' id='word_1_416' title='bbox 2349 3104 2545 3170; x_wconf 64' lang='grc' dir='ltr'>πιστὸς</span> <span class='ocrx_word' id='word_1_417' title='bbox 2576 3104 3076 3177; x_wconf 83' lang='grc' dir='ltr'>παραδειχθήσεται</span> <span class='ocrx_word' id='word_1_418' title='bbox 3106 3104 3257 3177; x_wconf 82' lang='grc' dir='ltr'>παρὰ</span> <span class='ocrx_word' id='word_1_419' title='bbox 3295 3105 3380 3176; x_wconf 81' lang='grc' dir='ltr'><strong>τῷ</strong></span> <span class='ocrx_word' id='word_1_420' title='bbox 3426 3104 3609 3176; x_wconf 86' lang='grc' dir='ltr'>ἑτέρῳ.</span> <span class='ocrx_word' id='word_1_421' title='bbox 3647 3102 3695 3154; x_wconf 89' lang='lat'><strong>&#39;0</strong></span> <span class='ocrx_word' id='word_1_422' title='bbox 3715 3096 3790 3167; x_wconf 80' lang='grc' dir='ltr'><strong>γὰρ</strong></span> 
     </span>
    </p>
   </div>
   <div class='ocr_carea' id='block_1_58' title="bbox 563 3185 2151 3285">
    <p class='ocr_par' dir='ltr' id='par_1_58' title="bbox 563 3206 2151 3285">
     <span class='ocr_line' id='line_1_58' title="bbox 563 3206 2151 3285; baseline -0.006 -15"><span class='ocrx_word' id='word_1_423' title='bbox 563 3216 671 3273; x_wconf 90' lang='lat' dir='ltr'><strong>lem</strong></span> <span class='ocrx_word' id='word_1_424' title='bbox 710 3229 771 3270; x_wconf 92' lang='lat' dir='ltr'><strong>se</strong></span> <span class='ocrx_word' id='word_1_425' title='bbox 801 3228 930 3285; x_wconf 82' lang='lat' dir='ltr'><strong>erga</strong></span> <span class='ocrx_word' id='word_1_426' title='bbox 959 3218 1241 3282; x_wconf 88' lang='lat' dir='ltr'><strong>parentem</strong></span> <span class='ocrx_word' id='word_1_427' title='bbox 1275 3209 1501 3264; x_wconf 87' lang='lat' dir='ltr'><strong>minime</strong></span> <span class='ocrx_word' id='word_1_428' title='bbox 1535 3208 1791 3279; x_wconf 66' lang='lat' dir='ltr'><strong>praebuit,</strong></span> <span class='ocrx_word' id='word_1_429' title='bbox 1830 3221 1898 3262; x_wconf 85' lang='lat' dir='ltr'><strong>ex</strong></span> <span class='ocrx_word' id='word_1_430' title='bbox 1932 3206 2003 3262; x_wconf 87' lang='lat' dir='ltr'><strong>iis</strong></span> <span class='ocrx_word' id='word_1_431' title='bbox 2033 3219 2151 3276; x_wconf 68' lang='lat' dir='ltr'><strong>qua!</strong></span> 
     </span>
    </p>
   </div>
   <div class='ocr_carea' id='block_1_59' title="bbox 2255 3185 3789 3285">
    <p class='ocr_par' dir='ltr' id='par_1_59' title="bbox 2262 3192 3789 3270">
     <span class='ocr_line' id='line_1_59' title="bbox 2262 3192 3789 3270; baseline -0.001 -16"><span class='ocrx_word' id='word_1_432' title='bbox 2262 3200 2568 3270; x_wconf 86' lang='grc' dir='ltr'>συνείδησιν</span> <span class='ocrx_word' id='word_1_433' title='bbox 2605 3200 2686 3264; x_wconf 85' lang='grc' dir='ltr'><strong>είς</strong></span> <span class='ocrx_word' id='word_1_434' title='bbox 2737 3201 2828 3253; x_wconf 85' lang='grc' dir='ltr'><strong>τὸν</strong></span> <span class='ocrx_word' id='word_1_435' title='bbox 2863 3198 2994 3253; x_wconf 78' lang='grc' dir='ltr'>ἴδιον</span> <span class='ocrx_word' id='word_1_436' title='bbox 3029 3197 3195 3253; x_wconf 78' lang='grc' dir='ltr'>αὑτοῦ</span> <span class='ocrx_word' id='word_1_437' title='bbox 3245 3198 3473 3270; x_wconf 86' lang='grc' dir='ltr'>Πατέρα</span> <span class='ocrx_word' id='word_1_438' title='bbox 3509 3196 3580 3270; x_wconf 84' lang='grc' dir='ltr'>μὴ</span> <span class='ocrx_word' id='word_1_439' title='bbox 3607 3192 3789 3267; x_wconf 76' lang='grc' dir='ltr'>φυλάξαις</span> 
     </span>
    </p>
   </div>
   <div class='ocr_carea' id='block_1_60' title="bbox 563 3298 2156 3378">
    <p class='ocr_par' dir='ltr' id='par_1_60' title="bbox 563 3298 2156 3378">
     <span class='ocr_line' id='line_1_60' title="bbox 563 3298 2156 3378; baseline -0.006 -14"><span class='ocrx_word' id='word_1_440' title='bbox 563 3316 725 3364; x_wconf 88' lang='lat' dir='ltr'><strong>antea</strong></span> <span class='ocrx_word' id='word_1_441' title='bbox 767 3305 958 3378; x_wconf 81' lang='lat' dir='ltr'><strong>gessit,</strong></span> <span class='ocrx_word' id='word_1_442' title='bbox 1006 3318 1077 3360; x_wconf 88' lang='lat' dir='ltr'><strong>ne</strong></span> <span class='ocrx_word' id='word_1_443' title='bbox 1112 3301 1255 3375; x_wconf 89' lang='lat' dir='ltr'><strong>apud</strong></span> <span class='ocrx_word' id='word_1_444' title='bbox 1278 3302 1512 3357; x_wconf 88' lang='lat' dir='ltr'><strong>alterum</strong></span> <span class='ocrx_word' id='word_1_445' title='bbox 1558 3300 1785 3371; x_wconf 90' lang='lat' dir='ltr'><strong>quidem</strong></span> <span class='ocrx_word' id='word_1_446' title='bbox 1821 3298 1926 3354; x_wconf 78' lang='lat' dir='ltr'><strong>[ide</strong></span> <span class='ocrx_word' id='word_1_447' title='bbox 1954 3298 2156 3370; x_wconf 74' lang='lat' dir='ltr'><strong>dignus</strong></span> 
     </span>
    </p>
   </div>
   <div class='ocr_carea' id='block_1_61' title="bbox 560 3391 2154 3460">
    <p class='ocr_par' dir='ltr' id='par_1_61' title="bbox 560 3391 2154 3460">
     <span class='ocr_line' id='line_1_61' title="bbox 560 3391 2154 3460; baseline -0.009 -5"><span class='ocrx_word' id='word_1_448' title='bbox 560 3398 875 3455; x_wconf 83' lang='lat' dir='ltr'><strong>habebitur.</strong></span> <span class='ocrx_word' id='word_1_449' title='bbox 916 3393 999 3449; x_wconf 83' lang='lat' dir='ltr'><strong>Ad</strong></span> <span class='ocrx_word' id='word_1_450' title='bbox 1048 3394 1167 3448; x_wconf 66' lang='lat' dir='ltr'><strong>haec</strong></span> <span class='ocrx_word' id='word_1_451' title='bbox 1218 3392 1326 3446; x_wconf 89' lang='lat' dir='ltr'><strong>alio</strong></span> <span class='ocrx_word' id='word_1_452' title='bbox 1361 3391 1488 3445; x_wconf 89' lang='lat' dir='ltr'><strong>licet</strong></span> <span class='ocrx_word' id='word_1_453' title='bbox 1541 3394 1866 3460; x_wconf 76' lang='lat' dir='ltr'><strong>argumento</strong></span> <span class='ocrx_word' id='word_1_454' title='bbox 1908 3402 2154 3442; x_wconf 84' lang='lat' dir='ltr'><strong>errorem</strong></span> 
     </span>
    </p>
   </div>
   <div class='ocr_carea' id='block_1_62' title="bbox 2257 3282 3787 3363">
    <p class='ocr_par' dir='ltr' id='par_1_62' title="bbox 2257 3282 3787 3363">
     <span class='ocr_line' id='line_1_62' title="bbox 2257 3282 3787 3363; baseline -0.006 -17"><span class='ocrx_word' id='word_1_455' title='bbox 2257 3291 2379 3346; x_wconf 83' lang='grc' dir='ltr'>οὐδὲ</span> <span class='ocrx_word' id='word_1_456' title='bbox 2427 3290 2581 3363; x_wconf 85' lang='grc' dir='ltr'><strong>παρά</strong></span> <span class='ocrx_word' id='word_1_457' title='bbox 2626 3289 2705 3363; x_wconf 82' lang='grc' dir='ltr'><strong>τῷ</strong></span> <span class='ocrx_word' id='word_1_458' title='bbox 2738 3289 2913 3362; x_wconf 82' lang='grc' dir='ltr'>ἑτέρῳ</span> <span class='ocrx_word' id='word_1_459' title='bbox 2952 3288 3381 3361; x_wconf 83' lang='grc' dir='ltr'>πιστευθήσεται</span> <span class='ocrx_word' id='word_1_460' title='bbox 3430 3290 3537 3344; x_wconf 75' lang='grc' dir='ltr'>ἀπὸ</span> <span class='ocrx_word' id='word_1_461' title='bbox 3580 3286 3674 3341; x_wconf 83' lang='grc' dir='ltr'>τῶν</span> <span class='ocrx_word' id='word_1_462' title='bbox 3700 3282 3787 3352; x_wconf 79' lang='grc' dir='ltr'>παρ’</span> 
     </span>
    </p>
   </div>
   <div class='ocr_carea' id='block_1_63' title="bbox 2257 3376 3787 3456">
    <p class='ocr_par' dir='ltr' id='par_1_63' title="bbox 2257 3376 3787 3456">
     <span class='ocr_line' id='line_1_63' title="bbox 2257 3376 3787 3456; baseline -0.001 -17"><span class='ocrx_word' id='word_1_463' title='bbox 2257 3382 2423 3439; x_wconf 81' lang='grc' dir='ltr'>αὑτοῦ</span> <span class='ocrx_word' id='word_1_464' title='bbox 2456 3383 2821 3456; x_wconf 70' lang='grc' dir='ltr'>προαγόντως</span> <span class='ocrx_word' id='word_1_465' title='bbox 2854 3382 3284 3455; x_wconf 83' lang='grc' dir='ltr'>πεπραγμένων.</span> <span class='ocrx_word' id='word_1_466' title='bbox 3334 3382 3504 3437; x_wconf 78' lang='grc' dir='ltr'>Ἀλλά</span> <span class='ocrx_word' id='word_1_467' title='bbox 3546 3381 3631 3435; x_wconf 75' lang='grc' dir='ltr'>καὶ</span> <span class='ocrx_word' id='word_1_468' title='bbox 3662 3376 3787 3437; x_wconf 75' lang='grc' dir='ltr'>ᾶλλως</span> 
     </span>
    </p>
   </div>
   <div class='ocr_carea' id='block_1_64' title="bbox 560 3466 2151 3555">
    <p class='ocr_par' dir='ltr' id='par_1_64' title="bbox 560 3479 2151 3555">
     <span class='ocr_line' id='line_1_64' title="bbox 560 3479 2151 3555; baseline -0.006 -11"><span class='ocrx_word' id='word_1_469' title='bbox 560 3501 743 3555; x_wconf 83' lang='grc' dir='ltr'>ιιιιιηι,</span> <span class='ocrx_word' id='word_1_470' title='bbox 788 3486 1018 3549; x_wconf 86' lang='lat' dir='ltr'><strong>Marcio,</strong></span> <span class='ocrx_word' id='word_1_471' title='bbox 1051 3485 1404 3547; x_wconf 86' lang='lat' dir='ltr'><strong>convincere,</strong></span> <span class='ocrx_word' id='word_1_472' title='bbox 1447 3496 1514 3537; x_wconf 89' lang='lat' dir='ltr'><strong>ex</strong></span> <span class='ocrx_word' id='word_1_473' title='bbox 1562 3495 1629 3536; x_wconf 94' lang='lat' dir='ltr'><strong>eo</strong></span> <span class='ocrx_word' id='word_1_474' title='bbox 1669 3479 1920 3534; x_wconf 85' lang='lat' dir='ltr'><strong>videlicet</strong></span> <span class='ocrx_word' id='word_1_475' title='bbox 1951 3479 2151 3550; x_wconf 88' lang='lat' dir='ltr'><strong>capite,</strong></span> 
     </span>
    </p>
   </div>
   <div class='ocr_carea' id='block_1_65' title="bbox 2255 3466 3785 3555">
    <p class='ocr_par' dir='ltr' id='par_1_65' title="bbox 2257 3466 3785 3548">
     <span class='ocr_line' id='line_1_65' title="bbox 2257 3466 3785 3548; baseline -0.007 -16"><span class='ocrx_word' id='word_1_476' title='bbox 2257 3476 2444 3543; x_wconf 82' lang='grc' dir='ltr'>πάλιν,</span> <span class='ocrx_word' id='word_1_477' title='bbox 2473 3470 2520 3532; x_wconf 78' lang='grc' dir='ltr'><strong>ὦ</strong></span> <span class='ocrx_word' id='word_1_478' title='bbox 2557 3475 2846 3548; x_wconf 84' lang='grc' dir='ltr'>Μαρκίων,</span> <span class='ocrx_word' id='word_1_479' title='bbox 2881 3474 2948 3529; x_wconf 83' lang='grc' dir='ltr'><strong>δι’</strong></span> <span class='ocrx_word' id='word_1_480' title='bbox 2983 3475 3219 3547; x_wconf 81' lang='grc' dir='ltr'>ἀπορίαν</span> <span class='ocrx_word' id='word_1_481' title='bbox 3255 3474 3350 3529; x_wconf 76' lang='grc' dir='ltr'>τοῦ</span> <span class='ocrx_word' id='word_1_482' title='bbox 3390 3472 3711 3547; x_wconf 80' lang='grc' dir='ltr'>πεμπομένου</span> <span class='ocrx_word' id='word_1_483' title='bbox 3735 3466 3785 3537; x_wconf 78' lang='grc' dir='ltr'>μὴ</span> 
     </span>
    </p>
   </div>
   <div class='ocr_carea' id='block_1_66' title="bbox 562 3567 2155 3651">
    <p class='ocr_par' dir='ltr' id='par_1_66' title="bbox 562 3567 2155 3651">
     <span class='ocr_line' id='line_1_66' title="bbox 562 3567 2155 3651; baseline -0.011 -16"><span class='ocrx_word' id='word_1_484' title='bbox 562 3578 709 3651; x_wconf 88' lang='lat' dir='ltr'><strong>quod</strong></span> <span class='ocrx_word' id='word_1_485' title='bbox 742 3577 812 3631; x_wconf 92' lang='lat' dir='ltr'><strong>ob</strong></span> <span class='ocrx_word' id='word_1_486' title='bbox 845 3573 1085 3644; x_wconf 84' lang='lat' dir='ltr'><strong>alicujus</strong></span> <span class='ocrx_word' id='word_1_487' title='bbox 1106 3571 1203 3643; x_wconf 87' lang='lat' dir='ltr'><strong>qui</strong></span> <span class='ocrx_word' id='word_1_488' title='bbox 1229 3570 1539 3625; x_wconf 84' lang='lat' dir='ltr'><strong>mitteretur</strong></span> <span class='ocrx_word' id='word_1_489' title='bbox 1566 3567 1806 3638; x_wconf 88' lang='lat' dir='ltr'><strong>inopiam</strong></span> <span class='ocrx_word' id='word_1_490' title='bbox 1840 3580 2008 3637; x_wconf 79' lang='lat' dir='ltr'><strong>negas</strong></span> <span class='ocrx_word' id='word_1_491' title='bbox 2037 3579 2155 3621; x_wconf 87' lang='lat' dir='ltr'><strong>ser-</strong></span> 
     </span>
    </p>
   </div>
   <div class='ocr_carea' id='block_1_67' title="bbox 562 3658 2155 3733">
    <p class='ocr_par' dir='ltr' id='par_1_67' title="bbox 562 3658 2155 3733">
     <span class='ocr_line' id='line_1_67' title="bbox 562 3658 2155 3733; baseline -0.01 -6"><span class='ocrx_word' id='word_1_492' title='bbox 562 3685 696 3727; x_wconf 89' lang='lat' dir='ltr'><strong>vare</strong></span> <span class='ocrx_word' id='word_1_493' title='bbox 723 3670 928 3725; x_wconf 88' lang='lat' dir='ltr'><strong>bonum</strong></span> <span class='ocrx_word' id='word_1_494' title='bbox 949 3664 1122 3721; x_wconf 90' lang='lat' dir='ltr'><strong>Deum</strong></span> <span class='ocrx_word' id='word_1_495' title='bbox 1148 3664 1273 3718; x_wconf 89' lang='lat' dir='ltr'><strong>illos</strong></span> <span class='ocrx_word' id='word_1_496' title='bbox 1291 3661 1561 3733; x_wconf 88' lang='lat' dir='ltr'><strong>potuisse,</strong></span> <span class='ocrx_word' id='word_1_497' title='bbox 1589 3674 1730 3731; x_wconf 89' lang='lat' dir='ltr'><strong>quos</strong></span> <span class='ocrx_word' id='word_1_498' title='bbox 1760 3658 1968 3715; x_wconf 87' lang='lat' dir='ltr'><strong>servari</strong></span> <span class='ocrx_word' id='word_1_499' title='bbox 1990 3672 2155 3728; x_wconf 90' lang='lat' dir='ltr'><strong>opor-</strong></span> 
     </span>
    </p>
   </div>
   <div class='ocr_carea' id='block_1_68' title="bbox 560 3750 2151 3833">
    <p class='ocr_par' dir='ltr' id='par_1_68' title="bbox 560 3750 2151 3833">
     <span class='ocr_line' id='line_1_68' title="bbox 560 3750 2151 3833; baseline -0.009 -15"><span class='ocrx_word' id='word_1_500' title='bbox 560 3764 688 3829; x_wconf 90' lang='lat' dir='ltr'><strong>tuit,</strong></span> <span class='ocrx_word' id='word_1_501' title='bbox 718 3760 880 3833; x_wconf 80' lang='lat'><strong>377</strong></span> <span class='ocrx_word' id='word_1_502' title='bbox 911 3766 968 3815; x_wconf 84' lang='lat' dir='ltr'><strong>et</strong></span> <span class='ocrx_word' id='word_1_503' title='bbox 1012 3757 1216 3829; x_wconf 86' lang='lat' dir='ltr'><strong>quibus</strong></span> <span class='ocrx_word' id='word_1_504' title='bbox 1257 3769 1357 3826; x_wconf 88' lang='lat' dir='ltr'><strong>per</strong></span> <span class='ocrx_word' id='word_1_505' title='bbox 1390 3752 1673 3809; x_wconf 88' lang='lat' dir='ltr'><strong>Christum</strong></span> <span class='ocrx_word' id='word_1_506' title='bbox 1714 3750 2151 3807; x_wconf 86' lang='lat' dir='ltr'><strong>misericordiam</strong></span> 
     </span>
    </p>
   </div>
   <div class='ocr_carea' id='block_1_69' title="bbox 561 3842 2151 3913">
    <p class='ocr_par' dir='ltr' id='par_1_69' title="bbox 561 3842 2151 3913">
     <span class='ocr_line' id='line_1_69' title="bbox 561 3842 2151 3913; baseline -0.009 -4"><span class='ocrx_word' id='word_1_507' title='bbox 561 3854 776 3909; x_wconf 88' lang='lat' dir='ltr'><strong>tribuit.</strong></span> <span class='ocrx_word' id='word_1_508' title='bbox 821 3850 940 3907; x_wconf 81' lang='lat' dir='ltr'><strong>Nisi</strong></span> <span class='ocrx_word' id='word_1_509' title='bbox 993 3848 1141 3906; x_wconf 89' lang='lat' dir='ltr'><strong>enim</strong></span> <span class='ocrx_word' id='word_1_510' title='bbox 1201 3846 1460 3903; x_wconf 84' lang='lat' dir='ltr'><strong>Christus</strong></span> <span class='ocrx_word' id='word_1_511' title='bbox 1509 3843 1578 3899; x_wconf 89' lang='lat' dir='ltr'><strong>ad</strong></span> <span class='ocrx_word' id='word_1_512' title='bbox 1634 3856 1948 3913; x_wconf 89' lang='lat' dir='ltr'><strong>supremum</strong></span> <span class='ocrx_word' id='word_1_513' title='bbox 1998 3842 2151 3896; x_wconf 88' lang='lat' dir='ltr'><strong>illum</strong></span> 
     </span>
    </p>
   </div>
   <div class='ocr_carea' id='block_1_70' title="bbox 560 3934 2152 4007">
    <p class='ocr_par' dir='ltr' id='par_1_70' title="bbox 560 3934 2152 4007">
     <span class='ocr_line' id='line_1_70' title="bbox 560 3934 2152 4007; baseline -0.01 -4"><span class='ocrx_word' id='word_1_514' title='bbox 560 3947 734 4003; x_wconf 87' lang='lat' dir='ltr'><strong>Deum</strong></span> <span class='ocrx_word' id='word_1_515' title='bbox 784 3960 851 4001; x_wconf 83' lang='lat' dir='ltr'><strong>ex</strong></span> <span class='ocrx_word' id='word_1_516' title='bbox 905 3940 1202 3998; x_wconf 83' lang='lat' dir='ltr'><strong>Marcionis</strong></span> <span class='ocrx_word' id='word_1_517' title='bbox 1254 3938 1556 3996; x_wconf 43' lang='lat' dir='ltr'><strong>sententias</strong></span> <span class='ocrx_word' id='word_1_518' title='bbox 1578 3934 1937 4007; x_wconf 78' lang='lat' dir='ltr'><strong>confugisset,</strong></span> <span class='ocrx_word' id='word_1_519' title='bbox 1987 3947 2152 4005; x_wconf 91' lang='lat' dir='ltr'><strong>quem</strong></span> 
     </span>
    </p>
   </div>
   <div class='ocr_carea' id='block_1_71' title="bbox 560 4025 2153 4096">
    <p class='ocr_par' dir='ltr' id='par_1_71' title="bbox 560 4025 2153 4096">
     <span class='ocr_line' id='line_1_71' title="bbox 560 4025 2153 4096; baseline -0.008 -6"><span class='ocrx_word' id='word_1_520' title='bbox 560 4035 655 4091; x_wconf 89' lang='lat' dir='ltr'><strong>ille</strong></span> <span class='ocrx_word' id='word_1_521' title='bbox 681 4034 861 4089; x_wconf 90' lang='lat' dir='ltr'><strong>bonus</strong></span> <span class='ocrx_word' id='word_1_522' title='bbox 891 4031 1158 4096; x_wconf 88' lang='lat' dir='ltr'><strong>mitteret,</strong></span> <span class='ocrx_word' id='word_1_523' title='bbox 1187 4027 1477 4084; x_wconf 88' lang='lat' dir='ltr'><strong>habuisset</strong></span> <span class='ocrx_word' id='word_1_524' title='bbox 1506 4026 1807 4090; x_wconf 88' lang='lat' dir='ltr'><strong>neminem,</strong></span> <span class='ocrx_word' id='word_1_525' title='bbox 1847 4025 1895 4081; x_wconf 93' lang='lat' dir='ltr'><strong>si</strong></span> <span class='ocrx_word' id='word_1_526' title='bbox 1926 4039 2035 4080; x_wconf 92' lang='lat' dir='ltr'><strong>non</strong></span> <span class='ocrx_word' id='word_1_527' title='bbox 2063 4025 2153 4080; x_wconf 88' lang='lat' dir='ltr'><strong>in-</strong></span> 
     </span>
    </p>
   </div>
   <div class='ocr_carea' id='block_1_72' title="bbox 559 4115 2152 4188">
    <p class='ocr_par' dir='ltr' id='par_1_72' title="bbox 559 4115 2152 4188">
     <span class='ocr_line' id='line_1_72' title="bbox 559 4115 2152 4188; baseline -0.006 -7"><span class='ocrx_word' id='word_1_528' title='bbox 559 4137 647 4183; x_wconf 88' lang='lat' dir='ltr'><strong>ter</strong></span> <span class='ocrx_word' id='word_1_529' title='bbox 674 4125 892 4181; x_wconf 88' lang='lat' dir='ltr'><strong>Patrem</strong></span> <span class='ocrx_word' id='word_1_530' title='bbox 933 4138 999 4179; x_wconf 88' lang='lat' dir='ltr'><strong>ac</strong></span> <span class='ocrx_word' id='word_1_531' title='bbox 1027 4120 1228 4176; x_wconf 84' lang='lat' dir='ltr'><strong>Filium</strong></span> <span class='ocrx_word' id='word_1_532' title='bbox 1269 4118 1549 4177; x_wconf 89' lang='lat' dir='ltr'><strong>Christum</strong></span> <span class='ocrx_word' id='word_1_533' title='bbox 1591 4117 1914 4175; x_wconf 81' lang='lat' dir='ltr'><strong>oﬂ&#39;e&#39;nsionis</strong></span> <span class='ocrx_word' id='word_1_534' title='bbox 1945 4115 2152 4188; x_wconf 89' lang='lat' dir='ltr'><strong>aliquid</strong></span> 
     </span>
    </p>
   </div>
   <div class='ocr_carea' id='block_1_73' title="bbox 559 4209 2154 4275">
    <p class='ocr_par' dir='ltr' id='par_1_73' title="bbox 559 4209 2154 4275">
     <span class='ocr_line' id='line_1_73' title="bbox 559 4209 2154 4275; baseline -0.008 0"><span class='ocrx_word' id='word_1_535' title='bbox 559 4218 974 4275; x_wconf 86' lang='lat' dir='ltr'><strong>intervenisset.</strong></span> <span class='ocrx_word' id='word_1_536' title='bbox 1012 4213 1217 4271; x_wconf 89' lang='lat' dir='ltr'><strong>Deinde</strong></span> <span class='ocrx_word' id='word_1_537' title='bbox 1257 4213 1306 4269; x_wconf 89' lang='lat' dir='ltr'><strong>si</strong></span> <span class='ocrx_word' id='word_1_538' title='bbox 1339 4212 1616 4269; x_wconf 77' lang='lat' dir='ltr'><strong>Creatoris</strong></span> <span class='ocrx_word' id='word_1_539' title='bbox 1664 4218 1750 4268; x_wconf 89' lang='lat' dir='ltr'><strong>est</strong></span> <span class='ocrx_word' id='word_1_540' title='bbox 1785 4210 1953 4275; x_wconf 81' lang='lat' dir='ltr'><strong>ﬁlius,</strong></span> <span class='ocrx_word' id='word_1_541' title='bbox 1985 4209 2154 4264; x_wconf 85' lang='lat' dir='ltr'><strong>idem-</strong></span> 
     </span>
    </p>
   </div>
   <div class='ocr_carea' id='block_1_74' title="bbox 557 4302 2149 4384">
    <p class='ocr_par' dir='ltr' id='par_1_74' title="bbox 557 4302 2149 4384">
     <span class='ocr_line' id='line_1_74' title="bbox 557 4302 2149 4384; baseline -0.006 -18"><span class='ocrx_word' id='word_1_542' title='bbox 557 4326 669 4384; x_wconf 79' lang='lat' dir='ltr'><strong>que</strong></span> <span class='ocrx_word' id='word_1_543' title='bbox 707 4308 976 4367; x_wconf 81' lang='lat' dir='ltr'><strong>creationi</strong></span> <span class='ocrx_word' id='word_1_544' title='bbox 1006 4307 1114 4379; x_wconf 88' lang='lat' dir='ltr'><strong>ipsi</strong></span> <span class='ocrx_word' id='word_1_545' title='bbox 1157 4321 1221 4363; x_wconf 86' lang='lat' dir='ltr'><strong>ac</strong></span> <span class='ocrx_word' id='word_1_546' title='bbox 1261 4305 1509 4378; x_wconf 79' lang='lat' dir='ltr'><strong>paternis</strong></span> <span class='ocrx_word' id='word_1_547' title='bbox 1537 4304 1800 4376; x_wconf 82' lang='lat' dir='ltr'><strong>Operibus</strong></span> <span class='ocrx_word' id='word_1_548' title='bbox 1846 4310 1933 4360; x_wconf 85' lang='lat' dir='ltr'><strong>est</strong></span> <span class='ocrx_word' id='word_1_549' title='bbox 1960 4302 2149 4358; x_wconf 89' lang='lat' dir='ltr'><strong>inimi-</strong></span> 
     </span>
    </p>
   </div>
   <div class='ocr_carea' id='block_1_75' title="bbox 559 4393 2153 4470">
    <p class='ocr_par' dir='ltr' id='par_1_75' title="bbox 559 4393 2153 4470">
     <span class='ocr_line' id='line_1_75' title="bbox 559 4393 2153 4470; baseline -0.004 -13"><span class='ocrx_word' id='word_1_550' title='bbox 559 4416 683 4467; x_wconf 84' lang='lat' dir='ltr'><strong>cus,</strong></span> <span class='ocrx_word' id='word_1_551' title='bbox 729 4401 1063 4470; x_wconf 85' lang='lat' dir='ltr'><strong>simulatque</strong></span> <span class='ocrx_word' id='word_1_552' title='bbox 1095 4400 1151 4454; x_wconf 89' lang='lat' dir='ltr'><strong>in</strong></span> <span class='ocrx_word' id='word_1_553' title='bbox 1178 4399 1329 4453; x_wconf 88' lang='lat' dir='ltr'><strong>hunc</strong></span> <span class='ocrx_word' id='word_1_554' title='bbox 1375 4398 1564 4454; x_wconf 90' lang='lat' dir='ltr'><strong>orbem</strong></span> <span class='ocrx_word' id='word_1_555' title='bbox 1612 4394 1871 4467; x_wconf 87' lang='lat' dir='ltr'><strong>delapsus</strong></span> <span class='ocrx_word' id='word_1_556' title='bbox 1911 4402 2020 4459; x_wconf 90' lang='lat' dir='ltr'><strong>est,</strong></span> <span class='ocrx_word' id='word_1_557' title='bbox 2054 4393 2153 4450; x_wconf 87' lang='lat' dir='ltr'><strong>hu-</strong></span> 
     </span>
    </p>
   </div>
   <div class='ocr_carea' id='block_1_76' title="bbox 560 4486 2150 4561">
    <p class='ocr_par' dir='ltr' id='par_1_76' title="bbox 560 4486 2150 4561">
     <span class='ocr_line' id='line_1_76' title="bbox 560 4486 2150 4561; baseline -0.004 -14"><span class='ocrx_word' id='word_1_558' title='bbox 560 4505 786 4547; x_wconf 86' lang='lat' dir='ltr'><strong>manum</strong></span> <span class='ocrx_word' id='word_1_559' title='bbox 838 4491 893 4546; x_wconf 85' lang='lat' dir='ltr'><strong>in</strong></span> <span class='ocrx_word' id='word_1_560' title='bbox 939 4490 1134 4560; x_wconf 90' lang='lat' dir='ltr'><strong>primis</strong></span> <span class='ocrx_word' id='word_1_561' title='bbox 1187 4504 1363 4561; x_wconf 74' lang='lat' dir='ltr'><strong>genus</strong></span> <span class='ocrx_word' id='word_1_562' title='bbox 1406 4488 1775 4545; x_wconf 76' lang='lat' dir='ltr'><strong>exterminare</strong></span> <span class='ocrx_word' id='word_1_563' title='bbox 1821 4486 2030 4554; x_wconf 84' lang='lat' dir='ltr'><strong>debuit,</strong></span> <span class='ocrx_word' id='word_1_564' title='bbox 2086 4494 2150 4542; x_wconf 89' lang='lat' dir='ltr'><strong>ut</strong></span> 
     </span>
    </p>
   </div>
   <div class='ocr_carea' id='block_1_77' title="bbox 561 4577 2146 4652">
    <p class='ocr_par' dir='ltr' id='par_1_77' title="bbox 561 4577 2146 4652">
     <span class='ocr_line' id='line_1_77' title="bbox 561 4577 2146 4652; baseline -0.003 -12"><span class='ocrx_word' id='word_1_565' title='bbox 561 4581 846 4640; x_wconf 86' lang='lat' dir='ltr'><strong>conditum</strong></span> <span class='ocrx_word' id='word_1_566' title='bbox 905 4581 1039 4637; x_wconf 89' lang='lat' dir='ltr'><strong>illud</strong></span> <span class='ocrx_word' id='word_1_567' title='bbox 1091 4595 1233 4652; x_wconf 85' lang='lat' dir='ltr'><strong>opus</strong></span> <span class='ocrx_word' id='word_1_568' title='bbox 1297 4596 1329 4635; x_wconf 85' lang='lat' dir='ltr'><strong>a</strong></span> <span class='ocrx_word' id='word_1_569' title='bbox 1381 4580 1540 4636; x_wconf 86' lang='lat' dir='ltr'><strong>Patre</strong></span> <span class='ocrx_word' id='word_1_570' title='bbox 1600 4577 1849 4636; x_wconf 82' lang='lat' dir='ltr'><strong>funditus</strong></span> <span class='ocrx_word' id='word_1_571' title='bbox 1903 4579 2146 4650; x_wconf 88' lang='lat' dir='ltr'><strong>deleret,</strong></span> 
     </span>
    </p>
   </div>
   <div class='ocr_carea' id='block_1_78' title="bbox 565 4670 2145 4746">
    <p class='ocr_par' dir='ltr' id='par_1_78' title="bbox 565 4670 2145 4746">
     <span class='ocr_line' id='line_1_78' title="bbox 565 4670 2145 4746; baseline -0.002 -15"><span class='ocrx_word' id='word_1_572' title='bbox 565 4682 756 4746; x_wconf 83' lang='lat' dir='ltr'><strong>utpote</strong></span> <span class='ocrx_word' id='word_1_573' title='bbox 794 4681 1149 4745; x_wconf 83' lang='lat' dir='ltr'><strong>paternarum</strong></span> <span class='ocrx_word' id='word_1_574' title='bbox 1197 4671 1540 4727; x_wconf 86' lang='lat' dir='ltr'><strong>molitionum</strong></span> <span class='ocrx_word' id='word_1_575' title='bbox 1592 4670 1769 4727; x_wconf 89' lang='lat' dir='ltr'><strong>hostis</strong></span> <span class='ocrx_word' id='word_1_576' title='bbox 1821 4672 2145 4728; x_wconf 86' lang='lat' dir='ltr'><strong>acerrimus.</strong></span> 
     </span>
    </p>
   </div>
   <div class='ocr_carea' id='block_1_79' title="bbox 564 4764 2147 4837">
    <p class='ocr_par' dir='ltr' id='par_1_79' title="bbox 564 4764 2147 4837">
     <span class='ocr_line' id='line_1_79' title="bbox 564 4764 2147 4837; baseline -0.003 -13"><span class='ocrx_word' id='word_1_577' title='bbox 564 4770 675 4824; x_wconf 81' lang='lat' dir='ltr'><strong>Aut</strong></span> <span class='ocrx_word' id='word_1_578' title='bbox 731 4774 792 4822; x_wconf 90' lang='grc' dir='ltr'>ιιι</span> <span class='ocrx_word' id='word_1_579' title='bbox 843 4764 1176 4837; x_wconf 73' lang='lat' dir='ltr'><strong>pet-sanandi</strong></span> <span class='ocrx_word' id='word_1_580' title='bbox 1224 4779 1288 4819; x_wconf 88' lang='lat' dir='ltr'><strong>ac</strong></span> <span class='ocrx_word' id='word_1_581' title='bbox 1339 4764 1569 4819; x_wconf 90' lang='lat' dir='ltr'><strong>curandi</strong></span> <span class='ocrx_word' id='word_1_582' title='bbox 1617 4764 1984 4836; x_wconf 85' lang='lat' dir='ltr'><strong>servandique</strong></span> <span class='ocrx_word' id='word_1_583' title='bbox 2036 4767 2147 4820; x_wconf 80' lang='lat' dir='ltr'><strong>vim</strong></span> 
     </span>
    </p>
   </div>
   <div class='ocr_carea' id='block_1_80' title="bbox 563 4855 2145 4930">
    <p class='ocr_par' dir='ltr' id='par_1_80' title="bbox 563 4855 2145 4930">
     <span class='ocr_line' id='line_1_80' title="bbox 563 4855 2145 4930; baseline -0.004 -13"><span class='ocrx_word' id='word_1_584' title='bbox 563 4872 836 4930; x_wconf 79' lang='lat' dir='ltr'><strong>usurpare</strong></span> <span class='ocrx_word' id='word_1_585' title='bbox 883 4857 1077 4921; x_wconf 87' lang='lat' dir='ltr'><strong>vellet,</strong></span> <span class='ocrx_word' id='word_1_586' title='bbox 1125 4856 1231 4911; x_wconf 88' lang='lat' dir='ltr'><strong>hoc</strong></span> <span class='ocrx_word' id='word_1_587' title='bbox 1277 4855 1465 4927; x_wconf 86' lang='lat' dir='ltr'><strong>ipsum</strong></span> <span class='ocrx_word' id='word_1_588' title='bbox 1502 4855 1861 4914; x_wconf 85' lang='lat' dir='ltr'><strong>humanitatis</strong></span> <span class='ocrx_word' id='word_1_589' title='bbox 1909 4855 2145 4912; x_wconf 84' lang='lat' dir='ltr'><strong>olIicium</strong></span> 
     </span>
    </p>
   </div>
   <div class='ocr_carea' id='block_1_81' title="bbox 560 4947 2145 5026">
    <p class='ocr_par' dir='ltr' id='par_1_81' title="bbox 560 4947 2145 5026">
     <span class='ocr_line' id='line_1_81' title="bbox 560 4947 2145 5026; baseline -0.003 -18"><span class='ocrx_word' id='word_1_590' title='bbox 560 4951 777 5026; x_wconf 81' lang='lat' dir='ltr'><strong>parenti</strong></span> <span class='ocrx_word' id='word_1_591' title='bbox 830 4958 958 5006; x_wconf 88' lang='lat' dir='ltr'><strong>ante</strong></span> <span class='ocrx_word' id='word_1_592' title='bbox 1014 4957 1242 5005; x_wconf 69' lang='lat' dir='ltr'><strong>caeteros</strong></span> <span class='ocrx_word' id='word_1_593' title='bbox 1282 4962 1477 5005; x_wconf 88' lang='lat' dir='ltr'><strong>omnes</strong></span> <span class='ocrx_word' id='word_1_594' title='bbox 1516 4947 1885 5004; x_wconf 88' lang='lat' dir='ltr'><strong>exhibendum</strong></span> <span class='ocrx_word' id='word_1_595' title='bbox 1944 4947 2145 5011; x_wconf 79' lang='lat' dir='ltr'><strong>fuerat,</strong></span> 
     </span>
    </p>
   </div>
   <div class='ocr_carea' id='block_1_82' title="bbox 557 5040 2144 5117">
    <p class='ocr_par' dir='ltr' id='par_1_82' title="bbox 557 5040 2144 5117">
     <span class='ocr_line' id='line_1_82' title="bbox 557 5040 2144 5117; baseline -0.004 -16"><span class='ocrx_word' id='word_1_596' title='bbox 557 5046 723 5117; x_wconf 87' lang='lat' dir='ltr'><strong>eique</strong></span> <span class='ocrx_word' id='word_1_597' title='bbox 744 5040 1209 5115; x_wconf 87' lang='lat' dir='ltr'><strong>persuadendum.</strong></span> <span class='ocrx_word' id='word_1_598' title='bbox 1240 5040 1337 5096; x_wconf 84' lang='lat' dir='ltr'><strong>tllii</strong></span> <span class='ocrx_word' id='word_1_599' title='bbox 1369 5048 1431 5096; x_wconf 90' lang='lat' dir='ltr'><strong>ut</strong></span> <span class='ocrx_word' id='word_1_600' title='bbox 1458 5055 1584 5098; x_wconf 88' lang='lat' dir='ltr'><strong>esse</strong></span> <span class='ocrx_word' id='word_1_601' title='bbox 1615 5040 1813 5097; x_wconf 89' lang='lat' dir='ltr'><strong>similis</strong></span> <span class='ocrx_word' id='word_1_602' title='bbox 1844 5040 2052 5105; x_wconf 86' lang='lat' dir='ltr'><strong>mallet,</strong></span> <span class='ocrx_word' id='word_1_603' title='bbox 2082 5048 2144 5095; x_wconf 92' lang='lat' dir='ltr'><strong>ut</strong></span> 
     </span>
    </p>
   </div>
   <div class='ocr_carea' id='block_1_83' title="bbox 561 5130 2145 5206">
    <p class='ocr_par' dir='ltr' id='par_1_83' title="bbox 561 5130 2145 5206">
     <span class='ocr_line' id='line_1_83' title="bbox 561 5130 2145 5206; baseline -0.004 -15"><span class='ocrx_word' id='word_1_604' title='bbox 561 5147 673 5192; x_wconf 89' lang='lat' dir='ltr'><strong>tam</strong></span> <span class='ocrx_word' id='word_1_605' title='bbox 708 5135 826 5206; x_wconf 88' lang='lat' dir='ltr'><strong>ipse</strong></span> <span class='ocrx_word' id='word_1_606' title='bbox 856 5133 963 5190; x_wconf 88' lang='lat' dir='ltr'><strong>sibi</strong></span> <span class='ocrx_word' id='word_1_607' title='bbox 994 5147 1160 5205; x_wconf 90' lang='lat' dir='ltr'><strong>quam</strong></span> <span class='ocrx_word' id='word_1_608' title='bbox 1196 5130 1346 5186; x_wconf 89' lang='lat' dir='ltr'><strong>Patri</strong></span> <span class='ocrx_word' id='word_1_609' title='bbox 1377 5132 1580 5196; x_wconf 89' lang='lat' dir='ltr'><strong>bonus,</strong></span> <span class='ocrx_word' id='word_1_610' title='bbox 1610 5138 1666 5187; x_wconf 90' lang='lat' dir='ltr'><strong>et</strong></span> <span class='ocrx_word' id='word_1_611' title='bbox 1691 5131 1932 5186; x_wconf 85' lang='lat' dir='ltr'><strong>humano</strong></span> <span class='ocrx_word' id='word_1_612' title='bbox 1956 5131 2145 5201; x_wconf 77' lang='lat' dir='ltr'><strong>generi</strong></span> 
     </span>
    </p>
   </div>
   <div class='ocr_carea' id='block_1_84' title="bbox 563 5221 2146 5307">
    <p class='ocr_par' dir='ltr' id='par_1_84' title="bbox 563 5221 2146 5307">
     <span class='ocr_line' id='line_1_84' title="bbox 563 5221 2146 5307; baseline -0.001 -27"><span class='ocrx_word' id='word_1_613' title='bbox 563 5224 821 5280; x_wconf 87' lang='lat' dir='ltr'><strong>salutaris</strong></span> <span class='ocrx_word' id='word_1_614' title='bbox 863 5230 1030 5288; x_wconf 88' lang='lat' dir='ltr'><strong>esset,</strong></span> <span class='ocrx_word' id='word_1_615' title='bbox 1080 5230 1246 5293; x_wconf 89' lang='lat' dir='ltr'><strong>atque</strong></span> <span class='ocrx_word' id='word_1_616' title='bbox 1290 5221 1366 5307; x_wconf 72' lang='lat' dir='ltr'><strong>ita</strong></span> <span class='ocrx_word' id='word_1_617' title='bbox 1423 5236 1532 5276; x_wconf 88' lang='lat' dir='ltr'><strong>una</strong></span> <span class='ocrx_word' id='word_1_618' title='bbox 1579 5229 1635 5277; x_wconf 91' lang='lat' dir='ltr'><strong>et</strong></span> <span class='ocrx_word' id='word_1_619' title='bbox 1681 5221 1870 5277; x_wconf 85' lang='lat' dir='ltr'><strong>eadem</strong></span> <span class='ocrx_word' id='word_1_620' title='bbox 1925 5222 2146 5278; x_wconf 84' lang='lat' dir='ltr'><strong>bonitas</strong></span> 
     </span>
    </p>
   </div>
   <div class='ocr_carea' id='block_1_85' title="bbox 561 5313 2141 5385">
    <p class='ocr_par' dir='ltr' id='par_1_85' title="bbox 561 5313 2141 5385">
     <span class='ocr_line' id='line_1_85' title="bbox 561 5313 2141 5385; baseline 0.001 -16"><span class='ocrx_word' id='word_1_621' title='bbox 561 5316 871 5373; x_wconf 79' lang='lat' dir='ltr'><strong>exsisteret.</strong></span> <span class='ocrx_word' id='word_1_622' title='bbox 933 5314 1098 5385; x_wconf 77' lang='lat' dir='ltr'><strong>Atqui</strong></span> <span class='ocrx_word' id='word_1_623' title='bbox 1162 5314 1321 5384; x_wconf 81' lang='lat' dir='ltr'><strong>longe</strong></span> <span class='ocrx_word' id='word_1_624' title='bbox 1370 5313 1476 5368; x_wconf 88' lang='lat' dir='ltr'><strong>ista</strong></span> <span class='ocrx_word' id='word_1_625' title='bbox 1532 5328 1655 5369; x_wconf 91' lang='lat' dir='ltr'><strong>sese</strong></span> <span class='ocrx_word' id='word_1_626' title='bbox 1714 5314 1871 5371; x_wconf 88' lang='lat' dir='ltr'><strong>aliter</strong></span> <span class='ocrx_word' id='word_1_627' title='bbox 1916 5315 2141 5381; x_wconf 88' lang='lat' dir='ltr'><strong>habent,</strong></span> 
     </span>
    </p>
   </div>
   <div class='ocr_carea' id='block_1_86' title="bbox 561 5404 2144 5476">
    <p class='ocr_par' dir='ltr' id='par_1_86' title="bbox 561 5404 2144 5476">
     <span class='ocr_line' id='line_1_86' title="bbox 561 5404 2144 5476; baseline 0.002 -15"><span class='ocrx_word' id='word_1_628' title='bbox 561 5420 727 5476; x_wconf 89' lang='lat' dir='ltr'><strong>quam</strong></span> <span class='ocrx_word' id='word_1_629' title='bbox 769 5407 917 5464; x_wconf 89' lang='lat' dir='ltr'><strong>illius</strong></span> <span class='ocrx_word' id='word_1_630' title='bbox 953 5406 1057 5463; x_wconf 84' lang='lat' dir='ltr'><strong>fert</strong></span> <span class='ocrx_word' id='word_1_631' title='bbox 1084 5407 1317 5463; x_wconf 81' lang='lat' dir='ltr'><strong>conﬁcta</strong></span> <span class='ocrx_word' id='word_1_632' title='bbox 1352 5420 1418 5461; x_wconf 90' lang='lat' dir='ltr'><strong>ac</strong></span> <span class='ocrx_word' id='word_1_633' title='bbox 1453 5404 1703 5465; x_wconf 83' lang='lat' dir='ltr'><strong>fabulosa</strong></span> <span class='ocrx_word' id='word_1_634' title='bbox 1740 5408 2006 5463; x_wconf 85' lang='lat' dir='ltr'><strong>narratio.</strong></span> <span class='ocrx_word' id='word_1_635' title='bbox 2047 5410 2144 5464; x_wconf 82' lang='lat' dir='ltr'><strong>Ne-</strong></span> 
     </span>
    </p>
   </div>
   <div class='ocr_carea' id='block_1_87' title="bbox 559 5499 2139 5570">
    <p class='ocr_par' dir='ltr' id='par_1_87' title="bbox 559 5499 2139 5570">
     <span class='ocr_line' id='line_1_87' title="bbox 559 5499 2139 5570; baseline 0.001 -18"><span class='ocrx_word' id='word_1_636' title='bbox 559 5514 669 5568; x_wconf 86' lang='lat' dir='ltr'><strong>que</strong></span> <span class='ocrx_word' id='word_1_637' title='bbox 692 5499 839 5554; x_wconf 89' lang='lat' dir='ltr'><strong>enim</strong></span> <span class='ocrx_word' id='word_1_638' title='bbox 872 5500 977 5553; x_wconf 89' lang='lat' dir='ltr'><strong>tria</strong></span> <span class='ocrx_word' id='word_1_639' title='bbox 1022 5507 1153 5555; x_wconf 86' lang='lat' dir='ltr'><strong>sunt</strong></span> <span class='ocrx_word' id='word_1_640' title='bbox 1182 5499 1476 5570; x_wconf 87' lang='lat' dir='ltr'><strong>principia,</strong></span> <span class='ocrx_word' id='word_1_641' title='bbox 1510 5515 1611 5554; x_wconf 89' lang='lat' dir='ltr'><strong>nec</strong></span> <span class='ocrx_word' id='word_1_642' title='bbox 1652 5499 1794 5556; x_wconf 88' lang='lat' dir='ltr'><strong>alius</strong></span> <span class='ocrx_word' id='word_1_643' title='bbox 1822 5507 1909 5557; x_wconf 88' lang='lat' dir='ltr'><strong>est</strong></span> <span class='ocrx_word' id='word_1_644' title='bbox 1936 5500 2139 5555; x_wconf 88' lang='lat' dir='ltr'><strong>Christi</strong></span> 
     </span>
    </p>
   </div>
   <div class='ocr_carea' id='block_1_88' title="bbox 561 5588 2143 5662">
    <p class='ocr_par' dir='ltr' id='par_1_88' title="bbox 561 5588 2143 5662">
     <span class='ocr_line' id='line_1_88' title="bbox 561 5588 2143 5662; baseline 0.003 -19"><span class='ocrx_word' id='word_1_645' title='bbox 561 5588 747 5654; x_wconf 78' lang='lat' dir='ltr'><strong>Pater,</strong></span> <span class='ocrx_word' id='word_1_646' title='bbox 780 5598 879 5644; x_wconf 87' lang='lat' dir='ltr'><strong>nec</strong></span> <span class='ocrx_word' id='word_1_647' title='bbox 909 5590 1000 5646; x_wconf 89' lang='lat' dir='ltr'><strong>ille</strong></span> <span class='ocrx_word' id='word_1_648' title='bbox 1028 5591 1284 5662; x_wconf 83' lang='lat' dir='ltr'><strong>nequitiae</strong></span> <span class='ocrx_word' id='word_1_649' title='bbox 1319 5591 1537 5649; x_wconf 89' lang='lat' dir='ltr'><strong>soboles</strong></span> <span class='ocrx_word' id='word_1_650' title='bbox 1562 5593 1793 5657; x_wconf 81' lang='lat' dir='ltr'><strong>exstitit,</strong></span> <span class='ocrx_word' id='word_1_651' title='bbox 1821 5593 1964 5649; x_wconf 89' lang='lat' dir='ltr'><strong>absit</strong></span> <span class='ocrx_word' id='word_1_652' title='bbox 1998 5603 2056 5648; x_wconf 92' lang='lat' dir='ltr'><strong>ut</strong></span> <span class='ocrx_word' id='word_1_653' title='bbox 2088 5591 2143 5647; x_wconf 91' lang='lat' dir='ltr'><strong>id</strong></span> 
     </span>
    </p>
   </div>
   <div class='ocr_carea' id='block_1_89' title="bbox 2255 3558 3785 3640">
    <p class='ocr_par' dir='ltr' id='par_1_89' title="bbox 2255 3558 3785 3640">
     <span class='ocr_line' id='line_1_89' title="bbox 2255 3558 3785 3640; baseline -0.006 -16"><span class='ocrx_word' id='word_1_654' title='bbox 2255 3568 2576 3639; x_wconf 84' lang='grc' dir='ltr'>δυνηθέντος</span> <span class='ocrx_word' id='word_1_655' title='bbox 2607 3568 2780 3623; x_wconf 85' lang='grc' dir='ltr'>σῶσαι</span> <span class='ocrx_word' id='word_1_656' title='bbox 2829 3569 2958 3632; x_wconf 83' lang='grc' dir='ltr'>τοὺς</span> <span class='ocrx_word' id='word_1_657' title='bbox 2993 3568 3127 3640; x_wconf 81' lang='grc' dir='ltr'>παρ’</span> <span class='ocrx_word' id='word_1_658' title='bbox 3166 3566 3316 3638; x_wconf 85' lang='grc' dir='ltr'><strong>αὐτῷ</strong></span> <span class='ocrx_word' id='word_1_659' title='bbox 3368 3567 3699 3639; x_wconf 74' lang='grc' dir='ltr'>σωζομένους,</span> <span class='ocrx_word' id='word_1_660' title='bbox 3722 3558 3785 3615; x_wconf 72' lang='grc' dir='ltr'>καὶ</span> 
     </span>
    </p>
   </div>
   <div class='ocr_carea' id='block_1_90' title="bbox 2257 3651 3784 3734">
    <p class='ocr_par' dir='ltr' id='par_1_90' title="bbox 2257 3651 3784 3734">
     <span class='ocr_line' id='line_1_90' title="bbox 2257 3651 3784 3734; baseline -0.008 -18"><span class='ocrx_word' id='word_1_661' title='bbox 2257 3662 2391 3734; x_wconf 73' lang='grc' dir='ltr'>παρ’</span> <span class='ocrx_word' id='word_1_662' title='bbox 2444 3660 2611 3715; x_wconf 77' lang='grc' dir='ltr'>αὑτοῦ</span> <span class='ocrx_word' id='word_1_663' title='bbox 2664 3660 2755 3715; x_wconf 83' lang='grc' dir='ltr'>διὰ</span> <span class='ocrx_word' id='word_1_664' title='bbox 2807 3659 3048 3733; x_wconf 82' lang='grc' dir='ltr'>Χριστοῦ</span> <span class='ocrx_word' id='word_1_665' title='bbox 3097 3659 3447 3733; x_wconf 77' lang='grc' dir='ltr'>ἑλεηθέντας.</span> <span class='ocrx_word' id='word_1_666' title='bbox 3507 3660 3570 3712; x_wconf 84' lang='grc' dir='ltr'>Εί</span> <span class='ocrx_word' id='word_1_667' title='bbox 3611 3657 3674 3728; x_wconf 75' lang='grc' dir='ltr'>μὴ</span> <span class='ocrx_word' id='word_1_668' title='bbox 3709 3651 3784 3721; x_wconf 72' lang='grc' dir='ltr'>γὰρ</span> 
     </span>
    </p>
   </div>
   <div class='ocr_carea' id='block_1_91' title="bbox 2255 3743 3784 3826">
    <p class='ocr_par' dir='ltr' id='par_1_91' title="bbox 2255 3743 3784 3826">
     <span class='ocr_line' id='line_1_91' title="bbox 2255 3743 3784 3826; baseline -0.005 -15"><span class='ocrx_word' id='word_1_669' title='bbox 2255 3756 2510 3826; x_wconf 78' lang='grc' dir='ltr'>ἀπέφυγε</span> <span class='ocrx_word' id='word_1_670' title='bbox 2542 3754 2687 3810; x_wconf 86' lang='grc' dir='ltr'><strong>κατά</strong></span> <span class='ocrx_word' id='word_1_671' title='bbox 2717 3754 2810 3809; x_wconf 80' lang='grc' dir='ltr'>τὸν</span> <span class='ocrx_word' id='word_1_672' title='bbox 2856 3753 2952 3808; x_wconf 83' lang='grc' dir='ltr'><strong>τοῦ</strong></span> <span class='ocrx_word' id='word_1_673' title='bbox 2991 3753 3318 3824; x_wconf 83' lang='grc' dir='ltr'>Μαρκίωνος</span> <span class='ocrx_word' id='word_1_674' title='bbox 3358 3753 3519 3822; x_wconf 88' lang='grc' dir='ltr'>λόγον</span> <span class='ocrx_word' id='word_1_675' title='bbox 3560 3754 3587 3805; x_wconf 89' lang='lat'><strong>6</strong></span> <span class='ocrx_word' id='word_1_676' title='bbox 3611 3743 3784 3820; x_wconf 72' lang='grc' dir='ltr'>Χριστὸς</span> 
     </span>
    </p>
   </div>
   <div class='ocr_carea' id='block_1_92' title="bbox 2266 3834 3783 3920">
    <p class='ocr_par' dir='ltr' id='par_1_92' title="bbox 2266 3834 3783 3920">
     <span class='ocr_line' id='line_1_92' title="bbox 2266 3834 3783 3920; baseline -0.008 -17"><span class='ocrx_word' id='word_1_677' title='bbox 2266 3847 2407 3920; x_wconf 80' lang='grc' dir='ltr'>πρὸς</span> <span class='ocrx_word' id='word_1_678' title='bbox 2428 3846 2522 3902; x_wconf 82' lang='grc' dir='ltr'>τὸν</span> <span class='ocrx_word' id='word_1_679' title='bbox 2547 3846 2661 3902; x_wconf 77' lang='grc' dir='ltr'><strong>ἀνω</strong></span> <span class='ocrx_word' id='word_1_680' title='bbox 2687 3845 2842 3909; x_wconf 81' lang='grc' dir='ltr'>Θεὸν.</span> <span class='ocrx_word' id='word_1_681' title='bbox 2875 3846 2976 3900; x_wconf 77' lang='grc' dir='ltr'>οὐκ</span> <span class='ocrx_word' id='word_1_682' title='bbox 3009 3845 3242 3918; x_wconf 84' lang='grc' dir='ltr'>ηὐπόρει</span> <span class='ocrx_word' id='word_1_683' title='bbox 3268 3847 3300 3899; x_wconf 98' lang='lat'><strong>6</strong></span> <span class='ocrx_word' id='word_1_684' title='bbox 3328 3844 3535 3915; x_wconf 76' lang='grc' dir='ltr'>ἀγαθὸς</span> <span class='ocrx_word' id='word_1_685' title='bbox 3568 3840 3683 3904; x_wconf 77' lang='grc' dir='ltr'>Θεὸς</span> <span class='ocrx_word' id='word_1_686' title='bbox 3701 3834 3783 3889; x_wconf 78' lang='grc' dir='ltr'>τινὰ</span> 
     </span>
    </p>
   </div>
   <div class='ocr_carea' id='block_1_93' title="bbox 2259 3930 3781 4012">
    <p class='ocr_par' dir='ltr' id='par_1_93' title="bbox 2259 3930 3781 4012">
     <span class='ocr_line' id='line_1_93' title="bbox 2259 3930 3781 4012; baseline -0.01 -17"><span class='ocrx_word' id='word_1_687' title='bbox 2259 3940 2602 4003; x_wconf 83' lang='grc' dir='ltr'>ἀποστεῖλαι,</span> <span class='ocrx_word' id='word_1_688' title='bbox 2621 3940 2671 3993; x_wconf 86' lang='grc' dir='ltr'><strong>εί</strong></span> <span class='ocrx_word' id='word_1_689' title='bbox 2700 3938 2776 4012; x_wconf 82' lang='grc' dir='ltr'>μὴ</span> <span class='ocrx_word' id='word_1_690' title='bbox 2807 3939 2867 3993; x_wconf 85' lang='grc' dir='ltr'><strong>ἑν</strong></span> <span class='ocrx_word' id='word_1_691' title='bbox 2895 3937 3261 4012; x_wconf 86' lang='grc' dir='ltr'>προσκρούσει</span> <span class='ocrx_word' id='word_1_692' title='bbox 3285 3939 3314 3992; x_wconf 87' lang='lat'><strong>6</strong></span> <span class='ocrx_word' id='word_1_693' title='bbox 3343 3937 3443 3992; x_wconf 81' lang='grc' dir='ltr'>τοῦ</span> <span class='ocrx_word' id='word_1_694' title='bbox 3473 3931 3685 4008; x_wconf 76' lang='grc' dir='ltr'>Χριστοῦ</span> <span class='ocrx_word' id='word_1_695' title='bbox 3706 3930 3781 3982; x_wconf 76' lang='grc' dir='ltr'><strong>Πι-</strong></span> 
     </span>
    </p>
   </div>
   <div class='ocr_carea' id='block_1_94' title="bbox 2252 4020 3781 4105">
    <p class='ocr_par' dir='ltr' id='par_1_94' title="bbox 2252 4020 3781 4105">
     <span class='ocr_line' id='line_1_94' title="bbox 2252 4020 3781 4105; baseline -0.02 -5"><span class='ocrx_word' id='word_1_696' title='bbox 2252 4031 2380 4105; x_wconf 79' lang='grc' dir='ltr'>τὴρ,</span> <span class='ocrx_word' id='word_1_697' title='bbox 2415 4032 2492 4096; x_wconf 82' lang='grc' dir='ltr'><strong>ὼς</strong></span> <span class='ocrx_word' id='word_1_698' title='bbox 2519 4032 2548 4085; x_wconf 80' lang='grc' dir='ltr'>ὁ</span> <span class='ocrx_word' id='word_1_699' title='bbox 2574 4030 2843 4102; x_wconf 81' lang='grc' dir='ltr'>Μαρκίων</span> <span class='ocrx_word' id='word_1_700' title='bbox 2873 4029 3044 4101; x_wconf 87' lang='grc' dir='ltr'>λέγει,</span> <span class='ocrx_word' id='word_1_701' title='bbox 3076 4029 3214 4102; x_wconf 82' lang='grc' dir='ltr'>πρὸς</span> <span class='ocrx_word' id='word_1_702' title='bbox 3243 4029 3335 4084; x_wconf 80' lang='grc' dir='ltr'>τὸν</span> <span class='ocrx_word' id='word_1_703' title='bbox 3368 4028 3499 4083; x_wconf 77' lang='grc' dir='ltr'>ἴδιον</span> <span class='ocrx_word' id='word_1_704' title='bbox 3526 4020 3781 4082; x_wconf 50' lang='lat' dir='ltr'><strong>abso-313v</strong></span> 
     </span>
    </p>
   </div>
   <div class='ocr_carea' id='block_1_95' title="bbox 2253 4108 3780 4196">
    <p class='ocr_par' dir='ltr' id='par_1_95' title="bbox 2253 4108 3780 4196">
     <span class='ocr_line' id='line_1_95' title="bbox 2253 4108 3780 4196; baseline -0.004 -17"><span class='ocrx_word' id='word_1_705' title='bbox 2253 4125 2570 4196; x_wconf 87' lang='grc' dir='ltr'>γεγένηται.</span> <span class='ocrx_word' id='word_1_706' title='bbox 2611 4125 2723 4179; x_wconf 80' lang='grc' dir='ltr'><strong>Καὶ</strong></span> <span class='ocrx_word' id='word_1_707' title='bbox 2744 4108 2945 4188; x_wconf 49' lang='grc' dir='ltr'>’ἄλλως</span> <span class='ocrx_word' id='word_1_708' title='bbox 2988 4123 3069 4187; x_wconf 85' lang='grc' dir='ltr'>δὲ,</span> <span class='ocrx_word' id='word_1_709' title='bbox 3118 4125 3166 4177; x_wconf 83' lang='grc' dir='ltr'>εἰ</span> <span class='ocrx_word' id='word_1_710' title='bbox 3197 4122 3292 4176; x_wconf 80' lang='grc' dir='ltr'><strong>τοῦ</strong></span> <span class='ocrx_word' id='word_1_711' title='bbox 3342 4117 3671 4194; x_wconf 85' lang='grc' dir='ltr'>Δημιουργοῦ</span> <span class='ocrx_word' id='word_1_712' title='bbox 3704 4112 3780 4173; x_wconf 70' lang='grc' dir='ltr'>υἱός</span> 
     </span>
    </p>
   </div>
   <div class='ocr_carea' id='block_1_96' title="bbox 2253 4208 3778 4286">
    <p class='ocr_par' dir='ltr' id='par_1_96' title="bbox 2253 4208 3778 4286">
     <span class='ocr_line' id='line_1_96' title="bbox 2253 4208 3778 4286; baseline -0.009 -14"><span class='ocrx_word' id='word_1_713' title='bbox 2253 4217 2422 4282; x_wconf 77' lang='grc' dir='ltr'>ἑστιν,</span> <span class='ocrx_word' id='word_1_714' title='bbox 2461 4215 2764 4270; x_wconf 87' lang='grc' dir='ltr'>ἀντίκειται</span> <span class='ocrx_word' id='word_1_715' title='bbox 2803 4215 2860 4269; x_wconf 79' lang='grc' dir='ltr'>δὲ</span> <span class='ocrx_word' id='word_1_716' title='bbox 2885 4217 2951 4286; x_wconf 78' lang='grc' dir='ltr'>τῇ</span> <span class='ocrx_word' id='word_1_717' title='bbox 2981 4213 3316 4286; x_wconf 72' lang='grc' dir='ltr'>δημιουργίᾳ</span> <span class='ocrx_word' id='word_1_718' title='bbox 3351 4214 3450 4269; x_wconf 79' lang='grc' dir='ltr'>καὶ</span> <span class='ocrx_word' id='word_1_719' title='bbox 3489 4212 3565 4284; x_wconf 82' lang='grc' dir='ltr'><strong>τῷ</strong></span> <span class='ocrx_word' id='word_1_720' title='bbox 3591 4209 3674 4263; x_wconf 85' lang='grc' dir='ltr'>τοῦ</span> <span class='ocrx_word' id='word_1_721' title='bbox 3700 4208 3778 4261; x_wconf 81' lang='grc' dir='ltr'>Πα-</span> 
     </span>
    </p>
   </div>
   <div class='ocr_carea' id='block_1_97' title="bbox 2252 4295 3780 4380">
    <p class='ocr_par' dir='ltr' id='par_1_97' title="bbox 2252 4295 3780 4380">
     <span class='ocr_line' id='line_1_97' title="bbox 2252 4295 3780 4380; baseline -0.004 -17"><span class='ocrx_word' id='word_1_722' title='bbox 2252 4310 2383 4380; x_wconf 85' lang='grc' dir='ltr'>τρδς</span> <span class='ocrx_word' id='word_1_723' title='bbox 2421 4306 2587 4380; x_wconf 73' lang='grc' dir='ltr'>ἔργῳ,</span> <span class='ocrx_word' id='word_1_724' title='bbox 2624 4306 2841 4379; x_wconf 84' lang='grc' dir='ltr'>πρῶτον</span> <span class='ocrx_word' id='word_1_725' title='bbox 2886 4305 2987 4379; x_wconf 78' lang='grc' dir='ltr'>μὲν</span> <span class='ocrx_word' id='word_1_726' title='bbox 3018 4305 3190 4360; x_wconf 86' lang='grc' dir='ltr'>ἑλθὼν</span> <span class='ocrx_word' id='word_1_727' title='bbox 3218 4308 3298 4369; x_wconf 81' lang='grc' dir='ltr'><strong>είς</strong></span> <span class='ocrx_word' id='word_1_728' title='bbox 3334 4304 3429 4361; x_wconf 82' lang='grc' dir='ltr'>τὸν</span> <span class='ocrx_word' id='word_1_729' title='bbox 3460 4305 3667 4374; x_wconf 86' lang='grc' dir='ltr'>κόσμον,</span> <span class='ocrx_word' id='word_1_730' title='bbox 3691 4295 3780 4357; x_wconf 62' lang='grc' dir='ltr'><strong>τοὺς</strong></span> 
     </span>
    </p>
   </div>
   <div class='ocr_carea' id='block_1_98' title="bbox 2251 4390 3779 4473">
    <p class='ocr_par' dir='ltr' id='par_1_98' title="bbox 2251 4390 3779 4473">
     <span class='ocr_line' id='line_1_98' title="bbox 2251 4390 3779 4473; baseline -0.003 -18"><span class='ocrx_word' id='word_1_731' title='bbox 2251 4397 2577 4473; x_wconf 82' lang='grc' dir='ltr'>ἀνθρώπους</span> <span class='ocrx_word' id='word_1_732' title='bbox 2619 4398 2840 4471; x_wconf 84' lang='grc' dir='ltr'>πρῶτον</span> <span class='ocrx_word' id='word_1_733' title='bbox 2874 4393 3023 4470; x_wconf 70' lang='grc' dir='ltr'>εἶχεν</span> <span class='ocrx_word' id='word_1_734' title='bbox 3046 4397 3428 4470; x_wconf 80' lang='grc' dir='ltr'>ἑξολοθρεῦσαι</span> <span class='ocrx_word' id='word_1_735' title='bbox 3446 4413 3463 4432; x_wconf 90' lang='grc'><strong>·</strong></span> <span class='ocrx_word' id='word_1_736' title='bbox 3494 4398 3576 4452; x_wconf 74' lang='grc' dir='ltr'>ἵνα</span> <span class='ocrx_word' id='word_1_737' title='bbox 3598 4390 3779 4465; x_wconf 68' lang='grc' dir='ltr'>ἀφανίσῃ</span> 
     </span>
    </p>
   </div>
   <div class='ocr_carea' id='block_1_99' title="bbox 2250 4481 3779 4566">
    <p class='ocr_par' dir='ltr' id='par_1_99' title="bbox 2250 4481 3779 4566">
     <span class='ocr_line' id='line_1_99' title="bbox 2250 4481 3779 4566; baseline -0.001 -21"><span class='ocrx_word' id='word_1_738' title='bbox 2250 4491 2315 4545; x_wconf 79' lang='grc' dir='ltr'><strong>τὸ</strong></span> <span class='ocrx_word' id='word_1_739' title='bbox 2367 4491 2528 4566; x_wconf 72' lang='grc' dir='ltr'>ἔργον</span> <span class='ocrx_word' id='word_1_740' title='bbox 2569 4491 2632 4546; x_wconf 83' lang='grc' dir='ltr'><strong>τὸ</strong></span> <span class='ocrx_word' id='word_1_741' title='bbox 2663 4492 2774 4547; x_wconf 82' lang='grc' dir='ltr'>ἀπὸ</span> <span class='ocrx_word' id='word_1_742' title='bbox 2805 4488 2900 4546; x_wconf 77' lang='grc' dir='ltr'>τοῦ</span> <span class='ocrx_word' id='word_1_743' title='bbox 2944 4491 3077 4546; x_wconf 82' lang='grc' dir='ltr'>ίδίου</span> <span class='ocrx_word' id='word_1_744' title='bbox 3119 4490 3332 4563; x_wconf 83' lang='grc' dir='ltr'>Πατρὺς</span> <span class='ocrx_word' id='word_1_745' title='bbox 3377 4481 3779 4563; x_wconf 79' lang='grc' dir='ltr'>δεδημιουργημέ-</span> 
     </span>
    </p>
   </div>
   <div class='ocr_carea' id='block_1_100' title="bbox 2252 4573 3770 4655">
    <p class='ocr_par' dir='ltr' id='par_1_100' title="bbox 2252 4573 3770 4655">
     <span class='ocr_line' id='line_1_100' title="bbox 2252 4573 3770 4655; baseline -0.005 -17"><span class='ocrx_word' id='word_1_746' title='bbox 2252 4601 2364 4650; x_wconf 90' lang='grc' dir='ltr'>νον,</span> <span class='ocrx_word' id='word_1_747' title='bbox 2397 4583 2474 4647; x_wconf 82' lang='grc' dir='ltr'>ὡς</span> <span class='ocrx_word' id='word_1_748' title='bbox 2518 4582 2788 4647; x_wconf 84' lang='grc' dir='ltr'>ἀντίδικος</span> <span class='ocrx_word' id='word_1_749' title='bbox 2832 4582 3126 4655; x_wconf 82' lang='grc' dir='ltr'>γενόμενος</span> <span class='ocrx_word' id='word_1_750' title='bbox 3156 4583 3256 4654; x_wconf 86' lang='grc' dir='ltr'><strong>τῆς</strong></span> <span class='ocrx_word' id='word_1_751' title='bbox 3288 4581 3385 4636; x_wconf 80' lang='grc' dir='ltr'><strong>τοῦ</strong></span> <span class='ocrx_word' id='word_1_752' title='bbox 3424 4581 3623 4654; x_wconf 70' lang='grc' dir='ltr'>Πατρός</span> <span class='ocrx_word' id='word_1_753' title='bbox 3645 4573 3770 4632; x_wconf 59' lang='lat' dir='ltr'><strong>6m“-</strong></span> 
     </span>
    </p>
   </div>
   <div class='ocr_carea' id='block_1_101' title="bbox 2253 4666 3777 4746">
    <p class='ocr_par' dir='ltr' id='par_1_101' title="bbox 2253 4666 3777 4746">
     <span class='ocr_line' id='line_1_101' title="bbox 2253 4666 3777 4746; baseline -0.006 -16"><span class='ocrx_word' id='word_1_754' title='bbox 2253 4692 2413 4741; x_wconf 83' lang='grc' dir='ltr'>σεως.</span> <span class='ocrx_word' id='word_1_755' title='bbox 2449 4676 2521 4729; x_wconf 85' lang='grc' dir='ltr'><strong>Ἦ</strong></span> <span class='ocrx_word' id='word_1_756' title='bbox 2547 4674 2710 4728; x_wconf 82' lang='grc' dir='ltr'>πάλιν</span> <span class='ocrx_word' id='word_1_757' title='bbox 2733 4673 2914 4729; x_wconf 77' lang='grc' dir='ltr'>λαὸὼν</span> <span class='ocrx_word' id='word_1_758' title='bbox 2941 4675 3171 4746; x_wconf 84' lang='grc' dir='ltr'>δύναμιν</span> <span class='ocrx_word' id='word_1_759' title='bbox 3199 4675 3395 4740; x_wconf 78' lang='grc' dir='ltr'>ἰάσεως</span> <span class='ocrx_word' id='word_1_760' title='bbox 3424 4673 3518 4728; x_wconf 80' lang='grc' dir='ltr'>καὶ</span> <span class='ocrx_word' id='word_1_761' title='bbox 3543 4666 3777 4744; x_wconf 75' lang='grc' dir='ltr'>θεραπείας</span> 
     </span>
    </p>
   </div>
   <div class='ocr_carea' id='block_1_102' title="bbox 2250 4757 3777 4839">
    <p class='ocr_par' dir='ltr' id='par_1_102' title="bbox 2250 4757 3777 4839">
     <span class='ocr_line' id='line_1_102' title="bbox 2250 4757 3777 4839; baseline -0.005 -17"><span class='ocrx_word' id='word_1_762' title='bbox 2250 4768 2346 4822; x_wconf 57' lang='grc' dir='ltr'><strong>καί⁵</strong></span> <span class='ocrx_word' id='word_1_763' title='bbox 2378 4767 2673 4839; x_wconf 77' lang='grc' dir='ltr'>σωτηρίας,</span> <span class='ocrx_word' id='word_1_764' title='bbox 2705 4765 2937 4837; x_wconf 80' lang='grc' dir='ltr'>ὤφειλεν</span> <span class='ocrx_word' id='word_1_765' title='bbox 2969 4765 3304 4832; x_wconf 82' lang='grc' dir='ltr'>ἑνδείξασθαι</span> <span class='ocrx_word' id='word_1_766' title='bbox 3342 4768 3422 4830; x_wconf 85' lang='grc' dir='ltr'><strong>εις</strong></span> <span class='ocrx_word' id='word_1_767' title='bbox 3451 4766 3542 4820; x_wconf 81' lang='grc' dir='ltr'>τὸν</span> <span class='ocrx_word' id='word_1_768' title='bbox 3576 4763 3687 4817; x_wconf 73' lang='grc' dir='ltr'>ἴδιον</span> <span class='ocrx_word' id='word_1_769' title='bbox 3707 4757 3777 4814; x_wconf 69' lang='grc' dir='ltr'><strong>αὒ-</strong></span> 
     </span>
    </p>
   </div>
   <div class='ocr_carea' id='block_1_103' title="bbox 2250 4850 3765 4930">
    <p class='ocr_par' dir='ltr' id='par_1_103' title="bbox 2250 4850 3765 4930">
     <span class='ocr_line' id='line_1_103' title="bbox 2250 4850 3765 4930; baseline -0.003 -19"><span class='ocrx_word' id='word_1_770' title='bbox 2250 4857 2347 4912; x_wconf 84' lang='grc' dir='ltr'>τοῦ</span> <span class='ocrx_word' id='word_1_771' title='bbox 2390 4858 2610 4930; x_wconf 87' lang='grc' dir='ltr'>Πατέρα</span> <span class='ocrx_word' id='word_1_772' title='bbox 2655 4857 2761 4928; x_wconf 75' lang='grc' dir='ltr'>πρὸ</span> <span class='ocrx_word' id='word_1_773' title='bbox 2788 4856 3008 4912; x_wconf 84' lang='grc' dir='ltr'>πάντων</span> <span class='ocrx_word' id='word_1_774' title='bbox 3042 4858 3140 4930; x_wconf 80' lang='grc' dir='ltr'>τὴν</span> <span class='ocrx_word' id='word_1_775' title='bbox 3169 4857 3271 4927; x_wconf 78' lang='grc' dir='ltr'>τῆς</span> <span class='ocrx_word' id='word_1_776' title='bbox 3302 4854 3685 4928; x_wconf 82' lang='grc' dir='ltr'>φιλανθρωπίας</span> <span class='ocrx_word' id='word_1_777' title='bbox 3710 4850 3765 4917; x_wconf 77' lang='grc' dir='ltr'>ἐρ</span> 
     </span>
    </p>
   </div>
   <div class='ocr_carea' id='block_1_104' title="bbox 2248 4938 3775 5023">
    <p class='ocr_par' dir='ltr' id='par_1_104' title="bbox 2248 4938 3775 5023">
     <span class='ocr_line' id='line_1_104' title="bbox 2248 4938 3775 5023; baseline -0.009 -18"><span class='ocrx_word' id='word_1_778' title='bbox 2248 4950 2470 5019; x_wconf 88' lang='grc' dir='ltr'>γασίαν,</span> <span class='ocrx_word' id='word_1_779' title='bbox 2507 4950 2600 5004; x_wconf 75' lang='grc' dir='ltr'>καὶ</span> <span class='ocrx_word' id='word_1_780' title='bbox 2647 4948 2864 5022; x_wconf 82' lang='grc' dir='ltr'>πρῶτον</span> <span class='ocrx_word' id='word_1_781' title='bbox 2911 4952 3097 5004; x_wconf 89' lang='grc' dir='ltr'>πεῖσαι</span> <span class='ocrx_word' id='word_1_782' title='bbox 3136 4949 3229 5005; x_wconf 80' lang='grc' dir='ltr'><strong>τὸν</strong></span> <span class='ocrx_word' id='word_1_783' title='bbox 3259 4950 3478 5023; x_wconf 86' lang='grc' dir='ltr'>Πατέρα</span> <span class='ocrx_word' id='word_1_784' title='bbox 3502 4944 3651 5004; x_wconf 87' lang='grc' dir='ltr'><strong>αὐτοῦ</strong></span> <span class='ocrx_word' id='word_1_785' title='bbox 3687 4938 3775 4994; x_wconf 80' lang='grc' dir='ltr'>κατ’</span> 
     </span>
    </p>
   </div>
   <div class='ocr_carea' id='block_1_105' title="bbox 2250 5033 3773 5115">
    <p class='ocr_par' dir='ltr' id='par_1_105' title="bbox 2250 5033 3773 5115">
     <span class='ocr_line' id='line_1_105' title="bbox 2250 5033 3773 5115; baseline -0.009 -18"><span class='ocrx_word' id='word_1_786' title='bbox 2250 5042 2414 5098; x_wconf 84' lang='grc' dir='ltr'>αὐτὸν</span> <span class='ocrx_word' id='word_1_787' title='bbox 2442 5041 2696 5111; x_wconf 88' lang='grc' dir='ltr'>γενέσθαι</span> <span class='ocrx_word' id='word_1_788' title='bbox 2714 5059 2728 5073; x_wconf 78' lang='grc'><em>’</em></span> <span class='ocrx_word' id='word_1_789' title='bbox 2762 5041 2870 5110; x_wconf 79' lang='grc' dir='ltr'>ἵνα,</span> <span class='ocrx_word' id='word_1_790' title='bbox 2904 5042 3194 5115; x_wconf 86' lang='grc' dir='ltr'>γενόμενος</span> <span class='ocrx_word' id='word_1_791' title='bbox 3219 5042 3366 5114; x_wconf 86' lang='grc' dir='ltr'><strong>αὑτῷ</strong></span> <span class='ocrx_word' id='word_1_792' title='bbox 3392 5060 3449 5096; x_wconf 82' lang='grc' dir='ltr'><strong>τε</strong></span> <span class='ocrx_word' id='word_1_793' title='bbox 3490 5040 3580 5095; x_wconf 74' lang='grc' dir='ltr'>καὶ</span> <span class='ocrx_word' id='word_1_794' title='bbox 3602 5034 3669 5107; x_wconf 81' lang='grc' dir='ltr'><strong>τῷ</strong></span> <span class='ocrx_word' id='word_1_795' title='bbox 3695 5033 3773 5085; x_wconf 79' lang='grc' dir='ltr'>Πα-</span> 
     </span>
    </p>
   </div>
   <div class='ocr_carea' id='block_1_106' title="bbox 2250 5123 3775 5206">
    <p class='ocr_par' dir='ltr' id='par_1_106' title="bbox 2250 5123 3775 5206">
     <span class='ocr_line' id='line_1_106' title="bbox 2250 5123 3775 5206; baseline 0.001 -19"><span class='ocrx_word' id='word_1_796' title='bbox 2250 5134 2341 5206; x_wconf 77' lang='grc' dir='ltr'><strong>τρὶ</strong></span> <span class='ocrx_word' id='word_1_797' title='bbox 2388 5133 2555 5189; x_wconf 79' lang='grc' dir='ltr'>αὑτοῦ</span> <span class='ocrx_word' id='word_1_798' title='bbox 2598 5133 2825 5204; x_wconf 82' lang='grc' dir='ltr'>ἀγαθὸς,</span> <span class='ocrx_word' id='word_1_799' title='bbox 2870 5135 2969 5206; x_wconf 80' lang='grc' dir='ltr'><strong>τῆς</strong></span> <span class='ocrx_word' id='word_1_800' title='bbox 3017 5133 3154 5205; x_wconf 87' lang='grc' dir='ltr'>πρὸς</span> <span class='ocrx_word' id='word_1_801' title='bbox 3204 5132 3520 5206; x_wconf 71' lang='grc' dir='ltr'>ἀνθρώπους</span> <span class='ocrx_word' id='word_1_802' title='bbox 3557 5123 3775 5197; x_wconf 69' lang='grc' dir='ltr'>σωτηρίας</span> 
     </span>
    </p>
   </div>
   <div class='ocr_carea' id='block_1_107' title="bbox 2249 5213 3772 5300">
    <p class='ocr_par' dir='ltr' id='par_1_107' title="bbox 2249 5213 3772 5300">
     <span class='ocr_line' id='line_1_107' title="bbox 2249 5213 3772 5300; baseline -0.024 -16"><span class='ocrx_word' id='word_1_803' title='bbox 2249 5229 2284 5299; x_wconf 74' lang='grc' dir='ltr'><strong>ἡ</strong></span> <span class='ocrx_word' id='word_1_804' title='bbox 2325 5226 2426 5299; x_wconf 87' lang='grc' dir='ltr'><strong>μία</strong></span> <span class='ocrx_word' id='word_1_805' title='bbox 2453 5227 2547 5280; x_wconf 82' lang='grc' dir='ltr'>καὶ</span> <span class='ocrx_word' id='word_1_806' title='bbox 2578 5229 2611 5299; x_wconf 80' lang='grc' dir='ltr'>ἡ</span> <span class='ocrx_word' id='word_1_807' title='bbox 2652 5226 2792 5298; x_wconf 83' lang='grc' dir='ltr'>αὑτὴ</span> <span class='ocrx_word' id='word_1_808' title='bbox 2827 5227 3100 5299; x_wconf 75' lang='grc' dir='ltr'>ἀγαθότ-ης</span> <span class='ocrx_word' id='word_1_809' title='bbox 3134 5228 3378 5300; x_wconf 51' lang='grc' dir='ltr'>γένηται,</span> <span class='ocrx_word' id='word_1_810' title='bbox 3429 5225 3559 5280; x_wconf 64' lang='grc' dir='ltr'><strong>Ἀλλ’</strong></span> <span class='ocrx_word' id='word_1_811' title='bbox 3588 5222 3672 5291; x_wconf 69' lang='grc' dir='ltr'><strong>οὐχ</strong></span> <span class='ocrx_word' id='word_1_812' title='bbox 3705 5213 3772 5268; x_wconf 54' lang='grc' dir='ltr'><strong>οὗ.</strong></span> 
     </span>
    </p>
   </div>
   <div class='ocr_carea' id='block_1_108' title="bbox 2251 5306 3773 5391">
    <p class='ocr_par' dir='ltr' id='par_1_108' title="bbox 2251 5306 3773 5391">
     <span class='ocr_line' id='line_1_108' title="bbox 2251 5306 3773 5391; baseline -0.01 -18"><span class='ocrx_word' id='word_1_813' title='bbox 2251 5336 2359 5382; x_wconf 85' lang='grc' dir='ltr'><strong>τως</strong></span> <span class='ocrx_word' id='word_1_814' title='bbox 2394 5318 2530 5390; x_wconf 73' lang='grc' dir='ltr'>ἔχει,</span> <span class='ocrx_word' id='word_1_815' title='bbox 2559 5318 2636 5383; x_wconf 83' lang='grc' dir='ltr'>ὡς</span> <span class='ocrx_word' id='word_1_816' title='bbox 2664 5320 2694 5372; x_wconf 91' lang='lat'><strong>6</strong></span> <span class='ocrx_word' id='word_1_817' title='bbox 2721 5319 2912 5372; x_wconf 83' lang='grc' dir='ltr'>τούτου</span> <span class='ocrx_word' id='word_1_818' title='bbox 2949 5320 3418 5391; x_wconf 85' lang='grc' dir='ltr'>κενοφωνούμενος</span> <span class='ocrx_word' id='word_1_819' title='bbox 3463 5314 3685 5389; x_wconf 82' lang='grc' dir='ltr'>μυθώδης</span> <span class='ocrx_word' id='word_1_820' title='bbox 3710 5306 3773 5359; x_wconf 63' lang='grc' dir='ltr'>λύε</span> 
     </span>
    </p>
   </div>
   <div class='ocr_carea' id='block_1_109' title="bbox 2251 5404 3768 5486">
    <p class='ocr_par' dir='ltr' id='par_1_109' title="bbox 2251 5404 3768 5486">
     <span class='ocr_line' id='line_1_109' title="bbox 2251 5404 3768 5486; baseline 0.004 -21"><span class='ocrx_word' id='word_1_821' title='bbox 2251 5429 2367 5481; x_wconf 89' lang='grc' dir='ltr'>γος.</span> <span class='ocrx_word' id='word_1_822' title='bbox 2412 5411 2549 5467; x_wconf 71' lang='grc' dir='ltr'>Οὔτε</span> <span class='ocrx_word' id='word_1_823' title='bbox 2577 5412 2688 5486; x_wconf 84' lang='grc' dir='ltr'><strong>γὰρ</strong></span> <span class='ocrx_word' id='word_1_824' title='bbox 2718 5414 2867 5485; x_wconf 81' lang='grc' dir='ltr'>τρεῖς</span> <span class='ocrx_word' id='word_1_825' title='bbox 2910 5414 3096 5486; x_wconf 74' lang='grc' dir='ltr'>ἀρχαὶ,</span> <span class='ocrx_word' id='word_1_826' title='bbox 3128 5413 3250 5469; x_wconf 82' lang='grc' dir='ltr'>οὔτε</span> <span class='ocrx_word' id='word_1_827' title='bbox 3292 5416 3443 5478; x_wconf 80' lang='grc' dir='ltr'>ἄλλος</span> <span class='ocrx_word' id='word_1_828' title='bbox 3482 5409 3648 5479; x_wconf 80' lang='grc' dir='ltr'>Πατὴρ</span> <span class='ocrx_word' id='word_1_829' title='bbox 3670 5404 3768 5471; x_wconf 72' lang='grc' dir='ltr'>Χρι·</span> 
     </span>
    </p>
   </div>
   <div class='ocr_carea' id='block_1_110' title="bbox 2253 5488 3768 5579">
    <p class='ocr_par' dir='ltr' id='par_1_110' title="bbox 2253 5488 3768 5579">
     <span class='ocr_line' id='line_1_110' title="bbox 2253 5488 3768 5579; baseline -0.004 -22"><span class='ocrx_word' id='word_1_830' title='bbox 2253 5503 2401 5567; x_wconf 80' lang='grc' dir='ltr'>στοῦ,</span> <span class='ocrx_word' id='word_1_831' title='bbox 2449 5505 2572 5559; x_wconf 80' lang='grc' dir='ltr'>οὐδὲ</span> <span class='ocrx_word' id='word_1_832' title='bbox 2612 5505 2813 5568; x_wconf 86' lang='grc' dir='ltr'>κακίας</span> <span class='ocrx_word' id='word_1_833' title='bbox 2850 5505 2967 5558; x_wconf 76' lang='grc' dir='ltr'>ἐστὶ</span> <span class='ocrx_word' id='word_1_834' title='bbox 2991 5506 3256 5578; x_wconf 85' lang='grc' dir='ltr'>γέννημα,</span> <span class='ocrx_word' id='word_1_835' title='bbox 3292 5508 3365 5579; x_wconf 86' lang='grc' dir='ltr'>μὴ</span> <span class='ocrx_word' id='word_1_836' title='bbox 3404 5502 3626 5575; x_wconf 76' lang='grc' dir='ltr'>γένοιτοί</span> <span class='ocrx_word' id='word_1_837' title='bbox 3665 5488 3768 5561; x_wconf 64' lang='grc' dir='ltr'>Φησὶ</span> 
     </span>
    </p>
   </div>
   <div class='ocr_carea' id='block_1_111' title="bbox 2251 5581 3765 5669">
    <p class='ocr_par' dir='ltr' id='par_1_111' title="bbox 2251 5581 3765 5669">
     <span class='ocr_line' id='line_1_111' title="bbox 2251 5581 3765 5669; baseline -0.026 6"><span class='ocrx_word' id='word_1_838' title='bbox 2251 5597 2395 5669; x_wconf 83' lang='grc' dir='ltr'><strong>γάρ’</strong></span> <span class='ocrx_word' id='word_1_839' title='bbox 2444 5596 2592 5667; x_wconf 79' lang='grc' dir='ltr'><strong>Ἐγὼ</strong></span> <span class='ocrx_word' id='word_1_840' title='bbox 2627 5597 2698 5650; x_wconf 81' lang='grc' dir='ltr'>ἐν</span> <span class='ocrx_word' id='word_1_841' title='bbox 2732 5596 2814 5662; x_wconf 83' lang='grc' dir='ltr'>τῷ</span> <span class='ocrx_word' id='word_1_842' title='bbox 2865 5599 3070 5667; x_wconf 77' lang='grc' dir='ltr'>Πατρὶ,</span> <span class='ocrx_word' id='word_1_843' title='bbox 3115 5600 3213 5654; x_wconf 77' lang='grc' dir='ltr'><strong>καί</strong></span> <span class='ocrx_word' id='word_1_844' title='bbox 3258 5603 3292 5653; x_wconf 76' lang='grc' dir='ltr'><em>δ</em></span> <span class='ocrx_word' id='word_1_845' title='bbox 3333 5596 3527 5665; x_wconf 84' lang='grc' dir='ltr'>Πατὴρ</span> <span class='ocrx_word' id='word_1_846' title='bbox 3559 5594 3621 5647; x_wconf 82' lang='grc' dir='ltr'>ὲν</span> <span class='ocrx_word' id='word_1_847' title='bbox 3650 5581 3765 5657; x_wconf 75' lang='grc' dir='ltr'>ἐμοί.</span> 
     </span>
    </p>
   </div>
   <div class='ocr_carea' id='block_1_112' title="bbox 561 5684 3117 5762">
    <p class='ocr_par' dir='ltr' id='par_1_112' title="bbox 561 5684 3117 5762">
     <span class='ocr_line' id='line_1_112' title="bbox 561 5684 3117 5762; baseline 0.004 -24"><span class='ocrx_word' id='word_1_848' title='bbox 561 5696 804 5753; x_wconf 85' lang='lat' dir='ltr'><strong>unquam</strong></span> <span class='ocrx_word' id='word_1_849' title='bbox 837 5684 1230 5743; x_wconf 85' lang='lat' dir='ltr'><strong>existimemus.</strong></span> <span class='ocrx_word' id='word_1_850' title='bbox 1281 5686 1357 5742; x_wconf 87' lang='lat' dir='ltr'><strong>Ita</strong></span> <span class='ocrx_word' id='word_1_851' title='bbox 1391 5692 1535 5744; x_wconf 87' lang='lat' dir='ltr'><strong>enim</strong></span> <span class='ocrx_word' id='word_1_852' title='bbox 1562 5691 1692 5761; x_wconf 78' lang='lat' dir='ltr'><strong>ipse</strong></span> <span class='ocrx_word' id='word_1_853' title='bbox 1723 5696 1995 5746; x_wconf 89' lang='lat' dir='ltr'><strong>testatur:</strong></span> <span class='ocrx_word' id='word_1_854' title='bbox 2032 5689 2144 5762; x_wconf 82' lang='lat' dir='ltr'><strong>Ego</strong></span> <span class='ocrx_word' id='word_1_855' title='bbox 2184 5692 2237 5746; x_wconf 84' lang='lat' dir='ltr'><strong>in</strong></span> <span class='ocrx_word' id='word_1_856' title='bbox 2278 5692 2464 5758; x_wconf 88' lang='lat' dir='ltr'><strong>Patre,</strong></span> <span class='ocrx_word' id='word_1_857' title='bbox 2495 5705 2544 5749; x_wconf 89' lang='lat' dir='ltr'><strong>et</strong></span> <span class='ocrx_word' id='word_1_858' title='bbox 2578 5692 2745 5751; x_wconf 81' lang='lat' dir='ltr'><strong>Pater</strong></span> <span class='ocrx_word' id='word_1_859' title='bbox 2777 5695 2830 5749; x_wconf 84' lang='lat' dir='ltr'><strong>in</strong></span> <span class='ocrx_word' id='word_1_860' title='bbox 2874 5712 2953 5750; x_wconf 85' lang='lat' dir='ltr'><strong>me</strong></span> <span class='ocrx_word' id='word_1_861' title='bbox 2979 5706 3055 5752; x_wconf 77' lang='lat' dir='ltr'><strong>est</strong></span> <span class='ocrx_word' id='word_1_862' title='bbox 3078 5697 3117 5749; x_wconf 86' lang='grc'>³.</span> 
     </span>
    </p>
   </div>
   <div class='ocr_carea' id='block_1_113' title="bbox 642 5834 2151 5918">
    <p class='ocr_par' dir='ltr' id='par_1_113' title="bbox 642 5834 2151 5918">
     <span class='ocr_line' id='line_1_113' title="bbox 642 5834 2151 5918; baseline 0.009 -27"><span class='ocrx_word' id='word_1_863' title='bbox 642 5834 859 5894; x_wconf 72' lang='lat' dir='ltr'><strong>‘Hebr.</strong></span> <span class='ocrx_word' id='word_1_864' title='bbox 899 5854 973 5904; x_wconf 82' lang='lat' dir='ltr'><strong>tv,</strong></span> <span class='ocrx_word' id='word_1_865' title='bbox 998 5841 1082 5896; x_wconf 73' lang='grc'>12.</span> <span class='ocrx_word' id='word_1_866' title='bbox 1161 5847 1182 5877; x_wconf 78' lang='grc'>³</span> <span class='ocrx_word' id='word_1_867' title='bbox 1214 5844 1393 5902; x_wconf 84' lang='lat' dir='ltr'><strong>Galat.</strong></span> <span class='ocrx_word' id='word_1_868' title='bbox 1429 5864 1502 5915; x_wconf 86' lang='lat' dir='ltr'><strong>vt,</strong></span> <span class='ocrx_word' id='word_1_869' title='bbox 1540 5847 1626 5903; x_wconf 74' lang='lat'><strong>12.</strong></span> <span class='ocrx_word' id='word_1_870' title='bbox 1707 5848 1727 5880; x_wconf 87' lang='grc'>³</span> <span class='ocrx_word' id='word_1_871' title='bbox 1755 5847 1915 5904; x_wconf 75' lang='lat' dir='ltr'><strong>Joan.</strong></span> <span class='ocrx_word' id='word_1_872' title='bbox 1955 5865 2065 5918; x_wconf 79' lang='lat' dir='ltr'><strong>xw,</strong></span> <span class='ocrx_word' id='word_1_873' title='bbox 2099 5850 2151 5906; x_wconf 75' lang='lat' dir='ltr'><strong>lt</strong></span> 
     </span>
    </p>
   </div>
   <div class='ocr_carea' id='block_1_114' title="bbox 2255 5834 2560 5918">
    <p class='ocr_par' dir='ltr' id='par_1_114' title="bbox 2263 5848 2560 5907">
     <span class='ocr_line' id='line_1_114' title="bbox 2263 5848 2560 5907; baseline 0.01 -3"><span class='ocrx_word' id='word_1_874' title='bbox 2263 5850 2284 5882; x_wconf 69' lang='grc'>⁸</span> <span class='ocrx_word' id='word_1_875' title='bbox 2309 5848 2437 5907; x_wconf 81' lang='lat' dir='ltr'><strong>For.</strong></span> <span class='ocrx_word' id='word_1_876' title='bbox 2464 5851 2560 5907; x_wconf 65' lang='grc' dir='ltr'><strong>ἔτι.</strong></span> 
     </span>
    </p>
   </div>
  </div>
