3958 6418
159 413 255 471 817

823 410 1052 467 ADVEB
1065 410 1197 468 SUS
1222 408 1577 465 'HA‘IRESES
1609 407 1733 462 LIB.

1855 404 1897 460 Τ
1902 403 2020 461 ΟΜ.
2055 398 2511 458 111.-ΗιΕΒΕ8.
2549 396 2735 454 XLIII.

3302 391 3408 452 8'48

224 524 329 579 Καὶ
371 524 420 576 εί
451 523 550 594 μὲν
579 521 747 585 νόθως
774 522 924 590 λέγει
964 520 1175 592 πατέρα
1203 520 1376 591 ἔχειν,
1405 521 1466 574 οὐ
1500 518 1724 573 δύναται

1898 514 2054 581 Quod
2083 514 2129 569 si
2161 510 2530 568 adulterinum
2565 511 2717 566 illum
2750 488 3029 579 parentem
3068 507 3414 579 intelligeret,

154 612 312 670 αὐτοῦ
332 615 359 666 ὁ
395 611 548 674 νόθος
587 610 778 683 Πατὴρ
803 610 1133 681 καλούμενος
1157 610 1213 662 ὲν
1240 608 1389 675 αὐτῷ
1411 604 1573 672 εἶναι,
1606 606 1730 659 οὐδὲ

1836 622 1949 662 non
2005 612 2189 677 potest
2217 606 2264 660 is
2314 604 2408 675 qui
2452 604 2795 677 adulterinus
2818 600 2978 657 Pater
3004 600 3205 662 dicitur
3235 598 3290 654 in
3323 599 3417 654 illo

156 705 312 769 αὐτὸς
337 706 409 769 ἐν,
430 702 509 774 τῷ
531 703 728 774 Πατρί.
773 703 831 756 '0
859 702 918 756 δὲ
963 700 1103 755 κατὰ
1130 700 1291 770 φύσιν
1321 699 1487 754 αὑτοῦ
1512 697 1732 769 Πατέρα

1840 714 1973 769 esse,
2011 711 2113 753 nec
2145 695 2235 751 ille
2267 696 2321 750 in
2379 693 2559 750 Patre.
2599 692 2706 750 Sed
2738 707 2862 749 cum
2898 707 3218 764 germanum
3262 691 3417 745 illum

157 796 242 849 ἀεὶ
270 793 502 863 ἀγαθὸνς
538 792 633 846 καὶ
673 790 807 845 Θεὸν
844 792 951 853 ἀεὶ,
989 791 1083 845 καὶ
1118 791 1335 844 πάντων
1369 788 1730 861 Δημιουργὸν,

158 883 329 955 ἑαυτῷ
356 883 413 937 δὲ
453 882 583 937 ὄντα
617 881 712 937 καὶ
744 881 842 934 σὺν
889 881 1040 952 αὐτῷ
1090 881 1405 953 ὑπάρχοντα
1442 879 1729 946 διδάσκων,

159 976 252 1029 καὶ
294 973 605 1046 ἀληθεύων,
650 972 791 1027 κατά
829 972 924 1026 τοῦ
972 973 1300 1045 Μαρκίωνος
1360 974 1460 1044 τὴν
1503 971 1731 1043 ἀπειλὴν

155 1064 481 1138 διεξέρχεται
517 1062 612 1117 τοῦ
635 1064 887 1132 λέγοντος
913 1064 928 1095 ¹
949 1079 963 1094 ·
1003 1063 1066 1117 '0
1091 1063 1181 1134 μὴ
1210 1061 1396 1134 τιμῶν
1431 1062 1537 1117 τὸν
1574 1061 1732 1128 Υἱὸν,

156 1159 235 1222 ὠς
272 1154 403 1226 τιμᾷ
431 1154 541 1208 τὸν
578 1152 831 1222 Πατέρα,
863 1156 900 1224 ἡ
930 1154 1076 1225 ὀργὴ
1114 1154 1219 1209 τοῦ
1250 1155 1397 1209 Θεοῦ
1430 1155 1522 1209 ἐπ’
1547 1154 1736 1209 αὑτὸν

152 1248 335 1320 μένει.
371 1246 511 1316 Ἤδη
540 1245 598 1299 δὲ
629 1246 686 1299 ἀν
715 1246 937 1309 πολλαῖς
974 1246 1300 1319 μαρτυρίαις
1332 1246 1613 1318 ἐδείξαμεν
1641 1246 1735 1301 τὸν

157 1342 253 1396 ἕνα
274 1342 399 1395 ὅντα
429 1340 589 1405 Θεδν,
616 1338 707 1392 τὸν
738 1338 957 1410 Πατέρα
977 1334 1069 1393 τοῦ
1108 1337 1315 1410 Κυρίου
1358 1337 1517 1410 ήμῶν
1556 1337 1735 1410 Ἰησοῦ

161 1428 412 1502 Χριστοῦ,
441 1424 646 1496 ἀγαθὸν
670 1426 823 1493 ὄντα,
851 1427 946 1480 καὶ
972 1426 1177 1495 ἀγαθὸν
1214 1428 1572 1499 γεννήσαντα.
1602 1426 1737 1496 ἀγά-

160 1538 267 1592 πην
291 1520 439 1584 ὅντα,
474 1519 569 1572 καὶ
594 1518 817 1589 ἀγάπην
852 1519 1214 1590 γεννήσαντα,
1245 1519 1428 1589 πηγὴν
1455 1518 1605 1581 ὄντα,
1642 1519 1738 1572 καὶ

159 1611 301 1682 ζωῆς
348 1610 530 1682 πηγὴν
578 1611 916 1680 γεννήσαντα
970 1610 1183 1679 (Παρὰ
1240 1610 1342 1664 σοι
1410 1610 1521 1681 γὰρ
1571 1608 1735 1680 πηγὴ

159 1703 320 1768 ζωῆς,
346 1704 507 1775 φησὶν
534 1703 568 1774 ή
598 1700 847 1774 Γραφή)·
902 1702 1159 1773 ἀλήθειαν
1188 1702 1338 1765 ὄντα,
1364 1701 1455 1755 καὶ
1478 1700 1737 1769 ἀλήθειαν

164 1795 511 1863 γεννήσαντα,
556 1793 672 1864 φῶς
705 1794 862 1859 ὄντα,
897 1795 993 1848 καὶ
1027 1792 1143 1863 φῶς
1189 1794 1550 1865 γεννήσαντα,
1588 1793 1735 1862 ζωὴν

157 1885 302 1948 ὅντα,
332 1885 425 1939 καὶ
447 1884 593 1955 ζωὴν
621 1884 1267 1956 γεννήσαντα,νάνάρχως
1303 1886 1396 1938 καὶ
1424 1883 1609 1947 ἁῖδίως
1639 1882 1734 1937 καὶ
1766 1867 1807 1925 Β

157 1975 415 2047 ἁχρόνως.
467 1976 575 2030 Καὶ
617 1975 942 2048 ὲλήλεγκται
982 1978 1122 2031 κατά
1163 1977 1341 2031 πάντα
1369 1978 1403 2048 ή
1450 1975 1542 2030 τοῦ
1576 1977 1732 2048 Μαρ-

160 2065 347 2130 κίωνος
381 2067 443 2119 π)
457 2067 580 2139 ἀνη.

228 2238 442 2291 Τούτων
475 2235 660 2291 τοίνυν
698 2237 868 2302 οὕτως
906 2239 1160 2309 ἐχόντων,
1194 2239 1289 2294 καλ⁵
1331 2239 1429 2310 τῆς
1465 2238 1607 2292 κατά
1639 2238 1733 2292 τοῦ

164 2327 470 2391 ἀπατεῶνος
502 2329 820 2400 ἀνατροπῆς
846 2329 936 2383 διὰ
966 2330 1169 2400 πολλῆς
1207 2332 1301 2384 καὶ
1338 2331 1601 2402 ἀληθινῆς
1645 2349 1736 2384 συ-

162 2417 395 2480 στάσεως
420 2418 478 2469 ὲν
500 2416 621 2487 Θεῷ
654 2419 786 2488 ήμίν
820 2419 1331 2490 κατεργασαμένης,
1357 2420 1520 2474 πάλιν
1545 2422 1637 2474 ἐπὶ
1668 2421 1737 2475 τὰ

156 2508 302 2579 ἀξῆςο
318 2507 519 2577 ταύτης
545 2507 648 2578 τῆς
664 2509 781 2561 νυνὶ
802 2509 877 2573 ὼς
914 2510 1156 2581 μεγάλης
1176 2511 1400 2574 ἀσπίδος
1420 2527 1737 2583 καταπατηο

158 2600 345 2670 θείσης
390 2598 481 2653 διὰ
527 2600 621 2655 τοῦ
675 2599 944 2670 ἀψευδοῦς
993 2601 1153 2668 λόγου
1196 2600 1291 2654 τοῦ
1345 2601 1597 2674 Σωτῆρος
1642 2604 1735 2656 τοῦ

156 2690 399 2754 εἰπόντος
424 2708 439 2723 ’
472 2689 705 2743 Δέδωκα
732 2690 877 2759 ὑμῖν
905 2691 1118 2745 πατεῖν
1154 2691 1253 2745 ἐπὶ
1302 2691 1468 2761 ὄφεις
1508 2692 1607 2745 καί
1636 2693 1735 2748 ἐπὶ

154 2779 362 2839 πᾶσαν
395 2779 509 2849 τὴν
541 2780 799 2851 δύναμιν
849 2782 953 2836 τοῦ
982 2782 1233 2851 ἐχθροῦθ
1286 2784 1457 2853 ῐωμεν
1492 2783 1589 2836 καὶ
1640 2784 1738 2848 τάς

153 2874 264 2928 τῶν
301 2873 474 2927 ἄλλων
524 2874 1001 2945 ματαιοξρροσύνας
1044 2875 1361 2928 διασκοπεῖν
1412 2892 1472 2927 τε
1517 2874 1613 2929 κα)⁵
1659 2875 1738 2931 δι-

157 2966 399 3035 ελέγχειν
445 2965 928 3037 (ἐπικαλούμενοι)
966 2966 1099 3019 Θεὸν
1151 2964 1374 3035 βοηθὸν,
1419 2965 1479 3019 ὲν
1534 2965 1737 3021 ἅπασιν

152 3054 414 3109 ὲπικαλού
424 3072 596 3126 μενοι.
692 3090 707 3099 ε
1726 3040 1729 3047 ’

565 3170 753 3224 ΚΑΤΑ
795 3170 1313 3264 ΛΟΥΚΙρΝΙΣΤΩΝ
1328 3214 1341 3238 ,

219 3283 480 3352 Εἱκοστὴ
514 3282 711 3352 τρίτη,
752 3283 791 3351 ἠ
835 3282 932 3336 καὶ
972 3285 1433 3354 τεσσαρακοστὴ
1472 3286 1658 3356 τρίτη.

222 3394 303 3445 A'.
345 3393 645 3457 Λουκιανός
695 3410 779 3455 τις
822 3392 1066 3465 ἀρχαῖος,
1101 3395 1199 3466 ούχ
1232 3396 1260 3448 ό
1289 3397 1384 3450 νῦν
1428 3399 1487 3452 ὲν
1525 3398 1738 3469 χρόνοις

154 3482 572 3536 Κωνσταντίνου
620 3484 717 3538 τοῦ
763 3485 1017 3555 γέροντος
1057 3485 1297 3553 γεγονὼς
1321 3529 1337 3551 ,
1386 3487 1446 3541 ὃν
1487 3488 1647 3559 δῆθεν
1688 3491 1737 3543 οἱ

166 3574 442 3645 ’Δρειανοὶ
480 3576 538 3627 ὲν
577 3576 845 3647 μάρτυσιν
885 3576 1329 3646 ἐπιψηφίζονται.
1366 3575 1476 3633 Ἦν
1504 3579 1613 3652 γὰρ
1642 3580 1738 3633 καὶ

148 3658 307 3726 οὗτος
336 3666 364 3717 ό
397 3665 700 3730 Λουκιανὸς
728 3667 1064 3736 πρόσφατος,
1097 3668 1261 3736 φημὶ,
1287 3668 1639 3739 προσανέχων
1667 3672 1734 3740 τῇ

147 3754 264 3807 τῶν
299 3755 596 3825 Ἀρειανῶν
626 3758 858 3828 αίρέσει,
895 3758 1024 3829 περὶ
1054 3755 1114 3813 οὗ
1159 3758 1386 3831 ὕστερον
1416 3763 1474 3814 ὲν
1515 3764 1578 3833 τῇ
1614 3763 1735 3814 κατ’

150 3847 318 3902 αὑτὸν
353 3849 637 3921 ἀνατροπῇ
663 3850 913 3920 λέξομεν.
947 3851 1061 3903 Νῦν
1086 3851 1144 3904 δὲ
1172 3852 1307 3922 πρὸς
1334 3850 1426 3905 τὸν
1448 3852 1737 3923 εἰρημένον

148 3938 380 4007 ἀρχαῖον
418 3938 718 3991 Λουκιανδν
756 3940 1101 3995 ἀποτείνεται
1137 3941 1166 3994 ὁ
1198 3940 1373 4009 λόγος.
1407 3935 1575 4005 Οὗτος
1604 3942 1733 4014 γὰρ,

149 4026 521 4096 συνεπόμενος
557 4026 635 4097 τῷ
673 4030 1062 4100 προειρημένῳ
1110 4031 1438 4102 Μαρκίωνι,
1479 4031 1572 4085 καὶ
1627 4031 1737 4086 ἀπὸ

146 4112 338 4167 τούτου
373 4116 701 4187 ἀποσχίσας,
726 4118 825 4172 καὶ
862 4119 1024 4184 αὐτὸς
1066 4120 1340 4192 ἄθροισμα
1372 4122 1552 4191 ἐαυτῷ
1579 4138 1736 4193 ποιη-

145 4206 422 4276 σάμενος,
466 4208 735 4279 αἱρέσεως
780 4211 1039 4283 προέστη,
1079 4213 1173 4282 ἀφ’
1205 4208 1376 4284 οὗπερ
1405 4215 1455 4266 oi
1502 4214 1737 4267 Λουκια-

143 4298 328 4367 νιστᾳὶ
384 4300 604 4371 ἀρχαῖοι
651 4300 994 4372 καλούμενοι.
1046 4302 1199 4357 Κατὰ
1253 4304 1434 4359 πάντα
1488 4305 1588 4376 μὲν
1639 4300 1735 4359 οὖν

144 4386 291 4439 κατά
320 4386 413 4439 τὸν
461 4387 766 4460 Μαρκίωνα
796 4389 1116 4462 δογματίζει
1138 4407 1153 4422 ⁶
1190 4394 1454 4465 κέχρηται
1495 4395 1572 4458 δὲ,
1600 4395 1675 4458 ὼς
1706 4396 1736 4448 ὁ

138 4479 226 4543 εἰς
267 4479 418 4548 ἡμᾶς
463 4478 635 4533 ἐλθὼν
676 4480 853 4550 λόγος,
890 4483 983 4536 καὶ
1022 4486 1056 4555 ή
1091 4486 1222 4556 περὶ
1262 4486 1427 4539 αὑτοῦ
1472 4486 1729 4556 ἔμφασις.

1841 805 2028 858 suum,
2053 804 2119 844 ac
2146 788 2453 843 naturalem
2481 795 2761 858 parentem
2789 800 3005 855 semper
3028 785 3252 848 bonum,
3280 796 3418 837 scm-

1833 897 2043 957 perque
2092 880 2288 944 Deum,
2352 878 2710 950 omniumque
2747 875 3113 941 conditorem,
3158 883 3321 944 atque
3361 879 3418 927 et

1835 973 1981 1044 apud
2014 971 2394 1042 semetipsum,
2426 978 2481 1026 et
2507 986 2639 1046 cum
2670 967 2710 1022 F
2714 968 2809 1024 ilio
2849 968 3205 1023 exsistentem
3241 965 3416 1020 veris-

1835 1063 1977 1119 sime
2025 1059 2253 1125 doceat,
2308 1060 2452 1115 idem
2503 1058 2833 1113 Marcionem
2881 1057 3078 1112 borum
3126 1056 3416 1111 verborum

1834 1154 2257 1209 comminatione
2290 1152 2646 1223 perstringit:
2700 1151 2804 1219 Qui
2838 1168 2939 1205 non
2968 1149 3285 1218 honoriﬁcat
3323 1147 3417 1202 Fi-

1836 1246 1989 1309 lium,
2020 1255 2078 1300 ut
2106 1244 2423 1312 honori/irai
2464 1228 2705 1311 Patrem,
2739 1245 2821 1296 ira
2856 1241 2956 1296 Dei
2980 1240 3036 1296 in
3056 1242 3149 1296 illo
3181 1241 3414 1295 manet'.

1834 1341 1914 1395 Ae
1972 1354 2075 1397 nos
2144 1338 2426 1410 plerisque
2482 1337 2597 1407 jam
2654 1335 2989 1393 testimoniis
3048 1335 3413 1398 ostendimus,

1837 1448 2006 1487 unum
2049 1446 2174 1487 esse
2223 1429 2414 1496 Deum,
2461 1444 2526 1485 ac
2571 1428 2790 1484 Patrem
2837 1427 3050 1482 Domini
3084 1427 3259 1483 nostri
3286 1426 3416 1482 Jesu

1838 1519 2064 1584 Christi,
2101 1519 2194 1589 qui
2221 1518 2401 1573 bonus
2430 1500 2536 1582 est,
2574 1518 2887 1586 bonumque
2916 1515 3141 1587 genuit;
3178 1515 3419 1571 charitas

1843 1610 1971 1665 item
2002 1616 2108 1672 est,
2148 1615 2203 1663 et
2230 1607 2556 1662 charitatem
2588 1606 2809 1677 genuit;
2840 1606 2964 1661 fons
2991 1614 3097 1671 est,
3121 1616 3177 1660 et
3210 1604 3416 1661 fontem

1837 1701 1963 1755 vita:
2011 1699 2267 1770 produxit
2316 1696 2492 1767 (Apud
2559 1706 2605 1751 te
2648 1698 2789 1752 enim
2831 1706 2910 1751 est
2973 1695 3092 1765 fons
3136 1697 3294 1762 υἱιω,
3343 1697 3421 1751 ait

1841 1790 2127 1860 Scriptura
2156 1789 2221 1860 ³).
2275 1788 2417 1843 Idem
2447 1796 2502 1843 et
2531 1786 2746 1843 Veritas
2779 1796 2884 1853 est,
2917 1798 2969 1843 et
3004 1787 3298 1843 Veritatem
3329 1803 3421 1857 ge.

1837 1883 1996 1950 nuit;
2059 1880 2420 1951 similiterque
2479 1881 2665 1936 lumen
2716 1888 2822 1945 est,
2875 1888 2931 1936 et
2977 1880 3160 1936 iumen
3199 1880 3419 1950 genuit;

1836 1974 1948 2027 vita
1982 1978 2090 2036 est,
2120 1980 2172 2026 et
2204 1972 2371 2026 vitam
2409 1971 2763 2041 propagavit;
2797 1970 2960 2042 idque
2989 1972 3110 2026 sine
3140 1972 3251 2025 ullo
3277 1971 3422 2041 prin-

1835 2064 2003 2134 cipio,
2052 2063 2122 2117 ab
2171 2069 2397 2128 aeterno,
2449 2062 2697 2134 citraque
2748 2071 2982 2133 tempus.
3029 2061 3148 2128 Qua
3211 2061 3422 2115 ratione

1838 2154 2131 2209 Marcionis
2155 2168 2311 2208 error
2332 2152 2514 2208 omnis
2536 2154 2826 2209 evertitur.

1906 2244 2041 2312 Quae
2088 2260 2212 2299 cum
2268 2243 2345 2297 ita
2395 2258 2455 2298 se
2511 2242 2770 2308 habeant,
2812 2258 2877 2299 ac
2919 2241 3214 2298 nebulonis
3257 2239 3419 2295 istius

1839 2335 2028 2391 multis
2058 2342 2113 2391 et
2147 2332 2475 2390 certissimis
2507 2335 2819 2391 rationibus
2851 2334 2963 2391 sint
2990 2334 3242 2389 convicta
3275 2346 3421 2386 men-

1837 2426 2016 2491 dacia,
2047 2441 2111 2481 ac
2130 2429 2421 2497 negotium
2449 2428 2616 2499 378
2636 2442 2798 2484 omne
2827 2426 3161 2490 coniectum,
3207 2423 3276 2480 ad
3312 2422 3420 2479 alia

1840 2525 2224 2584 transeamus;
2276 2526 2330 2573 et
2369 2518 2473 2573 bac
2516 2519 2663 2573 velut
2708 2516 2932 2572 immani
2962 2517 3196 2588 quadam
3230 2514 3422 2586 aspide

1839 2608 2147 2664 verissimis
2210 2608 2513 2666 Salvatoris
2560 2608 2744 2665 verbis
2801 2608 3027 2672 obtrita,
3088 2607 3183 2678 qui
3239 2606 3416 2662 dixit:

1838 2698 1976 2754 Dedi
2012 2700 2155 2755 vobis
2184 2700 2391 2754 calcare
2417 2715 2573 2769 super
2601 2708 2884 2770 serpentes,
2916 2707 2965 2752 et
3012 2699 3330 2769 scorpiones,
3369 2704 3421 2750 et

1839 2807 1997 2860 super
2055 2807 2262 2845 onmem
2321 2798 2632 2859 potestatem
2676 2791 2878 2845 inimici
2902 2790 2965 2858 ιν;
3006 2790 3072 2845 ad
3097 2799 3420 2846 cancrorum

1840 2894 1942 2935 nos
1988 2878 2410 2949 contemplanda
2438 2894 2502 2934 ac
2532 2880 2822 2934 refutanda
2848 2879 3039 2935 deliria
3071 2878 3369 2935 referamus
3404 2897 3417 2933 :

1837 2972 1920 3029 sic
1948 2978 2008 3026 ut
2046 2969 2142 3027 Dei
2185 2972 2239 3026 in
2261 2972 2518 3027 omnibus
2552 2987 2712 3042 opem
2756 2985 2821 3025 ac
2864 2971 3178 3042 praesidium
3224 2956 3419 3039 implu-

1838 3078 2051 3119 remus.

2223 3173 2504 3231 CONTRA
2554 3171 3037 3237 LUCIANISTAS,

2081 3288 2214 3355 Qute
2244 3295 2323 3343 est
2351 3287 2567 3343 heresis
2599 3284 2808 3341 XXIII
2842 3285 2920 3342 vel
2953 3282 3177 3340 XLIII.

1910 3400 1948 3456 Ι.
2006 3399 2289 3456 Lucianus
2347 3398 2570 3470 quidam
2629 3397 2955 3468 antiquior:
3015 3410 3124 3450 non
3182 3395 3273 3449 ille
3320 3394 3416 3465 qui

1837 3500 1998 3549 atate
2040 3499 2226 3547 nostra
2257 3490 2361 3546 sub
2406 3490 2769 3545 Constantino
2809 3487 3026 3543 seniore
3055 3487 3210 3549 vixit,
3251 3500 3415 3554 quem

1838 3586 2024 3639 Ariani
2054 3585 2197 3638 inter
2230 3590 2499 3652 martyres
2522 3580 2825 3636 ascribunt.
2860 3578 2985 3633 Fuit
3034 3579 3179 3634 enim
3222 3577 3417 3632 Lucia-

1838 3690 1944 3728 nus
1983 3673 2087 3727 iste
2130 3672 2317 3742 junior
2362 3670 2690 3724 Arianorum
2743 3669 3024 3724 erroribus
3053 3667 3306 3733 infectus,
3348 3668 3417 3723 de

1836 3780 1946 3835 quo
1980 3774 2193 3835 p05tea,
2230 3779 2357 3819 cum
2411 3760 2735 3817 refutandus
2788 3761 2912 3837 erit,
2960 3759 3137 3814 acturi
3180 3772 3414 3814 sumus:

1838 3873 1989 3915 nunc
2043 3858 2311 3913 adversus
2353 3858 2616 3928 majorem
2672 3857 2827 3911 illum
2873 3854 3177 3910 Lucianum
3234 3857 3416 3909 susci-

1838 3948 2036 4020 pienda
2083 3948 2247 4003 nobis
2275 3955 2360 4005 est
2405 3948 2728 4018 disputatio.
2784 3946 2885 4001 Hic
2927 3947 3095 4017 igitur
3126 3945 3419 4003 Marcionis

1838 4046 1965 4094 ante
2013 4045 2276 4103 sectator,
2318 4046 2443 4107 post
2474 4038 2545 4092 ab
2594 4036 2784 4091 eodem
2830 4036 3098 4100 divulsus,
3146 4037 3417 4106 privatum

1837 4125 1939 4180 sibi
1967 4125 2189 4195 gregem
2228 4122 2563 4177 contrahens
2593 4136 2747 4175 novae
2778 4128 2944 4176 sectae
2974 4121 3153 4176 factus
3175 4128 3261 4176 est
3285 4137 3418 4175 con-

1836 4213 2017 4281 ditor;
2044 4213 2113 4267 ab
2141 4228 2318 4282 eoque
2356 4212 2691 4268 Lucianistae
2711 4218 2925 4266 veteres
2956 4226 3155 4265 nomen
3188 4225 3413 4278 accepe—

1836 4311 1985 4361 runt.
2030 4302 2202 4357 Porro
2252 4302 2548 4358 Marcionis
2593 4300 2686 4356 ille
2714 4300 2971 4370 dogmata
3007 4299 3228 4371 penitus
3264 4316 3418 4356 com-

1836 4395 2029 4464 plexus
2074 4402 2178 4448 est.
2222 4390 2443 4457 Quibus
2482 4390 2711 4462 perinde
2757 4398 2844 4448 est
2886 4405 3040 4454 usus,
3091 4398 3151 4447 ιιι
3198 4391 3266 4446 ad
3317 4408 3413 4447 nos

1840 4483 1981 4538 fama
2012 4492 2094 4540 est
2125 4493 2178 4538 et
2213 4484 2494 4540 auditione
2526 4483 2816 4553 perlatum.
2849 4481 2984 4538 Nam
3015 4499 3137 4538 cum
3174 4483 3417 4554 antiquis

154 4568 433 4639 Ἀρχαίων
476 4570 587 4642 γὰρ
618 4571 826 4626 τούτων
867 4572 1068 4639 ὄντων,
1105 4575 1200 4628 καὶ
1229 4576 1421 4631 θᾶττον
1456 4577 1728 4630 κατασϐε-

1840 4576 1915 4631 illi
1971 4576 2309 4650 temporibus
2356 4575 2694 4641 exstiterint,
2738 4583 2791 4629 et
2826 4590 2992 4644 quam
3023 4575 3293 4629 citissime
3323 4590 3412 4629 re-

138 4659 409 4725 σθέντων,
433 4660 691 4733 δυσχερὲς
715 4663 1014 4734 γεγένηται
1040 4667 1199 4755 ύμῖν,
1228 4666 1305 4731 ὡς
1343 4667 1557 4739 ἀληθῶς
1584 4669 1732 4722 ἐστιν

138 4752 298 4817 ιδεῖν,
330 4753 364 4822 ή
390 4753 510 4806 κατ’
539 4755 739 4820 αὐτοὺς
771 4756 985 4828 ἔρευνα.
1020 4752 1088 4812 ’Ἄ
1115 4758 1173 4813 δὲ
1204 4759 1314 4816 ἀπὸ
1347 4760 1547 4832 μέρους
1566 4761 1731 4831 ἔγνω·

135 4860 247 4914 μεν
282 4843 397 4897 τῶν
429 4844 617 4914 αὑτοῦ,
653 4845 768 4899 ἐστι
804 4847 952 4901 τάδε.

204 5014 376 5070 Μετά
405 5016 466 5069 τὸ
504 5018 763 5089 συστῆναι
791 5017 952 5089 δῆθεν
983 5019 1168 5090 ἕτερον
1202 5019 1304 5091 μὲν
1338 5020 1431 5074 τὸν
1460 5024 1733 5094 Δημιουρ-

122 5105 259 5177 γδν,
298 5107 398 5160 καὶ
428 5109 643 5180 κριτὴν,
674 5109 769 5162 καὶ
814 5110 1056 5164 δίκαιον·
1092 5112 1280 5184 ἕτερον
1324 5112 1482 5184 δῆθεν
1528 5114 1731 5182 ἀγαθὸν

118 5199 442 5264 ὡσαύτως,
470 5202 563 5254 καὶ
582 5202 772 5273 ἕτερον
800 5203 891 5255 τὸν
925 5204 1187 5277 πονηρόν·
1219 5203 1468 5275 βούλεται
1500 5206 1734 5277 χρῆσθαι

115 5292 235 5345 καὶ
281 5292 615 5364 μαρτυρίαις
645 5294 756 5346 τισὶ
783 5293 925 5347 κατὰ
958 5294 1051 5348 τὸν
1085 5294 1407 5365 Μαρκίωνα,
1457 5296 1600 5349 κατά
1633 5296 1732 5369 τὴν

109 5379 313 5436 αὐτοῦ
366 5381 618 5437 ὑπόνοιαν
651 5383 761 5437 ἀπὸ
809 5384 911 5455 τῆς
966 5383 1076 5438 τῶν
1125 5385 1424 5457 προφητῶν
1467 5386 1725 5458 Γραφῆςο

106 5473 287 5547 φημὶ
325 5471 383 5526 δὲ
426 5473 508 5539 τδ,
553 5474 816 5544 Μάταιος
860 5482 892 5532 ό
941 5478 1247 5532 δουλεύων
1287 5480 1511 5549 Κυρίῳο
1545 5480 1638 5534 καὶ
1667 5479 1729 5534 τὸ

102 5562 440 5637 εἰρημένον
465 5583 478 5596 ·
547 5567 950 5635 Ἆντέστησαν
1018 5568 1170 5635 Θεῷ,
1230 5570 1329 5624 καὶ
1384 5569 1722 5639 ἐσώθησαν.

101 5654 370 5709 Τέλειον
410 5652 467 5706 δὲ
519 5649 673 5720 οὗτος
724 5658 876 5729 παρὰ
917 5659 1012 5731 τὴν
1059 5660 1153 5712 τοῦ
1190 5659 1510 5715 διδασκάλου
1560 5661 1722 5715 αὐτοῦ

200 5769 227 5842 ξ
250 5766 453 5842 Deest,
476 5771 690 5840 opinor,
718 5774 942 5842 aliquid.
975 5776 1147 5841 λέγων
1187 5776 1555 5837 scribendum.

196 5836 604 5910 ‘MaiachCru,
644 5843 725 5897 14.
805 5836 980 5900 5ibid.
1015 5836 1096 5901 iii.

1284 5936 1313 5947 κ

1833 4666 2023 4722 stincti
2070 4670 2200 4735 sint,
2256 4666 2573 4722 dlﬂicillima
2624 4668 2803 4732 nobis,
2840 4675 2901 4723 ut
2933 4666 3160 4738 intelligi
3193 4666 3263 4722 ab
3294 4682 3413 4720 om-

1834 4758 1999 4813 nibus
2047 4767 2266 4830 potest,
2332 4759 2549 4814 illorum
2595 4758 2883 4830 inquisitio
2943 4759 3064 4814 fuit.
3124 4758 3231 4814 Sed
3289 4774 3412 4827 quae

1830 4845 1898 4902 de
1929 4846 2021 4903 illo
2066 4856 2341 4919 utcunque
2381 4848 2685 4918 comperire
2730 4847 3032 4919 potuimus,
3080 4856 3211 4903 sunt
3258 4847 3411 4916 ejus-

1830 4936 1997 4991 modi.
2054 4950 2059 4953 ‘

1901 5026 2038 5082 Nam
2088 5033 2440 5097 posteaquam
2493 5028 2635 5083 alius
2684 5028 2752 5085 ab
2808 5042 2873 5083 eo
2928 5028 3264 5082 constitutus
3324 5035 3409 5081 cst

1830 5118 2057 5173 Creator
2079 5133 2142 5171 ac
2169 5115 2361 5186 judex,
2394 5126 2447 5172 et
2473 5118 2702 5189 justus;
2745 5120 2922 5174 bonus
2960 5118 3130 5185 alius;
3172 5120 3410 5184 itemque

1832 5209 2009 5267 malus
2063 5210 2280 5274 tertius,
2334 5210 2616 5265 nonnullis
2651 5208 2947 5266 Marcionis
2979 5209 3227 5279 exemplo
3257 5208 3409 5263 testi-

1832 5300 2033 5356 moniis
2096 5300 2289 5365 utitur,
2348 5314 2472 5371 quae
2520 5317 2585 5356 ex
2638 5300 3029 5372 prophetarum
3081 5299 3307 5370 scriptis
3340 5299 3408 5355 ad

1832 5392 2062 5456 erroris,
2109 5399 2168 5444 ιιι
2214 5392 2324 5457 ille,
2379 5393 2461 5448 sui
2512 5393 2877 5461 patrocinium
2928 5392 3169 5449 adducit.
3210 5392 3409 5461 Cujus-

1834 5483 1980 5538 modi
2014 5483 2161 5537 istud
2206 5491 2334 5539 est:
2387 5481 2564 5537 Vanus
2610 5493 2685 5537 est
2742 5482 2833 5552 qui
2894 5484 3051 5537 servit
3099 5482 3405 5551 Domino';

1831 5573 1959 5638 item
1988 5593 2000 5628 :
2033 5573 2353 5627 Restiterunt
2415 5572 2543 5637 Dea,
2566 5585 2613 5629 et
2645 5575 2780 5630 salvi
2810 5576 2942 5646 facti
2963 5584 3088 5632 sunt
3114 5577 3156 5631 ⁸.
3191 5575 3269 5631 Ad
3295 5576 3411 5631 haec

1839 5664 2022 5720 omnia
2080 5673 2277 5735 praeter
2321 5665 2568 5737 magistri
2617 5666 2701 5721 sui
2749 5666 3004 5741 dogmata
3051 5668 3271 5740 nuptias
3319 5666 3411 5723 ille

1634 5780 1653 5808 ³
1683 5775 1840 5833 Joan.
1877 5795 1926 5847 ν,
1951 5779 2050 5846 25;
2085 5793 2167 5846 ιιι,
2208 5777 2303 5836 26.
2377 5778 2397 5809 ³
2428 5777 2553 5834 Psal
2608 5794 2773 5847 xxxv,
2808 5780 2892 5837 l0.
2968 5782 2990 5815 ⁸
3028 5779 3163 5837 Luc.
3214 5796 3267 5847 ιι,
3314 5777 3406 5835 19.
