3958 6472
550 441 655 499 819

1961 439 2018 496 S.
2069 439 2154 495 ΕΡ

2261 439 2410 495 lANll
2910 425 2917 433 '
3677 441 3755 499 ιιι

550 556 900 623 condemnat,
947 564 1002 611 et
1040 553 1422 612 castimoniam
1473 554 1783 626 proﬁtetur,
1824 570 1936 611 non
1967 557 2136 627 hujus

2261 556 2589 612 ῑιδασκαλίαν
2649 555 2970 627 ἀπαρνεῦεαι
3020 553 3111 607 τὸν
3164 550 3341 626 γάμον
3368 594 3384 619 ,
3448 552 3536 608 καὶ
3584 553 3760 623 ἁγνείαν

549 663 740 704 amore
789 647 1031 711 virtutis,
1092 646 1188 703 sed
1238 654 1297 701 ut
1355 660 1522 717 opera
1569 645 1850 702 Creatoris
1901 656 2131 702 evertat.

553 742 737 809 Quare
769 739 1042 809 coniugiis
1073 738 1373 794 interdicit.
1418 737 1493 792 Ex
1530 739 1753 809 quibus,
1783 738 1981 809 inquit,
2017 754 2143 810 pro-

560 842 759 903 pagata
787 828 975 888 soboie
996 833 1173 900 major
1204 831 1258 886 in
1291 830 1498 886 mundo
1512 828 1796 885 Conditori
1830 832 2053 886 ubertas
2071 844 2137 885 ac

549 916 707 995 copia
747 925 1007 995 suppetit.
1053 922 1167 979 Hoc
1202 923 1369 997 igitur
1394 925 1449 977 in
1476 922 1691 991 opiﬁcis
1722 936 1787 977 ac
1820 920 2137 978 Conditoris

549 1015 737 1069 odium
796 1015 1064 1086 suscipit,
1142 1029 1212 1069 ne
1274 1029 1343 1069 ex
1391 1013 1693 1068 liberorum
1756 1012 2140 1083 procreatione

550 1104 716 1176 379
764 1104 914 1159 illius
962 1117 1095 1174 Opes
1129 1110 1452 1173 augeantur.
1518 1097 1722 1154 Verum
1774 1099 1937 1169 hujus
1986 1112 2141 1153 error

552 1196 706 1250 nullo
758 1195 982 1266 negotio
1031 1193 1320 1264 detegctur
1348 1208 1412 1248 ac
1450 1190 1732 1247 refelletur
1758 1205 1824 1245 ex
1853 1205 1917 1246 ea
1945 1187 2141 1244 confu-

550 1287 779 1349 tatione,
820 1301 981 1357 quam
1009 1293 1203 1341 contra
1234 1285 1410 1355 ipsius
1442 1292 1836 1355 praeceptorem
1864 1289 1990 1334 ante
2020 1294 2142 1350 pro-

551 1381 859 1457 posuimus.
916 1378 1088 1446 Cujus
1153 1379 1444 1449 upiniones
1504 1377 1757 1449 [furibus
1809 1371 2142 1444 disputando

550 1472 927 1537 convicimus;
987 1471 1154 1541 idque
1200 1470 1378 1541 ipsum
1409 1469 1777 1535 ostendimus,
1808 1464 2139 1535 cujusmodi,

554 1579 618 1617 ac
645 1578 809 1633 quam
846 1564 1017 1617 multa
1057 1562 1186 1629 sint,
1219 1563 1275 1616 in
1304 1561 1505 1632 quibus
1537 1573 1750 1614 summa
1768 1563 1866 1611 [est
1899 1555 2143 1626 Evange-

554 1654 609 1706 lii
655 1651 981 1723 Veterisque
1030 1651 1373 1707 'l‘cstamenti
1421 1649 1736 1705 consensio.
1773 1645 2142 1713 Quemadmo-

536 1746 683 1803 ‘dum
743 1746 907 1801 etiam
981 1745 1247 1801 Dominus
1302 1745 1419 1815 ipse
1454 1742 1715 1797 "fateatur
1786 1754 1941 1795 suam
2019 1753 2143 1794 esse

558 1837 749 1892 mundi
801 1837 1237 1901 fabricationem,
1303 1851 1366 1889 ac
1408 1832 1674 1905 quidquid
1729 1830 2009 1885 conditum
2061 1838 2147 1884 est

2243 649 2438 702 ἀσκεῖ⁶
2476 648 2537 701 οὐ
2590 647 2656 701 δι’
2700 646 2945 715 ἁγνείαν,
2988 645 3106 698 ἀλλ’
3150 645 3237 698 ἴνα
3290 645 3529 719 ἀθετήσῃ
3567 645 3627 699 τὰ
3660 646 3764 717 ἔργα

2241 734 2337 788 τοῦ
2378 734 2762 807 Δημιουργοῦ,
2794 734 3062 788 διδάσκων
3108 733 3182 805 μὴ
3232 733 3586 789 συνάπτεσθαι
3619 735 3763 809 γάμῳ.

2252 827 2372 896 Ἀφ’
2405 820 2466 880 οὗ
2502 826 2681 898 γάμου
2731 824 2985 896 εύθηνία,
3024 825 3183 897 φησὶ,
3216 826 3305 881 διά
3348 826 3446 897 τῆς
3479 827 3766 893 παιδοποιίας

2242 920 2299 972 ἐν
2331 918 2520 989 κόσμῳ
2549 917 2627 988 τῷ
2650 908 2977 989 Δημιουργῷ
3007 902 3235 987 γίνεται,
3264 916 3401 990 πρὸς
3428 917 3673 974 ἀντίθεσιν
3698 920 3768 993 τῆς

2243 1008 2335 1062 τοῦ
2371 1009 2721 1082 Δημιουργοῦ
2757 1010 2853 1064 καὶ
2884 1010 3120 1063 Κτίστου
3146 1010 3234 1064 διὰ
3259 1012 3361 1083 τῆς
3395 1010 3708 1076 παιδοποιίας
3730 1014 3769 1066 ὲν

2241 1101 2319 1173 τῷ
2360 1102 2552 1173 κόσμῳ
2583 1103 2862 1176 εὐθηνίας.
2889 1103 3278 1176 Φωραθήσεται
3303 1102 3361 1155 δὲ
3382 1105 3410 1155 6
3441 1103 3677 1169 τοιοῦτος,
3704 1106 3771 1158 καὶ

2243 1194 2719 1267 διελεγχθήσεται,
2776 1196 2885 1249 ἀπὸ
2933 1196 3032 1269 μέν
3074 1196 3174 1267 τῆς
3207 1196 3307 1267 ἤδη
3352 1195 3489 1268 πρὸς
3530 1196 3613 1249 τὸν
3647 1198 3770 1250 αὐτοῦ

2244 1287 2545 1358 ἐπιστάτην
2600 1287 2961 1356 ἀντιθέσεως,
3019 1289 3106 1341 διὰ
3176 1287 3388 1341 πολλῶν
3447 1289 3772 1359 ποιησαμένων

2244 1380 2403 1451 ἡμῶν
2440 1379 2536 1451 τὴν
2575 1381 2710 1455 πρὸς
2741 1381 2904 1435 αὐτὸν
2937 1381 3246 1450 ἀντιλογίαν
3278 1398 3338 1433 τε
3372 1382 3467 1434 xui.
3495 1383 3772 1453 ἀνατροπὴν,

2245 1472 2302 1524 ἐν
2333 1472 2549 1537 ὁποίαις
2576 1489 2634 1525 τε
2678 1474 2773 1527 καὶ
2802 1473 3028 1536 ὁπόσαις
3063 1473 3279 1544 συνᾴδει
3307 1473 3370 1525 τὸ
3410 1473 3708 1541 Εὐαγγέλιον
3728 1476 3775 1543 τῇ

2246 1563 2460 1635 Παλαιᾷ
2482 1562 2729 1636 Διαθήκῃ
2754 1580 2765 1591 ·
2804 1564 2899 1616 καὶ
2926 1563 3000 1627 ὡς
3030 1562 3193 1626 αὐτὸς
3228 1565 3256 1616 ὁ
3292 1562 3500 1634 Κύριος
3523 1563 3661 1632 ἡμῶν
3684 1565 3778 1633 ὁμο-

2244 1654 2395 1723 λογεῖ
2426 1655 2487 1708 τὸ
2535 1654 2749 1725 ποίημα
2779 1654 2872 1707 τοῦ
2910 1656 3116 1725 κόσμου
3158 1651 3296 1709 εἶναι
3333 1655 3466 1708 ἴδιον
3505 1654 3593 1707 καὶ
3632 1654 3775 1718 αὑτοῦ,

2245 1746 2470 1800 καὶτοῦ
2498 1747 2712 1818 Πατρὸς
2768 1743 2906 1801 εἶναι
2954 1746 3050 1818 τὴν
3104 1747 3315 1800 κτίσινο
3372 1746 3449 1811 ὧς
3491 1764 3552 1815 γε
3597 1746 3777 1818 μάλιστα

2251 1838 2524 1892 συνελόντι
2551 1839 2759 1911 φράσαι
2801 1838 3229 1911 κορυφαιότατόν
3277 1857 3332 1891 τι
3384 1840 3534 1910 ρἦα
3564 1839 3692 1909 παρὰ
3725 1836 3777 1907 τῷ

558 1928 708 1984 Patri
747 1944 848 1985 suo
893 1929 1264 1985 tribuendum.
1308 1925 1463 1992 Quod
1495 1924 1717 1996 quidem
1747 1921 2144 1993 praestantissi-

2261 1932 2389 2003 ὶγίῳ
2423 1933 2643 2004 Ἰωάννῃ
2674 1932 2985 2005 εἰρημένον,
3017 1932 3077 1985 τὸ
3099 1972 3114 1998 ,
3151 1933 3254 1987 Ἐν
3281 1930 3443 2000 ἀρχῇ
3467 1926 3543 2003 ἦν
3563 1933 3593 1984 ό
3617 1930 3776 1999 Λόγος,

556 2023 664 2078 mis
713 2022 865 2078 hisce
915 2022 1100 2077 verbis
1152 2020 1470 2077 summatim
1523 2017 1766 2072 Joannes
1824 2016 2145 2085 complexus

2261 2025 2349 2081 καὶ
2381 2029 2412 2080 ό
2450 2025 2644 2094 Λόγος
2685 2021 2766 2097 ἦν
2794 2026 2945 2095 πρὸς
2976 2026 3085 2081 τὸν
3126 2026 3300 2087 Θεὸν,
3350 2024 3452 2079 καὶ
3497 2025 3631 2090 Θεὸς
3665 2019 3727 2092 ἦν
3758 2024 3778 2073 ό

554 2122 640 2167 est
661 2132 673 2169 :
698 2115 765 2168 In
794 2115 1053 2183 principio
1080 2124 1193 2168 erat
1232 2112 1455 2167 Verbum
1481 2151 1495 2176 ,
1521 2120 1570 2164 et
1606 2108 1830 2163 Verbum
1864 2119 1977 2161 erat
2007 2105 2147 2175 apud

2261 2117 2460 2185 Λόγος.
2491 2115 2698 2169 Πάντα
2744 2114 2818 2169 δι’
2853 2114 3042 2171 αὑτοῦ
3080 2116 3347 2185 ἐγένετο,
3387 2112 3488 2167 καί
3520 2112 3678 2183 χωρίς
3704 2112 3769 2165 αὺ-

554 2208 744 2271 Dcum,
797 2217 846 2262 et
902 2207 1041 2261 Deus
1098 2214 1212 2261 erat
1277 2203 1527 2257 Verbum.
1588 2200 1787 2257 Omnia
1837 2216 1929 2270 per
1971 2200 2147 2265 ipsum

554 2299 701 2369 facta
729 2309 873 2363 sunt,
907 2307 955 2352 et
981 2298 1091 2352 sine
1117 2298 1232 2368 ipso
1264 2295 1467 2366 factum
1492 2292 1747 2361 estnihil,
1779 2288 1918 2361 quod
1947 2289 2146 2359 factum

553 2403 630 2447 est
656 2394 697 2455 ι,
731 2400 837 2447 etc.

630 2482 696 2539 ll.
740 2482 906 2554 Atqui
948 2482 1136 2539 statim
1172 2481 1263 2537 ille
1288 2480 1549 2536 facillime
1573 2477 1970 2536 confutabitur.
2012 2475 2150 2531 Nam

554 2574 603 2630 si
639 2573 971 2645 respondere
1020 2572 1094 2626 ita
1150 2571 1300 2637 velit,
1350 2586 1410 2626 se
1455 2577 1515 2625 ut
1559 2570 1626 2624 iis
1665 2583 1788 2640 quae
1825 2565 2142 2622 Conditoris

554 2667 646 2723 hic
669 2683 794 2723 esse
824 2667 1047 2738 propria
1082 2665 1365 2732 dicuntur,
1396 2664 1693 2719 obsisteret
1725 2677 1789 2716 ac
1819 2661 2151 2725 destrueret,

563 2760 887 2830 nuptiarum
936 2758 1201 2829 damnare
1242 2756 1493 2827 copulas,
1542 2770 1611 2811 ne
1650 2750 2151 2810 Conditorisulira—

557 2852 675 2922 gari
714 2851 987 2917 videatur,
1020 2860 1184 2923 atque
1223 2857 1285 2904 ut
1317 2849 1386 2906 ab
1418 2848 1540 2919 ejus
1568 2861 1735 2918 opere
1767 2860 1890 2901 sese
1919 2843 2151 2899 omnino

560 2950 782 3013 praestet
841 2941 1104 3010 alienum,
1154 2956 1338 2997 nonne
1390 2956 1420 2995 a
1479 2939 1692 2994 ratione
1749 2950 1981 3007 prorsus
2038 2935 2154 2990 haec

557 3037 821 3091 abhorret
857 3035 1085 3106 opinio,
1129 3034 1361 3105 ejusque
1405 3031 1743 3103 deprehendi
1788 3030 2035 3094 falsitas,
2091 3045 2156 3085 ac

560 3129 818 3200 redargui
871 3127 1033 3184 facile
1066 3127 1280 3198 potest?
1324 3125 1465 3181 Ecce
1517 3125 1616 3181 tibi
1657 3124 1896 3179 conditis
1923 3137 1954 3176 a
1985 3120 2155 3177 Crea-

560 3233 684 3278 tore
719 3223 907 3289 rebus,
939 3222 1110 3277 veluti
1137 3221 1301 3286 cibis,
1332 3235 1397 3275 ac
1430 3219 1701 3286 vestibus,
1746 3228 1800 3274 et
1835 3215 2152 3288 unguentis,

510 3302 525 3324 ‘
559 3330 627 3368 ac
655 3321 808 3383 potu,
835 3321 890 3370 et
929 3312 1132 3370 eduliis
1182 3312 1530 3368 miserrimus
1576 3312 1680 3368 iste
1717 3308 2019 3367 circulator
2045 3310 2155 3365 uti-

561 3415 688 3475 tur;
726 3422 829 3464 nec
875 3407 1114 3479 eﬁugere
1161 3407 1323 3461 aliter
1363 3414 1565 3476 potest,
1614 3405 1748 3475 quin
1784 3423 1844 3464 se
1870 3410 1940 3467 iis
1972 3407 2050 3464 uti
2078 3406 2160 3461 fa-

564 3506 768 3553 teatur.
801 3495 945 3552 Deus
968 3497 1115 3552 enim
1146 3508 1232 3552 est
1258 3496 1526 3552 Dominus
1560 3496 1810 3551 omnium
1859 3513 1924 3554 ac
1968 3496 2160 3553 condi-

563 3597 652 3642 tor
682 3587 778 3657 qui
810 3601 998 3641 curam
1034 3587 1279 3642 omnium
1311 3585 1452 3656 gerit
1493 3599 1559 3640 ac
1594 3586 1761 3641 solem
1805 3604 1963 3643 suum
2003 3602 2162 3656 super

566 3681 731 3734 bonos
760 3688 813 3734 et
836 3679 1010 3735 malas
1043 3680 1179 3734 oriri
1214 3680 1348 3749 facit
1372 3680 1416 3733 ’.
1468 3677 1609 3734 Tum
1647 3695 1777 3735 vero
1800 3681 1855 3735 in
1890 3696 1988 3737 eos
2023 3681 2163 3751 pari-

567 3779 680 3832 ter,
715 3772 808 3842 qui
862 3788 922 3827 se
960 3772 1312 3827 contumeliis
1342 3770 1609 3839 adiciunt,
1639 3780 1693 3827 et
1716 3773 1811 3843 qui
1835 3773 2017 3843 ipsum
2051 3773 2164 3827 lau-

565 3865 703 3919 dant
750 3879 816 3919 ac
861 3863 1186 3936 praedicant,
1235 3864 1476 3934 pluviam
1533 3864 1794 3933 demittit,
1849 3876 2013 3936 atque
2066 3865 2164 3920 alit

568 3955 884 4013 universos.
922 3955 1086 4033 Quod
1139 3970 1253 4011 non
1301 3957 1596 4012 temeraria
1652 3956 1857 4028 aliqua,
1913 3959 2169 4029 citraque

568 4049 838 4104 rationem
885 4062 951 4104 ac
998 4063 1223 4105 sensum
1253 4047 1480 4109 deﬁnita
1512 4050 1631 4121 lege
1658 4051 2019 4106 constitutum
2040 4060 2162 4117 -est,

568 4141 666 4196 scd
710 4140 833 4196 ideo
870 4139 1157 4208 nimirum,
1196 4140 1343 4211 quod
1382 4155 1672 4213 poenarum
1703 4142 1774 4197 ab
1809 4142 1903 4198 illo
1946 4151 2168 4215 tempus

568 4237 624 4289 in
659 4232 905 4290 futurum
930 4233 1208 4304 judicium
1239 4243 1580 4291 reservatum
1626 4243 1733 4302 est,
1775 4237 2048 4307 patienter
2079 4252 2168 4294 ex-

568 4336 808 4399 spectat,
861 4342 928 4382 ac
976 4327 1207 4398 privatis
1266 4327 1505 4399 legibus,
1554 4336 1609 4384 et
1652 4331 1923 4401 sapientia
1965 4339 2167 4388 cuncta

569 4420 930 4487 moderatur,
988 4420 1455 4492 quemadmodum
1496 4421 1800 4478 beneﬁcam
1844 4423 1994 4478 illam
2036 4438 2169 4496 erga

570 4530 766 4573 omnes
794 4516 1198 4586 providentiam
1224 4515 1403 4582 decet,
1442 4521 1504 4569 ut
1542 4515 1591 4571 si
1641 4516 1737 4588 qui
1780 4517 2167 4595 paenitentiam

2250 2209 2356 2264 τοῦ
2380 2207 2620 2278 ἐγένετο
2645 2207 2791 2264 οὐδὲ
2819 2207 2908 2276 ἓν,
2943 2207 2973 2262 ὃ
3006 2207 3235 2279 γέγονε,
3268 2207 3365 2262 καὶ
3395 2206 3465 2261 τὰ
3487 2206 3623 2276 ἑξῆς.

2339 2479 2502 2534 Ἀλλά
2527 2496 2588 2549 γε
2622 2481 2651 2534 6
2673 2479 2915 2543 τοιοῦτος
2947 2478 3110 2543 εὐθὺς
3138 2480 3605 2551 ἀνατραπήσεται.
3636 2478 3687 2531 Εἰ
3706 2477 3781 2548 γὰρ

2258 2570 2501 2642 βούλοιτο
2537 2571 2741 2641 λέγειν,
2778 2572 2862 2625 ὅτι
2903 2571 3235 2635 ἀντιθέσεως
3265 2572 3430 2643 χάριν
3455 2573 3546 2625 καὶ
3582 2569 3781 2639 καθαιρὲ-

2259 2670 2396 2730 σεως
2428 2666 2537 2721 τῶν
2586 2665 2692 2720 ὑπὸ
2731 2665 2827 2720 τοῦ
2864 2665 3209 2737 Δημιουργοῦ
3252 2664 3492 2720 ἐνταῦθα
3540 2664 3781 2735 λεγομένων

2258 2762 2292 2832 ἡ
2318 2759 2413 2814 τοῦ
2462 2760 2641 2831 γάμου
2678 2758 2828 2830 αὐτῷ
2873 2759 3140 2828 συνάφεια
3185 2757 3465 2812 ἀθετεῖται
3490 2799 3503 2822 ,
3536 2758 3615 2811 ἵνα
3654 2752 3782 2826 piytth

2259 2850 2590 2924 Δημιουργῷ
2624 2852 3054 2925 -συμπράξειεν,
3103 2851 3246 2905 ὥστε
3291 2850 3589 2923 ἀπέχεσθαι
3633 2848 3783 2903 παντά-

2259 2960 2395 2996 πασι
2448 2941 2542 2996 τοῦ
2584 2941 2747 3012 ἔργου
2778 2942 2872 2997 τοῦ
2911 2943 3259 3015 Δημιουργοῦ
3282 2957 3298 2972 ³
3344 2943 3464 3008 πῶς
3503 2941 3615 3011 οὐχὶ
3646 2940 3783 3006 ἀλογῦς

2258 3033 2405 3106 αὐτῷ
2439 3037 2472 3106 ή
2516 3035 2774 3098 ὑπόθεσις
2797 3036 2838 3100 ³,
2878 3036 2973 3090 καὶ
3000 3036 3252 3107 φωρατὴ.
3300 3036 3397 3089 καὶ
3429 3033 3783 3101 εὐθυὲλεγκτος;

2273 3128 2405 3183 Ἰδοὺ
2440 3128 2546 3201 γὰρ
2577 3129 2686 3182 ἀπὸ
2718 3129 2817 3201 τῆς
2852 3128 3082 3194 κτίσεως
3117 3129 3210 3182 καὶ
3245 3131 3348 3201 τῆς
3366 3129 3471 3182 τοῦ
3508 3120 3783 3198 Δημιουργοῦ

2260 3219 2643 3292 δημιουργίας,
2677 3222 2772 3274 καὶ
2805 3220 2918 3273 τῶν
2952 3220 3184 3285 ἐδωδῶν,
3220 3221 3449 3274 καὶτῶν
3483 3218 3694 3290 ἀμφίων,
3721 3211 3785 3268 καὶ

2260 3312 2362 3383 τῆς
2404 3313 2659 3385 χρήσεως
2702 3312 2965 3383 πομάτων
3004 3313 3248 3384 μέτεισιν
3279 3315 3309 3367 6
3331 3314 3468 3384 γόης
3501 3312 3589 3366 καὶ
3615 3312 3640 3363 ὁ
3666 3306 3785 3377 ἀγύρ-

2262 3422 2364 3475 της
2386 3422 2399 3435 ’
2444 3405 2540 3459 καὶ
2575 3404 2753 3468 ἄλλως
2785 3405 2845 3458 οὐ
2874 3405 3165 3476 δυνήσεται
3194 3406 3482 3474 ἐκφυγεῖν,
3511 3404 3597 3457 καὶ
3626 3400 3687 3474 μὴ
3704 3397 3786 3467 οὐχὶ

2263 3497 2476 3561 τούτοις
2507 3496 2763 3570 χρῆσθαι.
2800 3497 2934 3561 Θεὸς
2969 3497 3079 3568 γὰρ
3124 3499 3152 3550 ὁ
3196 3497 3419 3551 πάντων
3455 3495 3698 3563 Δεσπότης
3723 3490 3785 3543 καὶ

2264 3588 2620 3660 δημιουργὸς,
2666 3588 2886 3643 πάντων
2950 3588 3352 3659 ἐπιμελόμενος
3372 3629 3389 3654 ,
3436 3588 3527 3642 καὶ
3573 3584 3655 3639 ἐπί
3691 3578 3785 3643 τοὺς

2267 3680 2574 3751 πονηροὺς
2630 3682 2730 3735 καὶ
2783 3681 3047 3752 ἀγαθοὺς
3117 3681 3441 3736 ἀνατέλλει
3501 3677 3665 3733 αὐτοῦ
3716 3673 3786 3725 τὸν

2269 3772 2469 3840 ἥλιον,
2501 3773 2596 3826 καὶ
2624 3774 2720 3825 ἐπὶ
2752 3773 2879 3836 τοὺς
2910 3773 3073 3826 αὐτὸν
3122 3772 3595 3846 βλασφημοῦντας,
3625 3766 3701 3823 καί
3725 3762 3785 3817 ἐπὶ

2267 3866 2394 3930 τοὺς
2423 3865 2586 3921 αὐτὸν
2614 3863 2937 3932 δοξάζοντας
2966 3864 3178 3936 πέμπει
3219 3866 3389 3920 αὑτοῦ
3422 3865 3515 3918 τὸν
3544 3861 3693 3922 ὑετὸν,
3722 3851 3783 3907 καὶ

2269 3959 2478 4021 πάντας
2519 3957 2736 4030 τρέφει,
2768 3957 2869 4011 οὐκ
2900 3958 3082 4029 ἀλόγῳ
3112 3957 3220 4011 τινὶ
3262 3958 3359 4012 καὶ
3397 3957 3682 4025 ἀναισθήτῳ
3710 3950 3784 4017 ὀρι-

2270 4049 2416 4121 σμῷ,
2460 4049 2599 4103 ἀλλά
2648 4049 2865 4120 ἐκδικίᾳ
2903 4052 2972 4120 τῇ
3018 4051 3151 4121 παρ’
3177 4047 3347 4102 αὑτοῦ
3377 4046 3641 4121 ὁρισθείσῃ
3669 4044 3711 4093 ἐν
3740 4037 3781 4104 τῇ

2273 4139 2543 4213 μελλούσῃ
2587 4140 2770 4212 κρίσει
2830 4138 3227 4212 μακροθυμῶν,
3283 4139 3380 4193 καὶ
3424 4138 3653 4211 ὁρισμοῖς
3685 4127 3785 4185 ἰδίοις

2270 4236 2365 4291 καὶ
2401 4235 2565 4306 σοφίᾳ.
2608 4232 2678 4286 τά
2728 4232 2908 4286 πάντα
2952 4230 3202 4285 διοικῶν·
3249 4232 3328 4295 ὼς
3374 4232 3490 4286 ἔστι
3542 4228 3715 4300 πρέπον
3744 4218 3784 4285 iii

2270 4324 2438 4381 αὑτοῦ
2467 4327 2547 4390 είς
2576 4324 2785 4388 πάντας
2815 4323 3053 4394 ὠφελείᾳ
3071 4338 3086 4353 ·
3120 4322 3188 4377 ἶν’
3209 4324 3259 4377 οἱ
3292 4323 3707 4395 μετανοήσαντες,
3724 4309 3785 4377 τῆς

2272 4421 2406 4491 παρ’
2435 4417 2603 4472 αὐτοῦ
2638 4418 2977 4489 ἀμνηστείας
3004 4418 3280 4488 τυχόντες,
3311 4417 3375 4470 τὸ
3423 4417 3666 4486 σωτήριον
3695 4404 3786 4473 κτή-

2275 4528 2454 4566 σοιντο
2474 4528 2488 4541 ·
2520 4510 2654 4564 εἰδὲ
2692 4511 3004 4581 ἐπιμένοιεν
3042 4513 3164 4574 ταῖς
3188 4510 3368 4564 αὐτῶν
3405 4508 3706 4581 βλασφήμοις
3725 4494 3786 4550 καὶ

570 4585 952 4676 susceperint,
987 4604 1261 4660 scelerum
1297 4603 1546 4659 omnium
1590 4585 1939 4661 oblivionem
1965 4607 2035 4662 ab
2075 4606 2156 4661 illc

2276 4603 2559 4668 ὑπονοίαις
2612 4604 2707 4657 καὶ
2758 4603 3259 4676 ματαιοφροσύναις
3317 4607 3439 4667 ταῖς
3491 4603 3559 4673 μὴ
3607 4600 3660 4650 ὲκ
3693 4585 3784 4691 θξῶ

572 4697 746 4762 nacti,
774 4698 1009 4754 salutem
1042 4696 1445 4768 adipiscantur.
1478 4695 1576 4751 Sin
1600 4698 2017 4754 contumeliosis
2056 4699 2167 4755 illis

573 4790 821 4845 divinum
866 4789 922 4843 in
970 4787 1185 4844 Numen
1237 4790 1614 4860 opinionibus,
1657 4798 1823 4861 atque
1860 4793 2168 4861 erroribus,

572 4897 809 4954 quorum
835 4881 980 4937 Deus
1009 4890 1205 4937 auctor
1242 4895 1355 4937 non
1401 4888 1508 4948 est,
1555 4883 1864 4952 insistant;
1909 4891 2025 4938 tum
2053 4900 2170 4941 me-

573 4976 681 5029 rita
705 4972 973 5045 supplicia
996 4982 1121 5044 post
1148 4971 1294 5027 hanc
1316 4970 1491 5029 vitam
1533 4973 1868 5045 expendant,
1902 4988 2026 5029 cum
2058 4988 2170 5028 non

575 5068 816 5139 amplius
842 5066 1151 5123 voluntatis
1187 5066 1246 5122 in
1283 5065 1365 5122 eis
1405 5058 1632 5121 libertas
1663 5064 1927 5121 manebit.
1964 5063 2167 5121 Verum

576 5176 761 5231 neque
817 5160 987 5215 animi
1034 5158 1276 5230 quadam
1338 5158 1665 5229 impotentia
1725 5156 1974 5213 futurum
2034 5155 2169 5211 illud

572 5254 845 5323 judicium
877 5251 1140 5317 instituit;
1179 5265 1285 5306 nec
1320 5256 1555 5305 ventura
1589 5250 1684 5304 illa
1711 5250 1857 5304 mala
1884 5248 2172 5304 iracundia

578 5347 690 5401 ulla
735 5347 939 5401 ductus
984 5344 1203 5414 inﬂigit.
1258 5342 1387 5399 Haec
1436 5343 1604 5415 380
1654 5342 1802 5396 enim
1842 5342 2027 5396 omnia
2072 5354 2173 5412 pro

581 5449 646 5488 ea
676 5450 783 5503 qua
810 5435 1072 5504 praeditus
1103 5444 1187 5491 est
1229 5435 1299 5491 ab
1331 5433 1481 5489 omni
1519 5433 1958 5504 perturbatione,
1999 5433 2173 5489 libera

580 5525 871 5579 divinitate
901 5526 1209 5582 denuntiat.
1239 5526 1347 5583 Sed
1375 5527 1448 5582 ob
1481 5540 1599 5581 eam
1628 5525 1884 5581 videlicet
1923 5540 2171 5589 causam,

2277 4697 2460 4761 αὐτοῖς
2506 4694 2810 4759 δοθείσαις,
2843 4695 2906 4749 τὸ
2942 4696 3241 4767 τηνικαῦτα
3292 4696 3431 4768 μετά
3473 4693 3565 4765 τὴν
3604 4680 3787 4743 ἐντεῦθεν

2277 4789 2623 4861 ἀπαλλαγὴν,
2643 4789 2738 4844 τοῦ
2770 4788 3115 4854 αὐτεξουσίου
3147 4790 3344 4862 μηκέτι
3370 4791 3543 4851 αὐτοῖς
3570 4791 3785 4854 συμπαρα·

2282 4882 2537 4954 μένοντος
2561 4900 2573 4913 -
2621 4881 2758 4937 ἀλλά
2805 4879 2928 4935 οὔτε
2981 4881 3069 4936 διὰ
3124 4880 3296 4953 θυμὸν
3340 4882 3520 4942 αὐτοῖς
3583 4875 3667 4945 τὴν
3704 4865 3786 4919 τότε

2281 4973 2548 5045 ἐσομένην
2605 4974 2828 5047 κρίσιν,
2878 4973 3003 5027 οὔτε
3055 4974 3129 5039 ὡς
3177 4975 3236 5029 ἐν
3283 4975 3418 5047 ὀργῇ
3469 4968 3707 5039 ἐπιφέρων
3741 4954 3786 5009 τὰ

2283 5066 2542 5137 ἐσόμενα.
2572 5066 2716 5121 "Ole.
2753 5067 2862 5141 γὰρ
2891 5067 2915 5099 ⁵
2946 5067 3310 5140 προεθέσπισε
3348 5067 3435 5121 διὰ
3469 5066 3561 5135 τὴν
3590 5061 3672 5114 οὐκ
3700 5053 3787 5105 εἴσω

2282 5158 2475 5212 παθῶν
2538 5160 2942 5232 περιεχομένην
2979 5161 3146 5214 αὐτοῦ
3196 5161 3458 5233 θεότητα·
3498 5155 3618 5211 ἀλλὰ
3661 5148 3714 5202 δι’
3744 5143 3786 5241 far

2281 5250 2516 5316 ἕκαστος
2542 5251 2654 5305 τῶν
2680 5252 2774 5306 ἐπὶ
2802 5252 2978 5327 βλάϐῃ
2998 5254 3191 5308 ἑαυτοῦ
3214 5272 3265 5308 τι
3290 5252 3649 5326 ἐργαζόμενος,
3664 5242 3786 5298 ἐαυτφ

2272 5344 2580 5415 παραίτιος
2613 5345 2941 5417 γεγένηται,
2998 5346 3093 5401 τοῦ
3124 5348 3260 5402 Θεοῦ
3314 5345 3544 5401 ἁναιτίου
3570 5339 3694 5396 ὄντος
3719 5327 3786 5427 tif

2284 5410 2407 5487 καθ’
2444 5436 2595 5505 ἡμᾶς
2625 5410 3017 5509 ἆταρεκτροπῆς
3052 5454 3111 5489 τε
3146 5436 3243 5490 καὶ
3287 5437 3383 5506 τῆς
3414 5435 3477 5485 ἐκ
3504 5425 3677 5491 ταύτης
3705 5410 3775 5468 καθ

2283 5526 2443 5601 ἡμῶν
2479 5528 2785 5600 μελλούσης
2812 5528 3033 5583 ἔσεσθαι
3060 5528 3376 5598 καταδίκης.

579 5619 728 5691 quod
758 5622 1140 5695 unusquisque
1192 5638 1348 5680 suam
1390 5624 1447 5678 in
1490 5622 1737 5679 tandem
1787 5621 1994 5694 aliquid
2048 5621 2302 5689 moliens,
2368 5625 2514 5681 ultro
2562 5610 2737 5696 capiti
2780 5640 2882 5680 suo
2907 5626 3111 5680 malum
3147 5623 3397 5687 arcessit,
3457 5631 3571 5674 cum
3624 5610 3782 5663 interim

659 5797 677 5828 ¹
700 5794 867 5872 .Igan.
903 5811 943 5861 ι,
978 5766 1180 5870 lsqq.‘
1220 5803 1240 5832 '
1273 5802 1467 5857 Matth.
1498 5819 1550 5871 ν,
1584 5803 1675 5859 45.
1751 5802 1772 5835 ⁸
1810 5816 1901 5872 no.
1939 5801 2188 5857 ὑπόνοια.

579 5863 699 5937 γὰρ
729 5862 852 5916 ὅλα.

2269 5803 2520 5864 ‘Dersse
2576 5806 2792 5864 videtur
2836 5807 3062 5879 aliquid.
3119 5806 3247 5861 Cor.
3303 5786 3775 5872 ἐπιφέρων.Τὰίε-ὶσ
