3958 6438
210 414 295 471 821

825 414 1197 475 ADVERSUS
1227 417 1573 477 HIERESES
1610 420 1739 480 LIB.

1881 422 2032 482 [ΟΜ.
2075 424 2541 484 111.-ΗᾸΞΒΕ8.
2586 426 2764 482 XLIV.

3337 426 3446 480 8'29.

213 532 514 604 corruptelae
568 531 1011 604 hujus~nos’trae,
1089 536 1587 609 damnationisque,
1645 554 1766 609 quae
1822 540 1976 596 illinc
2024 545 2315 614 sequitur,
2374 546 2590 616 culpam
2636 543 2781 599 Deus
2837 543 2989 598 nullo
3034 542 3195 598 modo
3274 545 3447 597 susti-

213 633 340 682 neat.

284 722 364 773 Ἐν
386 718 583 773 ἅπασιν
604 712 697 771 οὖν
726 719 820 771 καὶ
847 711 1000 781 οὗτος
1024 721 1432 793 φωραθήσεται,
1470 724 1593 786 ταῖς
1626 723 1763 795 πρό-

1944 721 2314 789 Quamobrem
2371 721 2574 793 ubique
2618 736 2677 777 se
2723 722 2917 793 prodet
2940 721 3118 792 ipsum
3167 679 3445 792 prioribus

208 829 350 884 τερον
390 809 481 863 καὶ
529 810 826 879 μετέπειτα
876 810 1307 882 ὲγκαταμιχθεὶς
1354 813 1669 886 αἱρέσεσιν,
1704 815 1770 868 ἐκ

209 903 292 957 τοῦ
336 902 563 975 ἀριθμοῦ
606 902 716 955 τῶν
765 903 866 973 τῆς
900 902 1178 968 ἀπωλείας
1222 905 1427 977 τέκνων
1470 905 1770 978 ὑπάρχωνο

207 992 452 1064 δηλούσης
474 994 572 1064 τῆς
604 992 905 1061 Ἀληθείας,
933 994 1147 1047 καὶτοῦ
1186 996 1361 1064 φωτὸς
1392 995 1486 1049 τοῦ
1528 995 1785 1067 Εὑαγγε-ι’

209 1088 310 1140 lion
339 1083 609 1155 φωτεινῶς
629 1084 727 1156 τὴν
753 1087 933 1139 πᾶσαν
956 1086 1281 1158 οἰκουμένην
1310 1087 1768 1156 καταυγάζοντος,

207 1181 291 1233 καὶ
333 1176 591 1240 σώζοντος
628 1177 756 1240 τοὺς
802 1178 952 1241 υἱοὺς
985 1179 1085 1249 τῆς
1130 1178 1395 1249 ἀληθινῆς
1446 1180 1682 1243 πίστεως
1713 1181 1771 1233 ὲν

208 1267 435 1338 ἀληθείᾳ.
476 1268 563 1331 Ὡς
591 1264 685 1322 οὖν
723 1270 788 1322 ὲκ
816 1270 1084 1340 συντόμου
1127 1269 1333 1323 σκοποῦ
1362 1269 1486 1339 ὄφιν
1517 1270 1771 1340 παρακύ-

206 1358 368 1424 ψαντα
390 1358 474 1411 διὰ
504 1358 702 1430 μικροῦ
738 1376 885 1423 τινος
923 1359 1153 1424 σκεύους
1185 1359 1486 1424 ἀνελόντες,
1526 1359 1770 1415 θανατω-

205 1450 372 1503 θείσαν
403 1449 608 1522 ταύτην
635 1451 1110 1518 καταλελοιπότες,
1147 1452 1243 1506 ἐπὶ
1282 1451 1383 1517 τάς
1411 1452 1541 1523 ἑξῆς
1577 1453 1770 1524 ἴωμεν,

205 1540 330 1595 κατὰ
363 1540 459 1612 τὴν
502 1542 833 1611 ἐπαγγελίαν
870 1544 970 1615 τὴν
1004 1542 1099 1597 τοῦ
1130 1542 1268 1597 Θεοῦ
1310 1543 1771 1616 συμπαραλαϐόν-

202 1647 281 1695 τες
321 1630 603 1701 βοήθειαν,
648 1635 729 1697 είς
772 1635 833 1688 τὸ
885 1635 1235 1707 παραστῆσαι
1268 1634 1367 1707 τὴν
1413 1633 1580 1689 αὐτοῦ
1629 1634 1764 1707 ἀλή-

203 1723 353 1778 θειαν.

538 1936 1258 1992 ΚΑΤΑ’ΔΠΕΛΛΗΙΛΝΩΝ
1275 1936 1409 2011 (87),

200 2050 439 2120 Εἱκοστὴ
471 2051 749 2121 τετάρτη,
782 2051 820 2120 ἠ
864 2051 962 2106 καὶ
996 2052 1458 2122 τεσσαρακοστὴ
1495 2051 1763 2122 τετάρτη.
1797 2081 1840 2137 Β
1930 2100 1937 2108 .

257 2157 329 2212 A'.
371 2157 576 2212 Τοῦτον
607 2157 699 2212 τὸν
728 2159 1125 2231 προειρημένον
1154 2162 1451 2217 Λουκιανὸν
1471 2162 1769 2234 διαδέχεται

209 2246 452 2320 Ἀτπλλῆς
471 2266 483 2278 ·
516 2249 614 2320 οὐχ
637 2252 665 2303 6
693 2249 848 2320 ἀγιος
871 2252 1080 2315 ἐκεῖνος
1108 2254 1136 2306 6
1169 2253 1274 2306 ὑπὸ
1299 2252 1394 2308 τοῦ
1415 2255 1572 2323 ἁγίου
1612 2255 1772 2308 Ἀπο-

199 2339 367 2394 στόλου
410 2343 828 2414 συνιστάμενος,
870 2344 982 2398 ἀλλ’
1019 2344 1226 2415 ἕτερος,
1264 2347 1323 2411 ὲξ
1365 2339 1536 2419 οὗπερ
1579 2346 1770 2401 Ἀπελ-

198 2429 403 2500 ληῖανοὶ,
433 2428 517 2486 ὢν
544 2433 637 2487 καὶ
660 2435 823 2498 αὐτὸς
849 2436 1224 2507 συσχολαστὴς
1252 2435 1417 2490 αὑτοῦ
1445 2436 1768 2503 Λουκιανοῦ,

199 2523 280 2575 καὶ
309 2524 562 2597 μαθητὴς
594 2524 690 2578 τοῦ
737 2528 1141 2599 προειρημένου
1174 2527 1516 2605 Μαρκίωνος
1538 2543 1552 2557 ⁸
1593 2527 1670 2592 ὡς
1707 2530 1772 2581 ὲκ

200 2616 318 2707 μιᾷς
361 2616 525 2688 ῥίζης
569 2616 1081 2707 πολλῶνῌάκανθῶν
1122 2618 1537 2691 ὑλομανήσασαι
1594 2636 1773 2690 παρα-

196 2705 397 2773 φυάδες.
428 2708 639 2780 Ἕτερα
667 2702 723 2762 δὲ
757 2702 914 2773 οὗτος
944 2709 1095 2782 παρά
1137 2712 1265 2774 τοὺς
1293 2711 1487 2775 ἄλλους
1522 2711 1772 2781 βούλεται

192 2795 553 2869 δογματίζειν.
598 2802 709 2855 Καὶ
740 2802 883 2857 κατὰ
933 2802 1033 2873 μὲν
1066 2801 1160 2856 τοῦ
1210 2802 1407 2856 ἑαυτοῦ
1451 2803 1771 2859 διδασκάλου

192 2889 548 2962 ὁπλισάμενος
595 2893 810 2959 ἑαυτὸν,
854 2894 948 2947 καλ¹
980 2892 1123 2947 κατά
1159 2894 1260 2964 τῆς
1287 2893 1571 2966 ἀληθείας,
1606 2897 1686 2959 εἰς
1710 2896 1773 2950 τὸ

198 2984 530 3054 σνναγείρειν
561 2985 740 3056 ἑαυτῷ
776 2986 867 3040 καὶ
904 2985 1067 3050 αὐτὸς
1111 2974 1308 3058 σχολὴν
1339 2987 1772 3059 πεπλανημένων

194 3072 505 3144 ἀνθρώπων,
529 3075 600 3129 τὰ
623 3076 848 3131 τοιαῦτα
873 3077 1123 3148 βούλεται
1145 3077 1495 3149 δογματίζειν
1512 3095 1525 3109 ·
1549 3080 1773 3148 φάσκων

197 3162 302 3230 μὲν,
347 3165 427 3220 ὅτι
457 3167 565 3239 οὐχ
594 3168 789 3233 οὕτως,
822 3170 976 3240 φησὶ,
1006 3156 1338 3242 γεγένηταί·
1383 3169 1520 3224 ἀλλά
1566 3171 1775 3226 πεπλά-

194 3268 338 3323 νηται
372 3256 684 3329 Μαρκίων·
729 3257 816 3311 ἵνα
855 3259 1195 3329 πανταχόθεν
1243 3259 1421 3330 ἑαυτῷ
1464 3258 1575 3331 (88)
1623 3261 1775 3329 ἐλέγ-

194 3348 350 3414 χουσά
384 3366 443 3402 τε
483 3350 525 3420 ἠ
565 3348 742 3417 ἄνοια,
781 3350 877 3403 καὶ
910 3352 943 3421 ἡ
983 3351 1186 3421 ἀνομία
1236 3352 1295 3405 ὲν
1337 3353 1505 3422 ἑαυτῇ
1553 3369 1773 3425 συντρι-

1874 830 1942 871 ac
1967 814 2371 886 posterioribus
2412 815 2581 870 sectis
2622 813 2983 885 implicatum,
3022 828 3084 867 ac
3128 828 3238 869 see
3264 812 3442 882 perdi-

1867 908 2037 963 tionis
2090 906 2321 963 ﬁliorum
2373 921 2600 963 numero
2642 921 2763 962 esse
2811 905 3160 969 monstrabit,
3212 918 3336 958 cum
3393 903 3444 956 id

1870 999 2168 1055 manifeste
2198 998 2417 1054 Veritas
2465 998 2583 1068 ipsa
2631 996 2903 1063 declaret;
2945 997 3233 1065 ipsumque
3263 994 3446 1047 lumen

1871 1094 2150 1166 Evangelii
2206 1101 2379 1148 totum
2435 1102 2708 1148 terrarum
2764 1091 2952 1146 orbem
3008 1105 3110 1145 suo
3157 1088 3447 1159 splendore

1870 1188 2177 1251 collustret,
2228 1200 2292 1241 ac
2340 1185 2571 1240 sincerae
2612 1182 2893 1255 religionis
2944 1180 3082 1237 ﬁlios
3115 1179 3181 1235 ad
3215 1180 3445 1235 salutem

1871 1277 2140 1335 beneflcio
2177 1276 2426 1332 veritatis
2472 1274 2728 1330 adducat.
2773 1272 3069 1343 Postquam
3128 1272 3291 1342 igitur
3321 1270 3448 1325 bre-

1870 1372 2097 1428 vissimo
2126 1369 2224 1425 illo
2260 1368 2547 1440 proposito
2576 1367 2735 1422 nobis
2768 1366 2835 1421 ad
2868 1365 3257 1434 disputandum
3288 1378 3449 1433 argu-

1870 1470 2057 1518 mento
2091 1474 2366 1516 emersum
2410 1474 2441 1514 e
2486 1457 2713 1513 latebris
2747 1463 3052 1527 serpentem
3079 1455 3224 1510 velut
3254 1453 3450 1523 exiguo

1869 1555 1978 1611 telo
2031 1552 2388 1623 confecimus,
2439 1557 2605 1621 atque
2654 1557 2961 1605 emortuam
3013 1545 3248 1601 haeresin
3300 1545 3450 1597 illam

1868 1644 2217 1714 reliquimus,
2251 1643 2320 1699 ad
2351 1643 2591 1713 reliquas
2620 1641 3061 1712 progrediamur,
3089 1637 3203 1702 Dei,
3230 1643 3287 1691 ut
3310 1649 3452 1704 saepe

1869 1732 2107 1805 professi
2160 1748 2376 1797 sumus,
2432 1734 2725 1804 implorata
2779 1732 2933 1803 prius
2978 1745 3103 1801 ope,
3147 1743 3256 1800 quo
3305 1728 3451 1782 illius

1868 1823 2156 1880 veritatem
2188 1823 2463 1895 explicare
2494 1823 2791 1892 possimus.

2251 1935 2535 1993 CONTRA
2573 1930 3072 1997 APELLEIANOS,

2134 2053 2267 2121 Quae
2292 2062 2372 2108 est
2396 2053 2612 2108 haeresis
2636 2049 2830 2105 XXIV
2860 2050 2964 2104 sive
2995 2045 3199 2101 XLIV.

1939 2170 1980 2225 l.
2021 2168 2324 2225 Lucianum
2384 2168 2633 2239 proxime
2691 2166 2943 2235 sequitur
3009 2160 3269 2231 Apelles:
3340 2171 3453 2213 non

1870 2262 1961 2319 ille
1989 2271 2238 2326 sanctus,
2279 2270 2336 2316 et
2363 2261 2432 2316 ab
2459 2260 2723 2330 Apostolo
2748 2256 3209 2320 commendatus;
3247 2251 3340 2308 sed
3375 2250 3455 2304 di-

1868 2370 2066 2411 versus
2110 2354 2180 2409 ab
2219 2369 2285 2409 eo
2306 2352 2554 2423 quidam,
2602 2366 2633 2405 a
2679 2364 2789 2420 quo
2828 2346 3135 2419 Apelleiani
3168 2341 3456 2414 cognomi-

1871 2447 1985 2501 nati
2032 2456 2180 2502 sunt.
2225 2445 2326 2501 Hic
2371 2444 2601 2503 Lueiaui
2649 2442 3085 2513 condiscipulus,
3126 2446 3182 2495 et
3219 2436 3447 2492 Marcio-

1870 2539 1959 2595 nis
2003 2539 2220 2593 auditor
2265 2536 2389 2603 fuit,
2434 2535 2893 2627 quemadmodum
2941 2548 3084 2603 saepe
3138 2532 3215 2595 ﬁt,
3248 2537 3309 2583 ut
3343 2527 3453 2598 spio

1871 2631 1993 2687 nosi
2040 2630 2269 2685 frutices
2300 2617 2469 2683 multi'
2490 2639 2557 2683 ex
2595 2641 2701 2681 una
2733 2625 2919 2681 radice
2963 2623 3306 2678 luxuriantes
3341 2617 3456 2688 pul-

1873 2724 2058 2778 lulent.
2102 2721 2426 2791 Quanquam
2479 2719 2572 2774 ille
2608 2718 2833 2773 diversa
2883 2716 2952 2770 ab
2997 2714 3120 2767 aliis
3171 2709 3457 2781 quamplu-

1872 2816 2012 2871 rima
2037 2814 2250 2870 statuit.
2288 2811 2423 2866 Nam
2455 2819 2509 2866 et
2537 2810 2803 2866 adversus
2833 2808 3155 2878 magistrum
3188 2817 3368 2863 suum,
3404 2808 3459 2852 et.

1875 2907 2142 2961 adversus
2223 2903 2509 2958 veritatem
2566 2902 2741 2971 ipsam
2801 2912 3049 2951 armasse
3107 2909 3165 2949 se
3219 2892 3455 2951 videtur,

1877 3012 1988 3069 quo
2024 2998 2081 3052 in
2114 3011 2305 3053 errore
2362 2993 2698 3049 versantium
2736 2990 3019 3044 hominum
3058 2984 3312 3055 privatim
3352 2980 3458 3035 sibi

1874 3091 1994 3162 ipse
2029 3090 2274 3145 scholam
2306 3091 2598 3158 quareret.
2635 3080 2923 3153 Ejusmodi
2963 3086 3093 3136 sunt
3122 3083 3303 3130 autem
3336 3072 3456 3142 ejus

1874 3180 2150 3250 dogmata.
2205 3175 2378 3247 Negat
2425 3175 2521 3237 ita,
2573 3174 2653 3227 uti
2702 3168 2909 3224 Marcio
2952 3162 3164 3227 deﬁnit,
3192 3174 3315 3216 sese
3342 3172 3456 3212 rem

1875 3270 2123 3336 habere;
2186 3267 2528 3339 proindeque
2570 3265 2723 3319 illum
2781 3260 3041 3332 opinione
3106 3257 3340 3323 lapsum,
3398 3258 3458 3304 ut

1878 3361 2163 3419 confutata
2192 3375 2289 3430 per
2314 3360 2554 3429 seipsam
2601 3354 2836 3419 insania,
2881 3350 3074 3406 collisa
3109 3360 3293 3403 secum
3326 3357 3458 3401 cono

195 3436 380 3512 δομένη
416 3443 752 3513 φανήσεται,
780 3443 876 3496 καὶ
915 3442 1037 3496 καθ’
1082 3444 1282 3515 ἑαυτῆς
1322 3444 1421 3515 τὴν
1461 3444 1771 3517 ἀνατροπὴν

1881 3454 2165 3524 fractaque
2222 3451 2475 3506 videatur
2532 3448 2825 3518 impietas,
2883 3453 2937 3498 et
2972 3441 3038 3495 ad
3111 3436 3458 3503 semetipsam

198 3527 571 3604 ἐπεγείρουσα,
611 3533 710 3604 τῆς
751 3533 1012 3604 ἀληθείας
1049 3534 1137 3587 ἀεὶ
1183 3535 1401 3605 ἑδραίας
1443 3534 1630 3607 οὔσης,
1682 3538 1772 3591 καὶ

200 3618 267 3689 μὴ
313 3623 510 3692 χρείαν
561 3623 795 3693 ἐχούσης
844 3623 1126 3694 βοηθείας,
1179 3623 1317 3678 ἀλλά
1373 3624 1773 3680 αύτοσυστάτου

194 3708 367 3783 οὔσης,
390 3715 487 3769 καὶ
525 3714 678 3787 παρά
709 3713 829 3785 Θεῷ
862 3713 940 3785 τῷ
969 3714 1139 3777 ὅντως
1166 3714 1254 3767 ἀεὶ
1284 3713 1699 3785 συνισταμένης.

257 3978 453 4033 Φάσκει
496 3976 630 4047 γοῦν
658 3971 813 4040 οὗτος
859 3977 889 4029 6
941 3975 1335 4047 προειρημένος
1376 3973 1638 4046 Ἀπελλῆς
1682 3975 1777 4029 καὶ

192 4070 236 4122 οἱ
265 4073 355 4125 ἀπ’
384 4071 560 4127 αὐτοῦ
581 4112 596 4138 ,
627 4072 709 4125 ὃτι
738 4071 838 4123 οὐκ
866 4070 972 4123 εἰσὶ
1001 4074 1150 4136 τρεῖς
1176 4069 1370 4140 ἀρχαὶ,
1405 4067 1529 4120 οὔτε
1558 4067 1671 4132 δύο,
1702 4067 1777 4131 ὡς

192 4165 296 4225 τοῖς
342 4165 472 4236 περὶ
514 4162 811 4217 Λουκιανδν
847 4162 942 4215 καὶ
990 4138 1297 4233 Μαρκίωνα
1348 4158 1545 4225 ἔδοξεν.
1594 4138 1779 4223 Ἀλλὰ,

192 4254 377 4323 φησὶν,
411 4250 497 4319 εἷς
553 4254 701 4306 ἐστιν
732 4251 935 4321 ἀγαθὸς
987 4251 1154 4314 Θεὸς,
1186 4250 1278 4303 καὶ
1313 4249 1411 4321 μία
1457 4250 1631 4321 ἀρχὴ,
1684 4250 1779 4303 καὶ

196 4345 286 4414 μία
316 4345 553 4418 δύναμις
590 4345 1053 4417 ἀκατονόμαστος.
1085 4338 1157 4414 ᾯ
1186 4341 1266 4395 ἐνὶ
1293 4341 1411 4412 Θεῷ
1430 4381 1443 4404 ,
1474 4342 1641 4412 ἤγουν
1680 4344 1779 4414 μιᾷ

194 4438 364 4510 ἀρχῇ,
399 4438 559 4493 οὐδὲν
604 4436 910 4508 μεμέληται
948 4433 1057 4488 τῶν
1088 4432 1322 4487 ἐνταῦθα
1371 4435 1427 4486 ὲν
1482 4432 1560 4504 τῷ
1588 4434 1780 4506 κόσμῳ

193 4530 361 4602 τούτῳ
388 4526 797 4601 γεγενημένων.
848 4525 1007 4580 Ἀλλά
1041 4527 1069 4579 6
1109 4526 1271 4588 αὐτὸς
1323 4524 1478 4594 ἅγιος
1504 4525 1637 4589 Θεὸς
1684 4527 1780 4579 καὶ

191 4617 388 4684 ἀγαθὸς
410 4660 428 4683 ,
463 4621 494 4672 ὁ
531 4617 739 4673 ἀνωθεν
767 4616 899 4681 Θεὸς
949 4616 1043 4669 καὶ
1081 4615 1286 4684 ἀγαθὸς
1313 4654 1329 4678 ,
1375 4614 1630 4686 εποίησεν
1684 4616 1780 4670 ἕνα

1875 3544 2226 3621 evertendam
2264 3542 2413 3596 velut
2442 3539 2676 3611 quadarn
2709 3534 3116 3604 conspiratione
3145 3528 3455 3585 concitata:

1877 3610 2001 3687 cum
2029 3631 2245 3687 interim
2286 3608 2491 3685 veritas
2542 3627 2759 3683 stabilis
2803 3634 2854 3679 et
2923 3622 3076 3677 ﬁrma
3122 3624 3456 3689 permaneat,
3520 3608 3532 3622 '

1878 3737 1981 3778 nec
2027 3721 2236 3775 auxilio
2291 3719 2622 3789 cujusquam
2674 3714 2952 3785 indigeat;
3011 3718 3197 3779 utpote
3222 3722 3341 3776 qua:
3366 3719 3462 3775 per

1880 3827 2003 3869 sese
2037 3810 2338 3876 cohaereat,
2369 3817 2423 3864 et
2455 3806 2599 3877 apud
2632 3806 2823 3872 Deum,
2880 3803 2974 3873 qui
3020 3813 3207 3856 revera
3254 3795 3459 3865 sempi-

1877 3910 2073 3957 ternus
2098 3910 2203 3965 est,
2237 3907 2502 3970 perpetuo
2532 3899 2821 3952 consistat.

1950 3990 2112 4061 381
2163 3987 2333 4059 Igitur
2367 3987 2605 4056 Apelles,
2678 3984 2909 4053 ejusque
2957 3979 3121 4033 factio
3166 3974 3346 4029 omnis
3386 3973 3498 4046 ita_

1880 4083 2091 4137 sentit:
2125 4079 2242 4135 Non
2302 4094 2424 4134 esse
2473 4077 2743 4147 principia
2803 4074 2931 4136 tria,
2989 4086 3163 4141 neque
3214 4069 3344 4132 duo,
3404 4074 3462 4119 ut

1880 4170 2126 4226 Luciano
2189 4184 2253 4223 ac
2316 4166 2579 4221 Marcioni
2637 4165 2884 4230 videtur,
2950 4162 3043 4217 sed
3102 4172 3273 4214 unum
3336 4170 3460 4211 esse

1882 4265 2086 4320 bonum
2130 4261 2323 4327 Deum,
2377 4273 2654 4329 unumque
2691 4255 3047 4328 principium,
3094 4267 3159 4305 ac
3201 4250 3464 4304 virtutem

1881 4372 2046 4414 unam
2085 4351 2323 4409 nominis
2364 4358 2663 4420 expertem.
2702 4348 2806 4416 Qui
2844 4347 3064 4418 quidem
3111 4343 3256 4397 Deus
3298 4355 3462 4401 unus,

1882 4461 2161 4517 unumque
2214 4444 2541 4515 principium
2593 4442 2799 4496 nullam
2848 4452 3038 4495 eorum
3086 4450 3207 4507 qua:
3256 4433 3311 4487 in
3360 4431 3465 4485 hoc

1882 4540 2087 4595 mundo
2134 4541 2401 4608 geruntur
2452 4548 2641 4589 curam
2695 4530 2948 4602 suscipit.
3004 4529 3275 4584 Caeterum
3319 4523 3463 4578 idem

1884 4633 1974 4688 ille
2004 4638 2253 4695 sanctus,
2289 4612 2577 4698 bonuSque
2601 4625 2765 4690 Deus,
2805 4624 2902 4695 qui
2941 4637 2971 4677 a
3010 4618 3283 4693 principio
3323 4615 3465 4669 Deus

192 4706 344 4762 ἄλλον
376 4708 535 4764 Θεόν.
590 4709 648 4762 ὐ
677 4708 733 4761 δὲ
769 4707 1058 4778 γενόμενος
1111 4705 1271 4770 ἀλλος
1300 4706 1433 4770 Θεὸς
1474 4706 1655 4760 ἔκτισε
1710 4706 1773 4760 τά

1883 4730 1988 4791 est,
2041 4736 2105 4777 ac
2137 4723 2340 4787 bonus,
2370 4719 2538 4775 alium
2578 4717 2836 4789 produxit
2871 4714 3063 4771 Deum.
3096 4712 3177 4767 Ab
3215 4711 3319 4765 hoc
3351 4705 3466 4762 uui-

192 4799 396 4865 πάντα,
433 4800 668 4872 οὐρανὸν
694 4842 709 4867 ,
762 4799 857 4853 καὶ
910 4799 1044 4871 γῆν,
1091 4798 1188 4852 καὶ
1232 4798 1411 4851 πάντα
1466 4797 1534 4852 τὰ
1585 4798 1643 4851 ἐν
1701 4796 1779 4869 τῷ

193 4890 396 4961 κόσμῳ.
449 4890 657 4961 Ἀπέϐη
692 4890 748 4942 δὲ
798 4889 899 4942 οὐκ
931 4888 1175 4957 ἀγαθὸς,
1225 4888 1323 4941 καὶ
1368 4887 1437 4941 τά
1487 4889 1577 4941 ὑπ’
1612 4887 1779 4942 αὑτοῦ

191 4981 492 5052 γενόμενα,
538 4980 701 5050 φησὶν
733 5020 746 5043 ,
788 4978 888 5032 οὐκ
940 4976 1159 5047 ἀγαθῶς
1219 4975 1587 5047 εἰργασμένα·
1644 4976 1780 5052 ἀλλά

192 5074 332 5127 κατά
358 5076 462 5148 τὴν
484 5075 650 5129 αὐτοῦ
695 5074 905 5146 φαύλην
953 5072 1194 5129 διάνοιαν
1241 5071 1311 5125 τά
1347 5073 1436 5125 ὑπ’
1482 5071 1648 5126 αὐτοῦ
1692 5050 1782 5126 εὶ-

190 5182 390 5220 τισται.
742 5225 753 5234 ο

262 5260 337 5313 B’.
374 5259 476 5324 Τίς
505 5259 560 5313 δὲ
607 5259 857 5326 ἀνέξεται
901 5258 1010 5313 τῶν
1038 5256 1295 5311 τοιούτων
1338 5255 1512 5320 λόγων
1536 5296 1551 5321 ,
1601 5254 1696 5308 καὶ¹
1720 5254 1780 5310 οὐ

196 5350 397 5420 μᾶλλον
446 5349 840 5420 καταγελάσειε
893 5350 992 5421 τῆς
1042 5347 1299 5415 τοιαύτης
1355 5344 1781 5415 ματαιοπονίας;

193 5440 354 5493 Κατά
386 5440 501 5511 γὰρ
549 5440 640 5494 δύο
682 5440 915 5514 τρόπους
961 5437 1318 5510 εὑρεθήσεται
1365 5435 1464 5505 οὐχ
1509 5433 1785 5505 ἁρμοδίως

194 5531 498 5603 πράττων,
533 5531 810 5605 χρώμενος
862 5533 928 5603 τῇ
975 5529 1196 5600 τοιαύτῃ
1251 5526 1496 5597 ὑπονοίᾳ.
1534 5525 1646 5580 Καὶ
1696 5523 1784 5578 διά

267 5687 389 5757 (87)
441 5686 901 5757 Ἀπελληϊανῶν.
955 5684 1033 5757 De
1085 5682 1271 5754 Apelle
1336 5679 1779 5757 mentinit_inter

198 5750 339 5811 alios
363 5755 639 5827 Paeianus
668 5752 828 5827 epist.
864 5759 912 5820 Ι,
939 5756 1099 5822 cujus
1132 5750 1187 5827 et
1218 5751 1575 5827 corrigendus
1603 5750 1776 5821 locus,

201 5828 257 5879 in
292 5842 406 5897 quo
437 5821 806 5886 Murctouiias.
851 5825 1271 5898 Apollinaricos,
1305 5821 1698 5893 Cattaphrygas,
1727 5829 1781 5875 et

1886 4829 2044 4870 versa
2068 4806 2290 4901 coqdita
2323 4818 2474 4875 sunt,
2498 4811 2699 4866 coelum
2729 4807 2985 4862 videiicet
3007 4821 3071 4859 ac
3098 4812 3266 4865 terra,
3300 4807 3463 4854 caete-

1887 4922 2057 4978 raque
2084 4890 2205 4977 quae
2231 4905 2287 4959 in
2312 4904 2417 4959 hoc
2437 4901 2643 4957 mundo
2664 4900 2940 4956 cernimus
2960 4940 2977 4964 ,
3006 4896 3102 4952 sed
3134 4895 3220 4948 hic
3239 4890 3463 4946 minime

1886 4998 2066 5053 bonus
2097 4997 2290 5060 evasit,
2318 4996 2547 5065 ejusque
2575 5006 2741 5063 opera
2770 4990 2954 5045 omnia
2985 5003 3095 5042 non
3132 4986 3269 5039 bene
3299 4981 3463 5043 facta,

1890 5102 1953 5145 ac
1978 5104 2077 5159 pro
2108 5088 2248 5143 mala
2278 5086 2424 5141 illius
2452 5094 2631 5140 mente
2653 5089 2781 5138 sunt
2812 5081 2881 5136 ab
2913 5081 3008 5135 illo
3036 5078 3319 5133 fabricata.

1960 5247 2025 5305 ll.
2051 5246 2253 5304 Verum
2277 5247 2401 5318 quis
2428 5243 2518 5300 illa
2546 5244 2798 5315 dogmata
2828 5240 3098 5312 patienter
3130 5235 3333 5297 audiat,
3368 5248 3467 5289 nec

1891 5339 2165 5397 insaniam
2186 5338 2333 5393 illam
2364 5337 2549 5409 potius
2570 5343 2625 5392 et
2647 5334 2939 5389 amentiam
2963 5326 3217 5384 irrideat?
3246 5325 3467 5379 Duobus

1890 5432 2092 5504 quippe
2120 5429 2295 5486 modis
2323 5429 2426 5484 bac
2453 5427 2673 5500 quidem
2706 5426 2761 5479 in
2800 5422 3056 5492 opinione.
3085 5418 3309 5475 minime
3336 5432 3470 5472 con-

1892 5530 2153 5582 sentanea
2181 5519 2397 5575 videtur
2419 5532 2683 5575 asserere.
2714 5513 2899 5584 Itaque
2928 5512 3007 5568 sic
3037 5510 3186 5565 illum
3211 5517 3469 5580 tanquam

1887 5676 2221 5756 Novatianos
2252 5681 2520 5730 recenset.
2569 5671 2697 5742 Leg.
2742 5669 3076 5738 Apelleiauos
3138 5682 3237 5737 pro
3268 5661 3477 5735 .tpoili-

1889 5764 2115 5807 nartcos.

1961 5819 2072 5891 (88)
2113 5818 2237 5871 Ἵνα
2266 5814 2641 5886 πανταχόθεν
2670 5810 2877 5878 ἐαυτῷ.
2922 5809 3060 5880 Lt'ge
3089 5804 3322 5877 ἑαυτήν..
