3958 6420
554 375 660 433 823

1971 382 2035 438 S.
2080 381 2130 437 El

2237 379 2427 438 BAN“
3674 385 3753 444 824

553 501 880 561 praesentem
913 488 1190 562 alloquar:
1221 489 1317 548 Dic
1344 486 1503 559 milii,
1537 493 1721 560 sodes,
1753 493 1990 566 Apelles.
2028 493 2130 550 Hor

2247 491 2405 546 τοῦτο
2436 492 2574 564 πρὸς
2602 492 2765 548 αὑτὸν
2792 493 2867 557 ὡς
2896 492 3033 564 πρὸς
3077 492 3320 567 παρόντα
3360 493 3468 565 ἐρῶ
3488 512 3500 524 ·
3527 496 3648 565 Λέγε
3674 517 3757 569 μοι,

553 579 700 634 enim
733 579 910 644 dabis,
939 582 1163 651 opinor:
1196 588 1291 636 aut
1321 580 1476 636 illum
1505 597 1823 653 supremum
1852 581 2021 638 Deum
2052 584 2139 639 fu-

554 677 676 722 tura
704 668 1059 735 nescientem,
1104 671 1249 726 hunc
1289 685 1450 742 quem
1495 671 1634 728 dicis
1672 687 1836 744 opera
1867 689 1968 730 sua
1997 675 2138 730 male

552 756 875 826 fabricasse,
922 757 1196 817 effinxisse
1246 760 1457 830 Deum;
1499 771 1595 818 aut
1641 778 1768 819 cum
1815 765 1976 822 talem
2021 765 2140 822 fore

550 861 927 923 cognosceret,
960 853 1082 910 ideo
1111 853 1458 926 produxisse,
1494 866 1555 913 ut
1582 873 1773 914 eorum
1809 868 1956 916 esset
1987 859 2137 931 ipso-

552 959 674 998 rum
699 959 888 1013 causa,
919 961 1041 1017 quae
1069 948 1212 1004 male
1244 959 1433 1020 postea
1459 950 1725 1006 condidit.
1755 949 1831 1004 Ex
1860 966 1972 1021 quo
1999 966 2135 1007 con-

550 1051 788 1107 sequens
816 1045 923 1104 est,
961 1054 1281 1110 supremum
1322 1042 1474 1096 illum
1515 1041 1686 1098 Deum
1721 1042 1881 1114 plane
1911 1043 2137 1100 Creato-

548 1142 664 1184 rem
689 1144 833 1198 esse,
860 1130 955 1201 qui
987 1147 1155 1187 unum
1185 1132 1338 1188 illum
1367 1135 1693 1205 procrearit,
1719 1149 1750 1189 a
1782 1149 1890 1204 quo
1917 1134 2135 1191 condita

549 1228 680 1276 sunt
718 1223 924 1278 omnia.
961 1223 1146 1290 Quare
1179 1240 1348 1280 causa
1385 1225 1492 1282 erit
1523 1225 1689 1282 etiam
1729 1226 1856 1296 ille;
1899 1241 2007 1284 non
2039 1229 2135 1302 qui

546 1327 637 1368 res
660 1321 872 1369 creatas
893 1314 1087 1378 edidit,
1107 1314 1202 1372 sed
1225 1331 1476 1375 summus
1492 1316 1610 1388 ipse
1629 1315 1905 1375 Creatoris
1921 1327 2135 1388 auctor,

544 1401 640 1474 qui
677 1401 748 1460 sit
774 1403 1157 1460 universorum
1188 1403 1392 1476 opifex.

618 1575 735 1634 Hoc
773 1595 902 1635 vero
931 1580 1158 1652 insuper
1187 1579 1445 1650 affirmas,
1477 1583 1772 1655 postremis
1799 1585 2136 1656 temporibus

547 1672 794 1730 adfuisse
829 1674 1137 1739 Christum,
1180 1677 1423 1748 supremi
1469 1678 1730 1732 nimirum
1774 1693 1840 1734 ac
1882 1678 2010 1734 boni
2041 1679 2134 1736 Dei

548 1763 768 1830 Filium,
789 1767 1018 1838 ejusque
1043 1765 1306 1838 Spiritum
1332 1776 1606 1832 sanctum,
1629 1768 1695 1823 ad
1718 1783 1907 1824 eorum
1939 1769 2136 1825 simili-

2240 578 2286 638 ὧ
2323 579 2495 649 οὗτος.
2531 584 2735 649 Δώσεις
2771 585 2909 658 7&9,
2947 581 2992 640 ὦ
3027 585 3286 657 Ἀπελλῆ,
3318 585 3462 657 ἢτὸν
3481 586 3598 641 Θεὸν
3624 590 3760 657 ἄγνω-

2241 691 2366 729 στον
2403 675 2512 729 τῶν
2563 675 2868 747 μελλόντων
2915 677 3256 748 πεποιηκότα
3283 676 3414 730 Θεὸν
3435 715 3450 741 ,
3494 677 3549 730 δν
3579 679 3760 748 φάσκεις

2238 767 2308 822 τὰ
2343 769 2624 840 ποιήματα
2675 768 2856 832 καλῶς
2899 769 2916 800 ί
2944 769 3494 842 δεδημιουργηκέναι·
3546 771 3577 843 ἢ
3611 791 3765 846 προγι-

2238 855 2516 912 νώσκοντα
2545 857 2644 929 μὲν
2663 899 2678 924 ,
2730 859 2813 912 ὅτι
2842 858 3083 921 τοιοῦτος
3125 859 3156 911 ὁ
3181 859 3273 912 ὑπ’
3316 859 3474 913 αὐτοῦ
3501 861 3764 932 κτιζόμενις

2237 947 2370 1014 Θεὸς
2400 950 2580 1023 ἀπέϐη
2608 951 2800 1005 τούτου
2826 950 2990 1022 χάριν
3017 949 3181 1004 αὑτὸν
3205 953 3576 1022 πεποιηκέναι,
3605 954 3681 1008 ἵνα
3701 957 3765 1009 aI-

2236 1057 2350 1105 τιος
2387 1041 2614 1113 γένηται
2669 1041 2781 1098 τῶν
2810 1041 2998 1106 κακῶς
3031 1042 3120 1095 ὑπ’
3159 1041 3322 1096 αὑτοῦ
3353 1043 3765 1116 δεδημιουργημέ-

2237 1151 2364 1188 νων.
2415 1134 2528 1188 Kal
2573 1133 2728 1188 ἔσται
2779 1133 3080 1202 ὲξάπαντος
3129 1133 3159 1187 ὁ
3207 1134 3320 1189 ἄνω
3353 1133 3485 1197 Θεὸς
3525 1135 3668 1200 αὐτὸς
3691 1142 3767 1208 Δη-

2240 1225 2501 1299 μωυργός
2519 1265 2536 1291 ,
2569 1227 2805 1299 ποιήσας
2832 1226 2923 1282 τὸν
2969 1227 3065 1282 ἕνα
3095 1226 3187 1281 τὸν
3229 1226 3301 1281 τὰ
3328 1227 3502 1281 πάντα
3524 1229 3768 1299 πεποιηκό-

2234 1335 2305 1374 τα
2331 1336 2344 1350 ·
2377 1319 2472 1373 καὶ⁸
2495 1317 2647 1372 ἔσται
2674 1317 2861 1374 οὐκέτι
2884 1320 3055 1384 αίτιος
3075 1320 3104 1373 ὁ
3130 1318 3231 1382 τὰς
3253 1317 3460 1382 κτίσεις
3483 1317 3765 1390 πεποιηκὼς,

2237 1411 2373 1466 ἀλλὰ
2397 1413 2425 1466 ὁ
2456 1412 2569 1468 ἀνω
2600 1410 2733 1476 Θεὸς
2764 1413 2794 1466 ὁ
2820 1411 2912 1466 τὸν
2937 1411 3180 1466 Κτίσττην
3214 1412 3467 1484 ποιήσας.
3485 1412 3575 1466 καὶ
3602 1412 3668 1467 ὣν
3695 1413 3769 1466 αὐ-

2236 1505 2330 1568 τὸς
2353 1503 2464 1559 τῶν
2487 1503 2706 1558 πάντων
2737 1503 3088 1575 δημιουργός.

2308 1593 2544 1665 Χριστὸν
2590 1595 2648 1649 δέ
2686 1595 2843 1667 ἥκειν
2878 1595 2985 1666 φῂς
3037 1594 3127 1649 ἐπ’
3165 1595 3413 1666 ἐσχάτων
3459 1594 3564 1649 τῶν
3588 1594 3768 1665 καιρῶν,

2238 1685 2352 1754 υἱὸν
2382 1686 2512 1740 ὅντα
2542 1686 2636 1740 τοῦ
2669 1687 2780 1741 ἀνω
2823 1687 3030 1756 ἀγαθοῦ
3066 1688 3234 1750 Θεοῦ,
3264 1688 3360 1742 καὶ
3390 1686 3449 1740 τὸ
3474 1687 3614 1754 ἅγιον
3643 1685 3767 1740 αὐτοῦ

2239 1774 2464 1846 Πνεῦμα
2489 1774 2752 1839 ὡσαύτως
2784 1776 2877 1828 ἐπὶ
2903 1776 3146 1848 σωτηρία
3178 1775 3290 1830 τῶν
3316 1777 3398 1840 εἰς
3432 1774 3619 1845 γνῶσιν
3642 1775 3767 1828 αὑτοῦ

546 1870 631 1916 ter
679 1863 932 1929 salutem,
982 1865 1074 1934 qui
1125 1862 1192 1917 ad
1244 1863 1416 1934 ipsius
1471 1864 1721 1920 notitiam
1763 1866 2130 1934 pervenirent.

2239 1867 2551 1940 ἐρχομένων
2571 1885 2584 1898 ⁸
2615 1869 2710 1923 καὶ
2745 1868 2969 1923 ἐλθόντα
2996 1870 3057 1923 οὑ
3079 1869 3301 1940 δοκήσει
3328 1869 3638 1940 πεφηνέναι,
3668 1867 3768 1921 ἀλλὰ

547 1949 810 2007 Eumdem
843 1966 1008 2022 porro
1036 1963 1147 2009 non
1181 1953 1365 2024 specie
1393 1953 1714 2024 apparuisse
1747 1954 1892 2016 sola,
1927 1955 2022 2011 sed
2057 1971 2135 2010 re-

547 2058 677 2098 vera
708 2059 926 2100 carnem
963 2046 1266 2116 sumpsisse
1295 2065 1307 2100 :
1340 2061 1448 2102 non
1480 2047 1549 2102 de
1579 2046 1747 2101 Maria
1789 2055 1972 2102 tamen
2013 2046 2132 2102 Vir-

545 2137 672 2204 gine
720 2137 869 2193 illam
909 2139 1290 2210 expressisse,
1319 2139 1415 2196 sed
1451 2141 1666 2196 tametsi
1701 2155 1826 2196 vera
1863 2154 2031 2197 carne
2069 2156 2134 2198 ac

543 2240 775 2297 corpore
797 2237 942 2284 esset
971 2229 1252 2299 praeditus,
1284 2245 1462 2300 neque
1488 2245 1552 2286 ex
1584 2231 1728 2286 virili
1766 2231 2007 2297 semine,
2037 2247 2135 2287 ne-

541 2334 653 2388 que
703 2335 767 2374 ex
817 2320 1047 2377 muliere
1099 2323 1313 2395 virgine
1349 2325 1455 2380 sibi
1502 2324 1638 2396 illud
1686 2325 1988 2393 ascivisse;
2036 2325 2133 2382 scd

544 2423 729 2464 veram
761 2409 982 2466 aliunde
1014 2425 1240 2466 carnem
1276 2411 1379 2467 sibi
1421 2426 1794 2482 comparasse.
1825 2409 1982 2479 Quod
2019 2411 2134 2482 qui-

543 2499 667 2556 «lem
693 2499 840 2555 hunc
878 2500 935 2555 in
968 2500 1188 2556 modum
1219 2501 1474 2573 explicat.
1505 2503 1664 2570 Cum,
1699 2503 1896 2573 inquit,
1930 2517 1962 2558 e
1993 2501 2134 2558 cmlo

543 2591 804 2662 delapsus
840 2601 987 2648 esset
1033 2593 1090 2648 in
1133 2600 1360 2660 terram,
1403 2609 1606 2665 corpus
1652 2595 1758 2652 sibi
1796 2603 2032 2666 quatuor
2063 2610 2130 2651 ex

543 2684 831 2741 elementis
861 2685 1087 2741 ellinxit.
1125 2685 1328 2742 Verum
1363 2703 1547 2743 nonne
1586 2687 1652 2742 ad
1689 2687 1744 2742 id
1781 2689 1943 2743 etiam
1987 2687 2134 2744 festi-

545 2791 680 2830 nare
714 2777 1082 2842 videtur-iste,
1116 2787 1176 2832 ut
1209 2777 1375 2848 impia
1407 2778 1571 2850 382
1605 2779 1727 2850 ejus
1759 2779 2132 2849 scelerataque

545 2871 815 2925 sententia
862 2869 931 2925 ad
972 2879 1214 2927 veterum
1249 2879 1534 2942 poetarum
1574 2871 1885 2928 Graecorum
1917 2871 2132 2927 somnia

545 2972 609 3013 ac
642 2975 818 3032 nugas
863 2959 1188 3016 ascribenda
1229 2961 1519 3016 videatur?
1548 2961 1752 3018 Eadem
1786 2962 1932 3018 enim
1970 2963 2133 3032 plane

545 3068 671 3106 cum
710 3053 840 3116 illis,
870 3067 934 3108 ac
967 3053 1144 3125 magis
1171 3053 1336 3109 etiam
1370 3053 1603 3110 ridicula
1635 3055 1910 3125 proponit,
1964 3053 2130 3109 Chri-

543 3153 688 3200 stum
720 3144 1046 3216 sibimetipsi
1107 3145 1411 3202 fabricasse
1465 3160 1688 3222 corpus.
1757 3145 1835 3204 Ita
1891 3160 1923 3202 e
1979 3146 2131 3203 sicco

543 3238 753 3293 siccum
797 3238 1092 3309 expressit,
1140 3254 1171 3294 e
1220 3241 1404 3296 calore
1444 3239 1704 3304 calidum,
1735 3239 2019 3296 humidum
2063 3255 2129 3296 ex

542 3327 794 3394 Lumore,
841 3345 873 3384 e
930 3327 1135 3400 frigore
1198 3329 1478 3401 frigidum.
1538 3329 1582 3384 E
1617 3329 1820 3401 quibus
1874 3330 2133 3386 omnibus

544 3419 783 3476 formato
825 3420 930 3478 sibi
973 3435 1224 3490 corpore,
1271 3437 1398 3478 vere
1439 3423 1495 3477 in
1542 3429 1688 3477 terra
1727 3423 1880 3478 visus
1913 3430 2019 3486 est,
2068 3437 2132 3477 ac

544 3511 856 3566 «scelestium
890 3527 1074 3566 rerum
1099 3511 1262 3567 nobis
1294 3512 1578 3568 scientiam
1621 3515 1958 3585 importavit,
1990 3522 2051 3569 ut
2079 3522 2134 3569 et

543 3600 902 3658 Conditorem
959 3617 1406 3674 aspernaremur,
1460 3613 1516 3659 et
1561 3603 1683 3675 ejus
1733 3603 2132 3675 abnegaremus

543 3708 712 3764 opera
737 3737 752 3762 ,
791 3695 866 3749 ita
897 3703 956 3750 ut
985 3695 1146 3754 nobis
1174 3697 1310 3752 illud
1343 3695 1633 3764 indicaret,
1665 3696 1916 3767 quaenam
1945 3697 2003 3753 in
2037 3713 2131 3755 sa-

545 3786 660 3847 cris
686 3785 907 3844 Litteris
946 3789 1033 3843 vel
1075 3804 1136 3844 se
1178 3789 1300 3860 ipso
1345 3789 1696 3859 pronuntiata
1739 3789 1939 3855 forent,
1981 3791 2066 3847 vel
2100 3806 2130 3848 a

542 3880 844 3936 Conditore
866 3882 1100 3951 prolata.
1125 3880 1218 3938 Sic
1239 3881 1408 3949 enim,
1432 3882 1528 3946 ait,
1557 3881 1615 3937 in
1641 3881 1936 3954 Evangelio
1955 3884 2127 3940 dixit:

547 3971 735 4027 Estote
770 3973 920 4044 probi
961 3974 1276 4044 argentarii.
1307 3973 1494 4041 Utere,
1525 3975 1728 4047 inquit,
1756 3976 2037 4041 omnibus,
2063 3993 2129 4036 ex

545 4065 834 4137 Scriptura
867 4066 1062 4136 quavis
1095 4066 1251 4121 utilia
1291 4067 1549 4139 seligens.
1589 4067 1814 4134 Deinde,
1853 4068 2130 4139 Christus,

545 4162 643 4225 ait,
661 4159 1014 4229 semetipsum
1038 4158 1094 4213 in
1117 4173 1350 4230 corpore
1375 4160 1442 4216 ad
1465 4159 1782 4231 patiendum
1800 4161 2131 4233 supplicium

543 4252 765 4317 obtulit,
811 4265 876 4307 ac
927 4267 1116 4308 revera
1161 4253 1219 4308 in
1266 4267 1434 4310 cruce
1482 4253 1711 4310 sufﬁxus
1753 4260 1859 4320 est,
1901 4271 2135 4328 eamque

544 4344 720 4414 ipsam
745 4359 965 4401 carnem
991 4345 1280 4417 discipulis
1311 4347 1570 4404 ostendit.
1602 4346 1798 4405 Postea
1836 4349 2131 4404 humanam

545 4437 695 4492 illam
732 4452 895 4510 quam
932 4447 1243 4510 sumpserat
1275 4449 1526 4496 naturam
1570 4441 1871 4508 resolvens,
1905 4443 2126 4499 unicui-

2157 3195 2204 3258 C

2238 1959 2296 2011 ἐν
2322 1958 2550 2029 ἀληθείᾳ
2578 1958 2756 2030 σάρκα
2803 1959 3085 2028 εἰληφέναι
3114 1999 3128 2022 ,
3169 1960 3268 2012 οὐκ
3314 1959 3425 2012 ἀπὸ
3459 1958 3659 2028 Μαρίας
3697 1956 3770 2027 τῆς

2238 2049 2517 2122 Παρθένου
2538 2091 2552 2116 ,
2584 2051 2722 2106 ἀλλὰ
2757 2051 3018 2123 ἀληθινὴν
3052 2052 3150 2122 μὲν
3196 2052 3491 2123 ἐσχηκέναι
3517 2050 3608 2122 τὴν
3635 2049 3770 2120 σάρκα

2237 2143 2331 2196 καὶ
2363 2143 2521 2215 σῶμα
2550 2183 2564 2208 ,
2611 2143 2736 2197 οὒτε
2769 2143 2876 2197 ἀπὸ
2926 2144 3239 2215 σπέρματος
3288 2143 3484 2215 ἀνδρὸς
3507 2185 3522 2209 ,
3559 2141 3667 2196 οὔτε
3693 2141 3770 2194 ἀπὸ

2235 2235 2496 2304 γυναικὸς
2526 2235 2800 2308 παρθένου
2829 2253 2843 2267 ’
2885 2235 3000 2290 ἀλλ’
3034 2235 3160 2307 ἔσχε
3196 2236 3296 2307 μὲν
3345 2235 3524 2303 σάρκα
3564 2231 3770 2304 ἀληθινὴν

2233 2325 2410 2399 τούτῳ
2442 2325 2522 2398 τῷ
2562 2327 2766 2400 τρόπῳ.
2799 2329 2908 2381 Καί
2942 2343 3109 2398 φησιν
3130 2345 3143 2358 ·
3183 2329 3276 2382 Ἐν
3315 2327 3397 2400 τῷ
3430 2327 3665 2400 ἔρχεσθαι
3693 2324 3772 2378 ἀπὸ

2233 2418 2344 2470 τῶν
2369 2417 2731 2489 ἐπουρανίων,
2765 2414 2928 2490 ἦλθεν
2972 2421 3052 2483 εἰς
3081 2417 3182 2491 τὴν
3215 2418 3320 2488 γῆν
3348 2458 3364 2482 ,
3403 2420 3498 2471 καὶ
3523 2417 3771 2486 συνήγαγεν

2233 2509 2412 2581 ἐαυτῷ
2438 2509 2547 2563 ἀπὸ
2577 2509 2689 2564 τῶν
2717 2511 2998 2582 τεσσάρων
3030 2510 3313 2580 στοιχείων
3362 2509 3539 2580 σῶμα.
3567 2509 3666 2562 K'al
3687 2505 3770 2568 τὰ

2233 2602 2330 2655 καὶ
2356 2596 2510 2666 οὗτος
2537 2603 2638 2657 οὐκ
2671 2603 2952 2672 ἐπείγεται
2983 2605 3064 2667 είς
3089 2603 3152 2656 τὸ
3189 2602 3514 2674 φωραθῆναι
3540 2598 3682 2654 αὑτοῦ
3700 2598 3771 2667 τὴν

2233 2695 2466 2766 ἀνομίαν
2512 2694 2916 2750 ἀκολουθοῦσαν
2951 2698 3073 2760 ταῖς
3113 2695 3222 2749 τῶν
3265 2694 3516 2748 παλαιῶν
3559 2692 3774 2762 Ἑλλήνων

2235 2785 2476 2858 ποιητῶν
2503 2787 2633 2859 περὶ
2665 2788 2764 2858 τῆς
2789 2787 3124 2856 κενοφωνίας
3153 2786 3362 2856 ταύτης
3390 2785 3564 2852 δόξαις
3584 2801 3596 2849 ς
3618 2783 3772 2835 eam

2234 2879 2343 2949 γὰρ
2376 2879 2470 2932 καὶ
2502 2872 2658 2943 οὗτος
2686 2879 2764 2943 ὼς
2800 2881 3034 2957 ἐκεῖνοι,
3069 2879 3162 2933 καὶ
3195 2878 3277 2932 ἔτι
3316 2877 3656 2950 ψυχροτέρως
3676 2874 3772 2944 παρ’

2233 2969 2476 3033 ἐκείνους
2501 2969 2676 3039 λέγων
2701 2970 2795 3024 τὸν
2829 2970 3060 3042 Σωτῆρα
3093 2969 3272 3041 ἐαυτῷ
3317 2967 3706 3039 ὑποστήσασθαι
3732 2965 3773 3016 τὸ

2234 3059 2415 3132 σῶμα.
2455 3061 2589 3115 Ἀπὸ
2633 3060 2744 3134 7&9
2781 3060 2877 3114 τοῦ
2910 3060 3078 3133 ξηροῦ
3116 3062 3178 3114 τὸ
3221 3061 3422 3132 ξηρὸν,
3455 3060 3550 3114 καὶ
3590 3056 3682 3112 ἀπὸ
3706 3053 3773 3108 τοῦ

2231 3150 2440 3223 θερμοῦ
2471 3153 2532 3206 τὸ
2563 3151 2785 3224 θερμὸν,
2825 3153 2919 3206 καὶ
2945 3153 3054 3206 ἀπὸ
3087 3153 3183 3206 τοῦ
3215 3153 3392 3225 ὑγροῦ
3422 3154 3483 3208 τὸ
3515 3151 3682 3224 ὑγρὸν,
3706 3148 3774 3200 καὶ

2233 3244 2342 3297 ἀπὸ
2361 3242 2453 3298 τοῦ
2473 3244 2684 3316 ψυχροῦ
2713 3244 2773 3298 τὸ
2799 3244 3028 3317 ψυχρόν.
3056 3247 3169 3300 Kal
3199 3245 3380 3311 οὕτως
3406 3246 3609 3308 πλάσας
3636 3239 3773 3309 ἐαυτῷ

2235 3330 2431 3403 σῶμα,
2477 3333 2747 3405 ἀληθινῶς
2781 3333 3022 3407 πέφηνεν
3061 3336 3120 3388 ἐν
3162 3336 3395 3408 κόσμῳ,
3452 3337 3545 3390 καὶ
3587 3331 3774 3397 ἐδίδαξεν

2233 3427 2384 3498 ἡμᾶς
2414 3426 2514 3496 τὴν
2543 3426 2655 3481 ἅνω
2683 3427 2885 3497 γνῶσιν
2909 3468 2924 3494 ,
2954 3431 3318 3502 καταφρονεῖν
3352 3447 3416 3484 τε
3439 3429 3533 3484 τοῦ
3557 3431 3772 3499 Δημιουρ-

2233 3517 2330 3587 γοῦ
2357 3560 2372 3585 ,
2401 3518 2496 3572 καὶ
2523 3519 2812 3591 ἀρνεῖσθαι
2845 3520 3013 3576 αὑτοῦ
3060 3522 3129 3575 τὰ
3162 3521 3330 3593 ἔργα·
3377 3521 3649 3587 ὑποδείξας
3675 3519 3772 3588 ἡμῖν

2234 3611 2292 3664 ἐν
2321 3609 2454 3681 ποίᾳ.
2490 3610 2684 3683 Γραφῇ
2719 3613 2849 3667 ποῖά
2875 3613 2992 3667 ἐστι
3021 3613 3090 3667 τὰ
3120 3613 3280 3683 φύσει
3317 3615 3382 3682 ἐξ
3412 3612 3574 3670 αὑτοῦ
3603 3608 3773 3683 εἰρημέ-

2233 3716 2302 3754 να
2325 3741 2340 3766 ,
2394 3702 2490 3755 καὶ
2543 3703 2674 3759 ποῖά
2720 3703 2836 3757 ἐστι
2875 3704 2943 3758 τὰ
2973 3705 3081 3758 ἀπὸ
3109 3703 3204 3759 τοῦ
3234 3705 3602 3781 Δημιουργοῦ.
3633 3701 3773 3760 Οὕτως

2233 3791 2378 3864 7&9,
2414 3795 2610 3867 φησιν,
2647 3794 2752 3867 ἔφη
2806 3797 2864 3849 ἐν
2902 3795 2982 3867 τῷ
3021 3797 3376 3868 Εὐαγγελίῳ·
3413 3800 3680 3853 Γίνεσθαι
3711 3791 3774 3846 δό-

2235 3901 2393 3954 κιμοι
2421 3884 2776 3954 τραπεζῖται.
2802 3886 2932 3959 Χρῶ
2957 3887 3096 3960 7&9,
3128 3889 3312 3958 φησὶν,
3344 3891 3457 3944 ἀπὸ
3487 3890 3654 3959 πάσης
3670 3886 3773 3956 Γρα·

2235 3976 2342 4046 φῆς
2391 3977 2669 4044 ἀνα-λέγων
2713 3977 2783 4030 τὰ
2816 3978 3081 4050 χρήσιμα.
3118 3975 3254 4035 Εἶτά
3284 3998 3455 4052 φησιν
3482 3999 3497 4014 ·
3533 3975 3772 4036 Ἔδωκενὸ

2233 4067 2470 4138 Χριστὸς
2519 4067 2714 4122 ἐαυτὸν
2767 4069 2962 4123 παθεῖν
3011 4071 3069 4124 ἐν
3121 4072 3271 4144 αύτῷ
3308 4073 3391 4145 τῷ
3447 4073 3667 4145 σώματι,
3707 4067 3771 4121 καὶ

2234 4158 2557 4231 ἐσταυρώθη
2622 4161 2681 4214 ἐν
2744 4159 2976 4233 ἀληθείᾳ
3003 4203 3019 4229 ,
3084 4164 3180 4217 καὶ
3240 4163 3444 4230 ἔδειξεν
3503 4163 3657 4235 αὐτὴν
3703 4159 3772 4229 τὴν

2236 4251 2417 4323 σάρκα
2457 4254 2570 4315 τοῖς
2607 4250 2802 4306 ἑαυτοῦ
2865 4251 3153 4324 μαθηταῖς.
3196 4255 3307 4309 Kal
3360 4257 3661 4318 ἀναλύσας.
3696 4267 3771 4318 φη·

2237 4342 2359 4408 σιν,
2410 4342 2580 4413 αὐτὴν
2631 4343 2731 4414 τὴν
2777 4343 3188 4416 ἐνανθρὼπησιν
3228 4347 3464 4413 ἑαυτοῦ,
3520 4343 3770 4416 ἀπεμέρισε

2243 4434 2407 4489 πάλιν
2458 4434 2672 4506 ἐκάστῳ
2702 4431 2812 4488 τῶν
2850 4435 3130 4506 στοιχείων
3177 4437 3237 4490 τὸ
3285 4437 3417 4492 ἴδιον
3465 4433 3772 4497 ἀποδοὺςντνδ

545 4543 653 4598 que
684 4529 957 4585 elemento
997 4532 1144 4602 quod
1182 4531 1467 4602 proprium
1504 4540 1624 4594 erat
1656 4533 1938 4602 restituit;
1982 4536 2130 4592 velut

2236 4524 2438 4597 θερμὸν
2470 4525 2550 4597 τῷ
2581 4523 2768 4597 θερμῷ
2793 4567 2808 4592 ,
2839 4526 2900 4580 τὸ
2933 4527 3140 4600 ψυχρὸν
3171 4527 3248 4600 τῷ
3281 4529 3478 4602 ψυχρῷ
3499 4570 3515 4595 ,
3546 4528 3602 4582 τὸ
3650 4522 3771 4595 ξηρὸν

546 4617 727 4674 calido
753 4614 1016 4685 calidu‘m,
1042 4617 1300 4690 frigidum
1332 4619 1548 4690 frigido,
1581 4619 1791 4675 siccum
1819 4620 1996 4690 sicco,
2025 4622 2131 4676 bu-

499 4711 503 4716 '
543 4711 756 4766 midum
778 4709 1025 4766 humido.
1052 4710 1128 4766 Ita
1159 4725 1392 4782 corpore
1421 4711 1516 4767 illo
1543 4711 1690 4783 quod
1719 4726 1889 4768 carne
1919 4721 2135 4770 consta-

545 4802 641 4858 bat
678 4802 945 4868 resoluto,
986 4802 1040 4857 in
1076 4803 1297 4869 coelum,
1324 4803 1470 4860 unde
1495 4813 1738 4878 venerat,
1769 4804 2040 4862 ascendit.

615 4893 702 4950 IlI.
730 4893 775 4951 Ο
805 4895 1100 4952 mendaces
1136 4896 1266 4951 talia
1298 4895 1625 4967 jactantium
1656 4896 1896 4954 fabulas!
1929 4898 2044 4968 qui,
2071 4897 2132 4955 ut

543 5001 709 5042 nemo
739 5001 849 5042 non
877 4986 1148 5058 intelligit,
1189 4986 1482 5045 mimorum
1524 4987 1714 5044 ludum
1757 4995 1922 5060 atque
1960 4988 2129 5044 oﬂici-

544 5093 672 5132 nam
715 5078 927 5148 aperire
959 5078 1142 5148 potius
1175 5091 1340 5149 quam
1387 5079 1512 5136 vita:
1548 5076 1952 5149 consequendae
2005 5092 2133 5148 pro-

545 5169 863 5235 fessionem,
891 5179 986 5224 aut
1013 5170 1386 5243 intelligentiae
1412 5170 1642 5226 formam
1665 5169 1914 5226 obtinere
1939 5169 2132 5226 viden-

544 5270 653 5318 tur.
687 5261 899 5318 Etenim
936 5263 983 5318 si
1023 5263 1248 5320 omnino
1286 5263 1429 5336 quod
1465 5265 1736 5320 asciverat
1783 5262 1888 5318 sibi
1929 5277 2130 5340 corpus

545 5351 816 5418 dissolvit,
847 5368 948 5410 cur
981 5353 1036 5409 id
1069 5355 1228 5411 initio
1256 5355 1575 5411 fabricavit?
1601 5354 1755 5422 Quod
1790 5355 1838 5411 si
1868 5353 1936 5408 ad
1967 5369 2127 5410 usum

547 5437 833 5496 fabricavit
867 5444 1128 5516 aliquem,
1171 5447 1274 5502 hoc
1315 5447 1435 5518 ipso
1465 5462 1568 5503 usu
1601 5439 1922 5518 perfunCtus
1956 5445 2127 5501 relin-

543 5547 714 5601 quere
761 5532 896 5586 illud
944 5537 1206 5594 in'terris
1258 5539 1481 5605 debuit;
1533 5537 1835 5609 praesertim
1886 5551 2011 5592 cum
2061 5551 2127 5592 ex

540 5633 725 5678 vestra
777 5627 1046 5681 sententia
1091 5629 1262 5685 forma
1312 5631 1429 5702 ipsa
1479 5631 1902 5688 resurrectionis
1944 5630 2128 5688 carnis

616 5805 630 5835 ¹
665 5801 836 5857 Forte
865 5801 1068 5864 κακῶς.

2238 4618 2318 4690 τῷ
2345 4617 2494 4690 ξηρῷ
2514 4658 2528 4682 ,
2570 4618 2631 4672 τὸ
2675 4619 2843 4690 ὑγρὸν
2873 4618 2953 4701 ’ἱῷ
2983 4619 3133 4693 ὑγρῷ
3159 4638 3173 4652 ·
3215 4623 3312 4676 καὶ
3344 4622 3519 4686 οὕτως
3562 4618 3771 4676 διαλύσας

2240 4711 2334 4763 ἀπ’
2365 4708 2529 4764 αὐτοῦ
2563 4708 2809 4789 πάλιντὸ
2838 4709 3106 4783 ἐνσαρκον
3146 4712 3306 4784 σῶμα
3328 4753 3343 4776 ,
3383 4715 3585 4784 ἀνέπτη
3616 4712 3682 4774 εἰς
3706 4706 3771 4760 τὸν

2237 4800 2465 4871 οὐρανὸν
2486 4843 2500 4866 ,
2529 4799 2652 4854 ὅθεν
2677 4799 2771 4854 καὶ
2799 4795 2923 4872 ἧκε.

2311 4893 2381 4948 Γν.
2423 4893 2532 4946 Kal
2557 4891 2602 4947 ὣ
2634 4893 2834 4963 πολλῆς
2873 4894 3319 4968 δραματουργὶας
3352 4895 3460 4950 τῶν
3504 4893 3568 4948 τὰ
3593 4888 3770 4946 τοιαῦτα

2237 4984 2540 5053 λεγόντωνί
2582 4983 2657 5047 ὡς
2694 4983 2858 5038 παντί
2892 5002 2970 5056 τῳ
3022 4986 3190 5055 σαφὲς
3221 4987 3328 5057 εἴη,
3384 4986 3566 5058 μίμων
3613 4979 3770 5054 μᾶλλον

2237 5076 2603 5148 ἐργαστήριον
2638 5078 2783 5150 ἤπερ
2817 5078 3152 5147 ἐπαγγελίας
3180 5079 3325 5151 ζωῆς
3351 5079 3384 5151 ἦ
3430 5078 3675 5139 συνέσεως
3698 5088 3768 5143 χα-

2240 5173 2490 5244 ρακτῆρα
2521 5174 2897 5245 κεκτημένων.
2955 5175 3017 5228 Ei
3068 5174 3179 5245 7&9
3213 5175 3347 5239 ὅλως
3379 5175 3530 5228 ἔλυεν
3573 5169 3687 5226 αὐτὸ
3724 5165 3769 5217 τὸ

2241 5264 2429 5336 σῶμα,
2462 5266 2600 5338 ὅπερ
2629 5266 2841 5336 εἴληφε,
2879 5266 2987 5320 τίνι
3033 5267 3111 5338 τῷ
3152 5267 3296 5340 λόγῳ
3339 5269 3434 5322 ἀπ’
3465 5266 3628 5338 ἀρχῆς
3667 5257 3768 5315 αὐτὸ

2238 5356 2413 5429 ἐαυτῷ
2461 5356 2896 5424 κατεσκεύαζεν;
2942 5358 3002 5412 Εἰ
3052 5358 3110 5410 δὲ
3163 5356 3525 5421 κατεσκεύαζε
3565 5354 3644 5408 διά
3673 5363 3765 5402 τινα

2236 5448 2432 5519 κρῆσιν
2461 5487 2476 5513 ,
2515 5449 2809 5503 ἀπετέλεσε
2847 5449 2906 5504 δὲ
2959 5449 3020 5503 τὸ
3058 5450 3218 5522 ἔργον
3258 5451 3351 5521 τῆς
3382 5442 3764 5522 χρήσεως-ἔδει

2236 5539 2558 5609 καταλεῖψαι
2599 5540 2730 5594 αὐτὸ
2763 5542 2820 5592 έν
2863 5543 2930 5611 τῇ
2974 5543 3043 5611 γῇ
3066 5581 3079 5604 ,
3115 5541 3347 5613 μάλιστα
3385 5539 3503 5593 καθ’
3535 5536 3662 5608 ὑμᾶς
3691 5531 3763 5596 τῆς

2237 5631 2380 5686 κατὰ
2417 5631 2518 5704 τὴν
2553 5633 2850 5686 ἀνάστασιν
2886 5632 2982 5703 τῆς
3025 5633 3225 5704 σαρκὸς
3274 5631 3479 5694 ἐλπίδος
3513 5629 3667 5687 είδους
3707 5621 3759 5690 μὴ
