3958 6434
205 413 297 473 825

861 405 1233 465 ADVERSUS
1271 406 1615 464 HERESES
1654 407 1773 464 ΜΒ.

1897 408 2061 468 ΤΟΜ.
2107 412 2587 472 lll.—-llA!'.RES.
2631 415 2802 471 XLIV.

3356 411 3466 468 8‘26

207 532 378 604 χρείαν
424 526 639 598 ἔχοντος
679 525 1056 602 τελειωθῆναι.
1105 523 1268 580 Ἀλλά
1310 525 1610 596 ἀνέστησεν
1648 525 1773 580 αὐτύ

1882 528 2070 598 perlici
2116 531 2268 585 nullo
2305 540 2466 602 pacto
2506 532 2795 587 desideret.
2839 529 3001 599 Atqui
3042 527 3173 582 illud
3211 529 3468 585 excitavit

208 625 372 689 πάλιν,
407 621 491 674 ἵνα
529 620 611 682 εἰς
639 618 885 689 κάματον
916 617 1111 671 ἑαυτὸν
1139 618 1231 670 τὸν
1269 615 1493 689 μείζονα
1517 616 1768 688 ἐμ6άλοι,

208 717 284 770 ίνα
318 712 474 785 μηδὲν
501 709 762 781 ὠφελήσῃ
813 707 1277 773 κατασκευάζων,
1312 707 1408 761 καὶ
1435 709 1492 760 ἐν
1529 707 1771 778 μνήματι

206 802 610 874 ἀποτιθέμενος,
661 802 758 855 καὶ
799 800 1071 866 διαλύων,
1113 799 1208 856 καὶ
1265 798 1502 870 μερίζων
1555 799 1772 870 ἑκάστῳ

206 895 302 952 τῶν
334 891 626 963 στοιχείων,
655 891 791 962 ὅπερ
823 892 954 961 παρ’
989 887 1154 943 αὐτοῦ
1186 888 1430 960 είληφεν,
1463 889 1540 953 ὠς
1569 889 1773 958 εὐγνώ-

209 1004 312 1058 μων
355 981 756 1055 χρεοφειλέτης.
792 981 902 1034 Καὶ
951 982 1000 1033 εί
1052 980 1191 1043 ὅλως
1240 981 1458 1051 ἑκάστῳ
1497 979 1768 1046 ἀπεδίδου,

208 1079 437 1133 τουτέστι
464 1077 525 1130 τὸ
563 1076 771 1147 ψυχρὸν
808 1073 886 1146 τῷ
918 1073 1142 1144 ψυχρῷ,
1190 1073 1285 1127 καὶ
1330 1072 1392 1126 τὸ
1442 1071 1643 1144 θερμὸν
1695 1073 1772 1144 τῷ

207 1169 405 1243 θερμῷ,
429 1167 660 1240 ⁴Ιιιδύνατο
681 1166 854 1222 ταῦτα
885 1165 960 1238 μὴ
987 1165 1217 1238 ὁρᾶσθαι
1249 1167 1363 1230 τοῖς
1393 1165 1559 1220 αὐτοῦ
1597 1165 1774 1238 μαθη-

204 1266 334 1326 ταίς⁶
369 1261 483 1315 ἀλλ’
511 1260 574 1314 οὐ
625 1257 732 1331 μὴν
763 1259 823 1312 τὸ
878 1257 1036 1329 σῶμα
1074 1257 1136 1310 τὸ
1179 1255 1362 1329 ξηρόν.
1395 1257 1620 1322 Πάντως
1661 1257 1771 1330 γὰρ

203 1354 257 1406 τὸ
281 1353 439 1426 ξηρὸν
463 1351 626 1424 σῶμά
653 1354 792 1416 ἐστι,
833 1349 970 1422 σὰρξ
1002 1349 1101 1404 καὶ
1129 1348 1316 1403 ὀστέα.
1359 1349 1472 1402 Καὶ
1507 1348 1569 1402 τὸ
1605 1349 1771 1421 ὑγρὸν

204 1447 403 1509 πάντως
431 1443 628 1516 ίχῶρές
662 1443 800 1508 ἐστι,
821 1441 916 1496 καὶ
951 1440 1087 1513 σὰρξ
1141 1441 1220 1505 είς
1259 1441 1532 1513 ὑγρότητα
1562 1440 1766 1496 διαλυο-

204 1536 347 1606 μένη.
382 1535 578 1588 Ἀτινα
627 1533 846 1596 πάντως
890 1533 1005 1596 τοῖς
1043 1530 1363 1594 ἀποστόλοις
1416 1531 1772 1604 φανερώτατα

201 1625 607 1696 ἀποτιθέμενος,
659 1625 931 1696 ἐσήμανεν
961 1662 976 1689 ,
1021 1622 1098 1685 ὼς
1149 1621 1243 1675 καὶ
1275 1622 1338 1675 τὸ
1381 1621 1599 1692 πρῶτον
1625 1661 1640 1688 ,
1681 1623 1770 1676 ὅτε

200 1719 445 1772 ἐθάπτετο
484 1718 548 1772 τὸ
577 1717 738 1771 αὐτοῦ
773 1716 930 1787 σῶμα
951 1756 965 1780 ,
1012 1714 1334 1785 κατηξιοῦτο
1378 1715 1574 1786 Ἰωσὴφ
1607 1717 1636 1768 6
1664 1715 1772 1770 ἀπὸ

211 1810 556 1883 Ἁριμαθαίας
581 1807 846 1873 ἐντυλίξαι
867 1807 1000 1861 αὐτὸ
1025 1809 1082 1860 ἐν
1107 1806 1324 1872 σινδόνι,
1353 1807 1448 1859 καὶ
1472 1807 1771 1861 ἀποθέσθαι

1871 619 2074 682 denuo,
2106 637 2216 692 quo
2243 623 2502 692 majorem
2534 622 2640 678 sibi
2665 621 2906 676 laborem
2936 621 3272 690 imponeret,
3302 619 3467 690 idque

1871 710 1994 766 sine
2042 711 2151 766 ullo
2204 711 2384 767 fructu
2437 720 2777 778 contextum,
2834 719 2996 780 atque
3045 710 3098 762 in
3148 711 3464 780 sepulcrum

1871 801 2180 874 depositum
2221 817 2408 876 postea
2439 811 2743 871 retexeret,
2789 812 2952 876 atque
2973 841 2989 867 ,
3026 809 3086 856 ut
3113 803 3464 873 aequissimus

1871 893 2106 962 debitor,
2149 896 2296 966 quod
2342 896 2410 950 ab
2454 910 2784 966 unoquoque
2822 895 3092 949 elemento
3131 901 3461 963 sumpserat,

1871 985 2078 1041 eisdem
2114 988 2318 1056 optima
2360 985 2462 1042 fide
2495 985 2834 1042 restitueret.
2875 982 2994 1036 Jam
3035 991 3094 1036 ut
3125 998 3225 1037 sua
3263 983 3466 1052 cuique

1871 1077 2194 1142 reddiderit,
2228 1087 2357 1148 puta
2387 1077 2584 1150 frigido
2609 1078 2888 1148 frigidum,
2915 1085 2970 1130 et
2998 1075 3176 1131 calido
3198 1075 3462 1142 calidum,

1872 1168 2051 1240 potuit
2105 1168 2158 1223 id
2203 1169 2373 1225 latere
2413 1171 2634 1240 quidem
2683 1169 3010 1238 discipulos,
3057 1167 3236 1238 ipsum
3280 1174 3468 1222 tamen

1871 1272 2073 1327 corpus
2110 1257 2317 1313 siccum
2352 1258 2578 1316 minime
2613 1258 2809 1329 potuit.
2848 1257 3068 1312 Siccum
3114 1258 3260 1315 enim
3305 1257 3467 1328 plane

1871 1363 2075 1420 corpus
2103 1348 2268 1420 383
2301 1357 2408 1417 est,
2449 1364 2602 1414 caro,
2647 1350 2896 1419 inquam,
2925 1357 2983 1404 et
3017 1364 3166 1404 ossa.
3202 1347 3468 1404 Similiter

1869 1448 1925 1494 et
1954 1437 2241 1493 humidum
2272 1439 2458 1495 sanies
2487 1445 2608 1504 est,
2643 1446 2698 1493 et
2746 1452 2877 1492 caro
2920 1453 3041 1507 quae
3085 1439 3140 1492 in
3181 1436 3466 1492 humorem

1871 1529 2197 1584 cxtabescit.
2239 1527 2374 1594 Quae
2413 1530 2600 1586 omnia
2644 1545 2768 1584 cum
2811 1529 3104 1585 manifeste
3147 1527 3463 1599 deponeret,

1872 1621 2136 1691 apostolis
2181 1622 2299 1676 suis
2339 1622 2569 1678 omnino
2616 1621 3004 1693 signiﬁcasset,
3059 1628 3122 1676 ut
3170 1629 3332 1674 antea
3382 1620 3466 1676 fe-

1871 1721 2044 1775 cerat,
2095 1727 2219 1766 cum
2273 1713 2393 1782 ejus
2436 1729 2640 1782 corpus
2686 1715 2941 1784 sepulcro
2991 1712 3310 1768 mandatum
3357 1720 3465 1768 est.

1873 1801 2012 1858 Tum
2042 1803 2190 1858 enim
2225 1802 2467 1873 Joscpho
2502 1805 2925 1860 Arimatlueensi
2960 1803 3314 1873 permissum,
3350 1803 3468 1858 sin-1

198 1904 249 1956 ἐν
281 1903 540 1974 μνήματι.
574 1903 726 1972 ’Ἅμα
752 1901 811 1955 δὲ
843 1901 937 1954 καὶ
963 1901 1021 1952 αἱ
1042 1903 1299 1968 γυναῖκες
1330 1895 1476 1970 εἶχον
1505 1899 1632 1952 ίδεῖν
1667 1898 1770 1952 ποῦ

1879 1896 2020 1950 done
2056 1905 2114 1950 ut
2143 1895 2280 1950 illud
2314 1896 2648 1961 obvolveret,
2685 1904 2852 1966 atque
2886 1897 2940 1950 in
2977 1903 3336 1950 monumento
3367 1893 3466 1948 dc-

197 1994 511 2064 κατελείφθη
539 1994 610 2048 τά
647 1992 902 2062 λείψανα,
935 1992 1023 2044 ἵνα
1057 1992 1194 2044 αὐτά
1239 1991 1511 2062 τιμήσωσι
1543 1990 1628 2044 διὰ
1671 1992 1771 2062 μύ-

199 2102 294 2156 ρων
318 2086 408 2140 atat
437 2085 772 2158 ἀρωμάτων,
803 2085 878 2148 ὡς
909 2083 970 2136 τὸ
991 2082 1227 2155 πρῶτον.
1277 2082 1416 2134 Ἀλλ’
1439 2081 1679 2154 οὐδαμοῦ
1709 2084 1769 2136 τὸ

193 2173 370 2243 ψεῦδος
399 2175 556 2247 ὑμῶν
579 2173 736 2227 τοῦτο
765 2173 1088 2243 δεδήλωται,
1123 2165 1168 2224 ὧ
1213 2171 1584 2242 Ἀπελληῖανοὶ
1610 2211 1624 2236 ,
1657 2173 1767 2226 ἀπὸ

194 2267 299 2330 ἐνὸς
335 2267 441 2320 τῶν
463 2267 640 2336 ἁγίων
665 2265 996 2319 ἀποστόλων.
1024 2265 1099 2318 Οὐ
1125 2265 1232 2335 γάρ
1262 2266 1428 2317 ἐστιν.
1466 2264 1625 2318 Ἀλλά
1643 2265 1770 2329 τοὺς

199 2359 284 2426 μὲν
306 2359 574 2431 ἀοράτους
603 2358 813 2430 ὁρατῶς
841 2353 980 2410 εἶδον
1005 2356 1097 2410 δύο
1120 2356 1320 2428 ἄνδρας
1336 2396 1349 2419 ,
1378 2357 1471 2410 καὶ
1507 2356 1668 2410 αὐτὸν
1690 2359 1769 2421 είς

191 2448 400 2520 οὐρανὸν
452 2450 820 2521 ἀνερχόμενον
852 2488 866 2512 ,
914 2446 1011 2501 καὶ
1064 2447 1169 2499 ὐπὸ
1221 2446 1450 2517 νεφέλης
1501 2449 1770 2516 φωτεινῆς

193 2540 718 2612 ὑπολαμϐανόμενον,
757 2538 1009 2608 λείψανον
1037 2536 1094 2591 δὲ
1122 2537 1285 2591 αὐτοῦ
1316 2538 1552 2608 οὐδαμοῦ
1601 2555 1767 2592 κατα-

193 2631 552 2705 λελειμμένον.
609 2634 682 2687 Οὐ
731 2633 839 2706 γάρ
877 2633 1087 2706 ἐχρῆν,
1142 2632 1262 2684 οὐδὲ
1313 2633 1604 2702 ἐνεδέχετο.
1658 2633 1770 2685 Καὶ

189 2724 422 2795 ψεύδεται
466 2726 773 2798 Ἀπελλῆς,
813 2727 907 2778 καὶ
939 2727 988 2779 οἱ
1027 2726 1123 2778 ἀπ’
1165 2724 1332 2778 αὐτοῦ
1370 2723 1766 2794 Ἀπελληῖανοί.

1877 1997 2126 2056 poneret.
2169 1987 2442 2044 Praeterea
2485 1991 2748 2045 mulieres
2790 1991 2972 2044 locum
3015 1990 3168 2044 illum
3211 1987 3462 2042 animad-

1883 2088 2100 2135 vertere
2116 2081 2448 2151 potuissent,
2475 2083 2562 2135 cui
2582 2083 2826 2152 reliquiae
2841 2083 3239 2138 commendatae
3263 2082 3463 2148 forent,

1872 2179 1934 2225 ut
1969 2187 2065 2228 eas
2106 2172 2400 2242 unguentis
2443 2181 2498 2226 et
2541 2175 2881 2228 aromatibns
2929 2174 3236 2229 honorifice
3281 2173 3468 2228 condi-

1873 2275 2017 2319 rent.
2083 2264 2191 2320 Sed
2221 2268 2323 2323 hoc
2354 2275 2617 2332 vestrum,
2652 2268 2982 2338 Apelleiani,
3017 2265 3362 2322 mendacium
3398 2280 3466 2320 ne

1877 2372 2021 2411 unus
2061 2358 2282 2427 quidem
2324 2375 2388 2414 ex
2431 2361 2696 2430 apostolis
2737 2357 3212 2414 commemoravit.
3255 2357 3467 2427 Quippe

1871 2466 2158 2521 nunquam
2191 2453 2263 2507 ita
2292 2461 2505 2522 gestum
2539 2454 2670 2507 illud
2706 2461 2809 2508 est.
2839 2450 3043 2506 Verum
3073 2451 3212 2506 duos
3242 2451 3463 2520 quidem

1877 2558 1978 2612 per
2001 2559 2123 2598 sese
2147 2546 2370 2600 minime
2402 2545 2788 2614 aspectabiles,
2823 2554 3046 2599 externa
3079 2550 3260 2597 tamen
3285 2541 3468 2612 specie

1868 2644 2202 2706 apparentes
2236 2637 2386 2692 viros
2416 2639 2601 2692 intuiti
2635 2645 2797 2702 sunt,
2849 2637 3140 2707 ipsumque
3175 2635 3227 2689 in
3265 2635 3465 2690 cmlum

1868 2727 2282 2792 ascendentem,
2331 2744 2394 2783 ac
2438 2729 2621 2784 lucida
2659 2729 2805 2782 nnb'e
2835 2727 3235 2781 circumfusum
3277 2725 3317 2787 ί,
3348 2724 3468 2778 reli-

189 2822 334 2890 quias
381 2838 522 2878 vero
571 2835 847 2892 nusquam
891 2831 1162 2876 terrarum
1213 2819 1438 2875 relictas
1482 2819 1757 2874 viderunt.
1795 2819 1984 2892 Neque
2011 2823 2159 2877 enim
2191 2824 2311 2879 ﬁeri
2345 2825 2494 2882 istud
2525 2825 2840 2896 oportebat,
2891 2831 2989 2877 aut
3046 2837 3176 2878 vero
3229 2828 3463 2892 poterat.

191 2913 353 2978 Quare
390 2923 508 2969 tam
549 2913 764 2984 Apelles
805 2915 956 2983 ipse,
997 2927 1161 2982 quam
1202 2911 1507 2982 Apelleiani
1548 2911 1760 2966 mentiti
1791 2919 1948 2967 sunt.

251 3008 320 3063 A'.
361 3009 443 3064 Τά
473 3011 644 3080 ὃμοια
693 3009 752 3064 δὲ
805 3008 883 3080 τῷ
941 3007 1134 3062 ἑαυτοῦ
1189 3007 1454 3079 ἐπιστάτῃ
1478 3005 1767 3078 Μαρκίωνι

1947 3009 2034 3064 IV.
2065 2991 2276 3066 Caetera
2313 3025 2477 3081 porro
2518 3025 2643 3063 cum
2686 3017 3022 3079 praeceptore
3059 3021 3162 3060 suo
3193 3004 3471 3059 Marciane

189 3101 302 3172 περί
336 3120 395 3156 τε
439 3103 550 3174 τῆς
597 3102 763 3174 ἄλλης
801 3103 1003 3176 σαρκὸς
1041 3103 1136 3155 καὶ
1187 3101 1294 3154 τῶν
1345 3100 1520 3154 ἄλλων
1565 3101 1768 3172 ὁμοίως

1879 3110 2248 3158 consentanea
2300 3101 2608 3172 profitetur,
2652 3116 2774 3170 qua:
2823 3101 2888 3154 ad
2941 3099 3171 3152 aliorum
3222 3112 3466 3160 carnem,

189 3191 504 3262 ἐδογμάτισε
523 3211 535 3224 ·
568 3195 792 3263 φάσκων
819 3195 894 3266 μὴ
924 3191 1062 3247 εἶναι
1093 3194 1388 3247 ἀνάστασιν
1415 3191 1644 3265 νεκρῶν,
1675 3193 1770 3246 καὶ

1879 3208 1939 3246 ac
1972 3193 2183 3263 reliqua
2220 3193 2272 3248 id
2301 3171 2480 3263 genus
2531 3193 2830 3262 pertinent.
2873 3190 3045 3261 Negat
3092 3189 3236 3243 enim
3279 3203 3470 3258 corpo-

189 3281 248 3334 τά
270 3283 418 3349 ἀλλα,
456 3287 676 3357 ὅσαπερ
710 3286 802 3338 ἐπὶ
824 3287 922 3356 τῆς
950 3286 1053 3356 γῆς
1086 3284 1259 3348 ἔδοξεν
1286 3284 1488 3355 ὁμοίως
1517 3281 1772 3353 δογματί-

191 3373 310 3436 ζειν.
351 3377 829 3450 Ἀνατραπήσεται
855 3377 910 3430 δὲ
942 3379 970 3430 ό
995 3376 1159 3430 αὐτοῦ
1197 3376 1454 3445 λογισμὸς
1477 3374 1643 3446 λῆρὸς
1689 3391 1773 3437 τις

189 3467 256 3519 ὢν
291 3473 379 3523 καὶ
407 3471 560 3525 κα.τά
593 3470 770 3524 πάντα
803 3471 1002 3541 τρόπον
1031 3469 1466 3540 πεπλανημένος.
1505 3468 1641 3521 Οὐτε
1665 3466 1774 3536 γὰρ

194 3559 384 3630 ἰσχύσει
436 3562 637 3625 σκότος
670 3561 798 3615 ἔνθα
833 3561 896 3614 τὸ
924 3560 1039 3630 φῶς
1073 3560 1476 3630 παραφαίνεται
1506 3597 1520 3619 ,
1551 3556 1675 3610 οὐτε
1713 3555 1774 3607 τὸ

188 3651 368 3720 ψεῦδος
395 3653 734 3724 σταθήσεται
759 3651 925 3724 οῦσης
947 3653 1046 3722 τῆς
1079 3650 1354 3721 ἀληθείας.
1404 3652 1466 3703 Εἰ
1497 3649 1606 3721 γὰρ
1638 3648 1774 3711 ὅλως

191 3744 443 3816 κέχρησαι
472 3748 600 3809 ταῖς
640 3745 918 3816 Γραφαῖς,
951 3737 996 3797 ὦ
1039 3743 1269 3813 Ἀπελλῆ
1315 3743 1409 3794 καὶ
1449 3742 1500 3794 οἱ
1536 3741 1644 3794 ἀπὸ
1679 3741 1773 3794 σοῦ

200 3832 574 3906 Ἀπελληῐανοὶ
603 3875 617 3900 ,
659 3835 718 3902 ἐξ
771 3835 950 3889 αὐτῶν
1009 3833 1118 3887 τῶν
1150 3832 1382 3904 Γραφῶν
1415 3830 1773 3902 τύρεθήσεσθε

192 3926 534 4000 ἐλεγχόμενοι
565 3945 580 3959 ·
641 3927 856 4000 πρῶτον
919 3927 1018 3998 μὲν
1048 3966 1063 3990 ,
1113 3927 1194 3979 ὅτι
1246 3926 1366 3979 κατ’
1417 3923 1600 3977 εἰκόνα
1638 3921 1774 3976 Θεού

188 4015 431 4088 ἐποίησεν
489 4021 519 4071 6
563 4017 696 4082 Θεὸς
723 4017 815 4070 τὸν
850 4016 1164 4087 ἄνθρωπον·
1213 4018 1242 4068 6
1274 4014 1330 4067 δὲ
1362 4015 1594 4085 ποιήσας
1634 4012 1737 4082 ἔφη
1758 4028 1772 4041 ·

191 4108 541 4180 Ποιήσωμεν
572 4095 886 4178 ἀνθρωπον
933 4107 1060 4160 κατ’
1092 4108 1298 4160 εἰκόνα
1340 4105 1634 4174 ἡμετέραν
1677 4102 1776 4156 καὶ

190 4201 311 4255 καθ’
349 4201 663 4273 ὁμοίωσιν.
713 4200 800 4264 Ὦς
829 4199 881 4252 εί
905 4217 988 4262 τις
1021 4199 1128 4252 ἀπὸ
1157 4199 1254 4270 τῆς
1301 4197 1394 4250 σοῦ
1423 4194 1776 4266 πεπλανημέ-

190 4309 281 4368 νης
306 4296 577 4367 αἱρέσεως
599 4293 946 4365 ἐπιστρέψειε
976 4293 1112 4363 πρὸς
1137 4292 1235 4361 τὴν
1264 4289 1519 4361 ἀλήθειαν
1571 4289 1646 4352 ὡς
1669 4289 1776 4341 ἀπὸ

192 4387 410 4452 σκότους
441 4386 759 4458 ἀποδράσας
797 4385 892 4438 καὶ
923 4385 1032 4438 ἀπὸ
1079 4384 1269 4446 νυκτὸς
1299 4382 1538 4446 ἀναστὰς
1557 4423 1572 4448 ,
1626 4381 1776 4452 εὖροι

1873 3302 1995 3341 rum
2039 3301 2163 3342 esse
2208 3286 2697 3349 resurrectionem,
2754 3292 3060 3352 caeteraque
3099 3280 3166 3334 ad
3209 3279 3465 3334 eumdem

1875 3376 2118 3442 modum,
2155 3393 2280 3448 quo'
2308 3376 2400 3430 ille
2440 3391 2566 3430 cum
2609 3375 2662 3427 in
2703 3374 2842 3427 vivis
2887 3378 3070 3442 ageret
3114 3371 3167 3424 in
3207 3365 3464 3439 opinione

1876 3484 1976 3524 sua
2001 3470 2204 3540 posuit.
2246 3467 2350 3523 Sed
2387 3467 2708 3537 opinionum
2747 3465 2852 3518 illae
2887 3478 3044 3532 nugm
3084 3476 3146 3515 ac
3181 3458 3464 3515 mendacia

1875 3560 2166 3616 manifeste
2202 3560 2623 3629 redarguentur.
2665 3555 2851 3626 Neque
2885 3554 3028 3607 enim
3069 3552 3268 3605 virium
3307 3547 3462 3618 quid-

1875 3669 2042 3724 quam
2077 3653 2279 3708 habent
2315 3652 2577 3714 t'enebraa,
2616 3649 2707 3704 ubi
2745 3646 3008 3718 Splendor
3045 3642 3184 3698 lucis
3237 3641 3464 3703 emicat;

1878 3761 1980 3800 nec
2026 3746 2306 3815 aperiente
2349 3759 2409 3798 se
2454 3742 2684 3798 veritate
2735 3739 2949 3794 falsitas
2993 3733 3268 3790 consistit.
3310 3731 3467 3797 Quod

1878 3837 1925 3893 si
1981 3851 2268 3894 sacrarum
2325 3834 2663 3890 Litterarum
2733 3831 2811 3886 uti
2878 3826 3200 3884 testimonio
3263 3825 3464 3894 placet,

1876 3928 2118 3999 Apelles,
2157 3941 2366 3996 vosque
2401 3924 2732 3995 Apelleiaui,
2777 3922 2883 3976 illa:
2918 3923 3052 3990 ipsa:
3089 3933 3188 3971 sua
3223 3931 3323 3970 vos
3363 3931 3462 3968 au-

1877 4021 2130 4077 ctoritate
2161 4019 2508 4074 convincent.
2551 4016 2794 4070 Primum
2815 4053 2828 4077 ,
2882 4010 3030 4082 quod
3061 4009 3127 4063 ad
3165 4009 3454 4076 imaginem

1879 4112 1972 4166 Dei
2016 4112 2180 4165 homo
2225 4124 2255 4162 a
2299 4107 2409 4162 Deo
2455 4108 2778 4161 factusest.
2823 4105 2899 4156 Ac
2940 4093 3056 4171 qui'
3079 4100 3233 4153 illum
3277 4097 3408 4151 fecit
3448 4115 3461 4150 :

1880 4203 2190 4264 Faciamus,
2232 4201 2430 4270 inquit,
2469 4197 2729 4253 hominem
2770 4195 2838 4248 ad
2881 4193 3164 4262 imaginem
3195 4198 3244 4242 et
3277 4187 3459 4242 simili-

1880 4293 2115 4348 tudinem
2163 4301 2399 4344 uostram
2445 4291 2489 4342 ’.
2535 4286 2810 4352 Quocirca
2847 4285 2896 4339 si
2934 4283 3060 4352 quis
3099 4295 3128 4333 a
3170 4278 3465 4334 falsissima

1881 4393 1974 4440 tua
2023 4384 2214 4439 haeresi
2267 4397 2392 4437 sese
2427 4379 2495 4434 ad
2537 4380 2824 4434 veritatem
2855 4372 3216 4439 converterit,
3249 4380 3303 4424 et
3337 4378 3464 4423 tan-

190 4476 251 4528 ἂν
276 4480 337 4532 τὸ
378 4480 500 4550 φῶς
533 4478 682 4549 αὐτῷ
721 4476 1005 4532 ἀνατεῖλαν
1055 4475 1153 4546 τῆς
1205 4474 1299 4528 τοῦ
1355 4473 1490 4528 Θεοῦ
1523 4471 1773 4543 γνώσεως

1880 4493 2046 4548 quam
2095 4490 2125 4530 e
2179 4481 2340 4528 nocte
2392 4487 2456 4526 ac
2513 4469 2754 4526 tenebris
2803 4465 3114 4528 emerserit,
3167 4463 3222 4517 iu
3268 4462 3465 4516 divinat

193 4566 336 4637 ἡλίου
365 4569 526 4640 δίκην
555 4568 650 4623 καὶ
672 4567 812 4648 ὑπὲρ
844 4566 1014 4637 ἥλιον.

255 4749 564 4819 Φανήσεται
614 4748 724 4820 γὰρ
775 4747 939 4801 παντὶ
981 4746 1062 4818 τῷ
1106 4746 1199 4799 τὸν
1246 4743 1464 4815 εὔλογον
1516 4743 1778 4814 λογισμὸν

193 4839 514 4908 κεκτημένῳ
538 4877 552 4901 ,
589 4839 671 4892 ὅτι
709 4839 738 4891 6
771 4836 940 4890 εἰπὼν
967 4876 982 4901 ,
1037 4835 1390 4905 Ποιήσωμεν
1441 4835 1775 4902 ἄνθρωπον,

191 4929 218 4979 6
247 4927 378 4991 Θεός
409 4932 556 4983 ἐστιν
584 4931 613 4982 6
642 4929 750 4981 τῶν
778 4929 913 4982 ὅλων
941 4929 1151 5000 Πατήρ.
1185 4927 1543 4995 Συγκαλεῖται
1570 4926 1627 4978 δὲ
1659 4925 1778 4996 μεθ’

190 5020 383 5076 ἑαυτοῦ
407 5023 500 5076 τὸν
529 5023 616 5077 ἀεὶ
640 5023 765 5076 ὄντα
809 5024 904 5076 σὺν
937 5022 1084 5093 αὐτῷ
1114 5021 1246 5074 Θεὸν
1275 5020 1444 5088 Λόγον
1469 5019 1597 5072 Υίὸν
1625 5035 1780 5088 μονο-

191 5113 320 5184 γενῆ
347 5154 363 5177 ,
401 5112 464 5178 ἐξ
486 5115 647 5168 αὐτοῦ
686 5115 938 5186 ἀνάρχως
971 5113 1064 5166 καὶ
1090 5113 1333 5184 ἀχρόνως
1360 5110 1777 5180 γεγεννημένονο

192 5204 306 5274 ἅμα
339 5205 398 5258 δὲ
451 5207 545 5259 καὶ
586 5207 649 5260 τὸ
689 5207 842 5276 ἀγιον
894 5204 1058 5258 αὐτοῦ
1113 5202 1375 5273 Πνεῦμα,
1423 5202 1484 5254 τὸ
1533 5203 1634 5256 οὐκ
1681 5201 1778 5255 ἀλ-

190 5293 399 5365 λότριον
433 5297 596 5350 αὐτοῦ
638 5298 755 5350 οὐδὲ
780 5297 874 5350 τοῦ
904 5295 1067 5350 αὐτοῦ
1100 5296 1227 5350 ἰδίου
1264 5295 1416 5350 Υίοῦ.
1447 5297 1507 5348 Εἰ
1547 5295 1656 5367 γὰρ
1683 5295 1778 5348 ἄλο

187 5387 276 5452 λος
302 5383 372 5459 ἦν
405 5389 435 5440 6
468 5389 679 5451 πλάσας
703 5389 794 5441 τὸν
827 5389 1110 5459 ἄνθρωπον
1136 5429 1150 5451 ,
1186 5387 1280 5441 καὶ
1309 5387 1400 5440 τὸν
1431 5387 1634 5456 κόσμον
1668 5389 1784 5440 κτί-

182 5493 308 5541 σας,
341 5478 515 5545 ano;
555 5480 614 5533 δὲ
661 5481 689 5532 6
740 5479 852 5532 ἄνω
881 5477 1084 5546 ἀγαθὸς
1117 5477 1250 5541 Θεὸς
1273 5516 1288 5540 ,
1319 5477 1446 5548 παρ’
1484 5471 1544 5530 οὗ
1583 5477 1783 5548 κατῆλ-

179 5568 268 5620 θεν
297 5572 326 5622 6
376 5570 624 5640 Χριστός
645 5588 658 5602 ο
688 5571 788 5624 οὐκ
837 5570 901 5624 ἂν
930 5573 958 5624 6
1006 5570 1238 5641 Χριστὸς
1270 5568 1574 5640 ἐλάμϐανεν
1607 5569 1784 5639 ἑαυτῷ

1880 4568 2122 4629 scientiae
2161 4567 2343 4620 lumen
2388 4567 2653 4624 incurret,
2703 4559 2850 4632 quod
2883 4558 2933 4614 ei
2986 4557 3120 4612 solis
3168 4555 3344 4609 instar
3383 4555 3466 4608 vel

1875 4665 2038 4722 etiam
2073 4659 2187 4715 sole
2212 4661 2330 4728 ipso
2361 4657 2565 4710 clarius
2597 4653 2898 4708 illuccscet.

1949 4752 2084 4806 Nam
2118 4750 2252 4805 illud
2283 4748 2535 4810 cuilibet,
2569 4748 2662 4816 qui
2696 4747 2931 4802 rationis
2964 4746 3210 4802 nonnihil
3248 4743 3466 4806 habeat,

1879 4844 2111 4900 evidens
2144 4842 2272 4903 erit,
2305 4839 2473 4894 Deum
2506 4855 2630 4894 esse
2657 4847 2936 4908 parentem
2962 4829 3230 4898 omnium,
3265 4835 3356 4904 qui
3394 4834 3468 4886 ita

1880 4934 2099 4989 locutus
2127 4939 2212 4986 est
2245 4949 2258 4984 :
2299 4929 2587 4984 Faciamus
2617 4928 2899 4982 hominem.
2928 4927 3042 4994 Qua
3079 4926 3296 4996 quidem
3334 4939 3468 4978 voce

1879 5031 2144 5078 aeternum
2203 5021 2359 5074 illum
2404 5019 2599 5083 Deum,
2654 5018 2916 5082 Verbum,
2959 5020 3202 5087 inquam,
3267 5013 3463 5068 Filium
3505 5021 3513 5027 ‘

1881 5129 2042 5172 suum
2094 5113 2388 5182 unigenam
2435 5111 2755 5180 complexus
2789 5117 2874 5164 est
2915 5125 2929 5160 :
2969 5123 3130 5178 quem
3171 5121 3239 5162 ex
3286 5105 3467 5173 seipso

1879 5207 2002 5263 sine
2025 5206 2183 5260 initio
2209 5204 2360 5257 omni
2384 5218 2447 5257 ac
2473 5213 2717 5273 tempore
2742 5202 2965 5271 genuit;
2996 5216 3098 5254 nec
3119 5213 3228 5252 non
3253 5205 3307 5252 et
3339 5195 3465 5264 Spi-

1883 5299 2050 5352 ritum
2089 5303 2364 5360 sanctum,
2402 5295 2498 5364 qui
2529 5305 2634 5348 nee
2661 5295 2729 5348 ab
2763 5293 2880 5356 illo,
2915 5305 3017 5346 nec
3047 5290 3115 5344 ab
3153 5288 3319 5360 384
3347 5288 3469 5358 ejus

1889 5387 2027 5442 Filio
2053 5388 2125 5443 sit
2149 5388 2384 5441 alienus.
2421 5383 2478 5440 Si
2513 5385 2658 5440 enim
2695 5385 2836 5438 alius
2872 5383 3009 5437 foret
3032 5381 3273 5436 hominis
3303 5379 3472 5434 fabri-

1890 5488 2068 5544 cator,
2123 5479 2313 5532 mundi
2353 5479 2644 5543 conditor;
2686 5475 2828 5530 alius
2860 5489 3151 5543 supremus
3190 5462 3472 5526 ac'bonus

1893 5569 2057 5634 Deus,
2087 5586 2114 5621 a
2149 5586 2258 5640 quo
2283 5570 2535 5624 Christus
2563 5567 2869 5630 descendit,
2903 5580 3181 5638 nunquam
3216 5563 3472 5618 Christus

178 5660 372 5731 σῶμα,
441 5663 550 5716 καὶ
581 5663 782 5716 ἔπλασε
831 5661 927 5733 τὴν
971 5661 1155 5715 εἰκόνα
1201 5659 1296 5714 τοῦ
1331 5659 1671 5732 Δημιουργοῦ
1708 5661 1773 5724 είς

1895 5662 2001 5716 sibi
2028 5677 2230 5730 corpus
2268 5661 2567 5732 aliingeret,
2600 5670 2694 5714 aut
2726 5657 2956 5729 figuram
2998 5657 3052 5712 in
3093 5670 3152 5712 sc
3187 5653 3467 5710 Creatoris

251 5835 266 5869 '
298 5840 426 5894 Act.
487 5858 524 5911 t,
554 5840 586 5895 9
613 5857 727 5912 sqq.
812 5842 829 5870 ²
871 5838 1004 5895 Gen.
1039 5855 1096 5904 ιι,
1130 5837 1220 5891 26.
