3958 6426
534 396 631 452 8Ξ7

1955 401 2013 458 S.
2058 396 2397 457 EPIPHANII
3663 402 3745 458 8‘28

526 506 884 576 exprimeret.
942 507 1122 575 Quare
1178 511 1530 583 perspicuum
1577 521 1683 578 est,
1737 482 1883 582 hunc
1927 514 2110 584 ipsum

2231 510 2409 566 ἑαυτὸν
2446 509 2773 565 ἀνατυπῶνο
2806 509 2965 565 αάλλά
3014 510 3205 581 δῆλον.
3254 512 3334 565 δτι
3386 512 3537 578 αὑτός
3572 517 3695 569 ἐστιν
3726 520 3749 571 ό

530 595 773 654 hominis
835 600 1136 672 mundique
1197 616 1322 658 esse
1373 604 1758 670 conditorem,
1819 619 1981 674 quem
2040 604 2115 658 ita

532 686 695 743 Pater
723 689 1021 761 alloquitur
1054 712 1068 748 :
1106 692 1396 749 Faciamus
1435 696 1698 751 hominem
1732 696 1801 751 ad
1835 697 2115 767 imaginem

529 789 582 834 et
606 781 1010 838 similitudinem
1041 796 1302 841 nostram.
1347 787 1527 857 Atque
1566 788 1672 842 hoc
1699 803 1766 842 ex
1802 802 1911 842 uno
1952 801 2117 858 Opere

531 871 857 928 manifestus
907 875 1013 929 erit
1068 876 1290 943 artifex,
1343 862 1523 949 neque
1580 880 1722 935 alius
1780 879 2118 948 intelligetur

532 959 724 1025 fuisse,
764 964 858 1033 qui
905 971 1021 1019 tum
1072 966 1349 1024 hominem
1393 971 1790 1041 procreaverit,
1831 978 1884 1025 et
1920 970 2116 1025 Adami

531 1067 731 1123 corpus
756 1062 957 1110 eterra
982 1058 1203 1115 molitus
1232 1059 1415 1126 fuerit,
1445 1063 1809 1132 eumdemque
1853 1062 1907 1116 in
1938 1063 2119 1117 viven-

529 1151 637 1198 tem
704 1147 942 1202 animam
1012 1149 1220 1207 fecerit.
1297 1152 1397 1208 Cui
1480 1155 1703 1224 quidem
1767 1156 1847 1210 rei
1921 1156 2116 1212 beatus

528 1234 772 1293 Joannes
805 1240 861 1294 in
899 1240 1189 1313 Evangelia
1231 1260 1333 1299 suo
1368 1244 1701 1315 suffragatur
1742 1246 1828 1301 his
1871 1247 2056 1301 verbis
2089 1264 2103 1300 :

532 1325 600 1381 In
651 1331 910 1398 principio
959 1343 1075 1386 erat
1142 1333 1391 1399 Verbum,
1441 1345 1490 1390 et
1547 1336 1776 1390 Verbum
1817 1348 1932 1391 erat
1976 1338 2117 1405 apud

531 1416 721 1482 Deum,
752 1429 803 1473 et
838 1420 977 1477 Deus
1014 1433 1129 1477 erat
1174 1423 1419 1481 Verbum.
1463 1424 1579 1479 Hoc
1614 1436 1728 1479 erat
1769 1428 1824 1479 in
1861 1427 2119 1495 principio

534 1507 674 1573 apud
710 1506 902 1565 Deum.
958 1509 1150 1573 Omnia
1195 1529 1287 1581 per
1332 1515 1505 1584 ipsum
1536 1515 1682 1585 facta
1724 1526 1871 1581 sunt,
1910 1526 1959 1570 et
2009 1517 2121 1571 sine

532 1601 648 1667 ipsa
686 1599 889 1668 factum
920 1610 999 1657 est
1035 1604 1171 1658 nihil
1199 1606 1243 1669 ‘,
1275 1614 1385 1660 etc.

605 1690 761 1756 Quod
793 1693 841 1748 si
873 1692 928 1747 in
967 1694 1088 1763 ipso
1127 1693 1273 1749 facta
1321 1702 1470 1762 sunt,
1509 1704 1564 1751 et
1600 1712 1698 1765 per
1728 1697 1908 1766 ipsum
1955 1696 2118 1761 facta,

535 1780 627 1835 ille
653 1788 708 1836 et
734 1780 1005 1838 Adamum
1039 1783 1356 1850 fabricavit,
1390 1796 1445 1842 et
1470 1802 1537 1840 ex
1566 1786 1737 1840 Maria
1773 1788 1991 1858 Virgine
2017 1788 2121 1844 sibi

2220 602 2563 674 Δημιουργὸς
2595 600 2692 654 τοῦ
2728 600 3020 673 ἀνθρώπου
3055 603 3151 656 καὶ
3182 602 3275 657 τοῦ
3309 605 3508 675 κόσμου
3528 646 3541 669 ,
3571 599 3610 673 ᾧ
3632 604 3752 661 εἶπεν

2219 694 2248 745 ό
2278 692 2469 763 Πατήρ
2495 707 2509 722 ο
2545 690 2899 760 Ποιήσωμεν
2937 691 3253 760 ἄνθρωπον
3283 695 3408 746 κατ’
3436 695 3623 747 εἰκόνα
3641 695 3753 766 ἠμε-

2221 782 2402 851 τέραν
2446 781 2544 835 καὶ
2573 782 2703 837 καθ’
2735 782 3045 850 ὁμοίωσιν.
3093 781 3226 835 ’Δπδ
3269 782 3327 836 δὲ
3354 782 3447 836 τοῦ
3479 783 3587 847 ἑνὸς
3623 785 3755 855 ἔργον

2225 873 2553 942 σταθήσεται
2582 872 2815 943 φανερὸς
2846 871 3129 943 γινόμενος
3157 874 3186 926 ὁ
3226 875 3503 945 τεχνίτης,
3538 875 3610 927 ὅτι
3634 870 3757 941 οὗτός

2225 965 2374 1018 ἐστιν
2399 964 2427 1017 ὁ
2454 963 2575 1016 τότε
2600 963 2692 1016 τὸν
2723 963 3010 1035 ἄνθρωπον
3042 964 3385 1035 πεποιηκὼς,
3414 966 3612 1033 πλάσας
3638 987 3689 1022 τε
3709 972 3759 1025 ἐκ

2223 1053 2325 1122 γῆς
2359 1050 2420 1106 τὸ
2445 1051 2537 1105 τοῦ
2577 1051 2751 1122 Ἀδάμ
2779 1052 2961 1122 σῶμα,
2994 1053 3089 1106 καὶ
3113 1053 3344 1124 ποιήσας
3369 1054 3496 1107 αὐτὸ
3520 1057 3594 1117 εἰς
3616 1056 3758 1127 ψυχὴν

2224 1140 2429 1206 ζῶσαν.
2472 1140 2564 1194 Διὸ
2592 1142 2708 1217 καὶ
2757 1141 3139 1213 ἐμαρτύρησεν
3185 1142 3214 1194 ὁ
3255 1140 3409 1210 ἆγιος
3464 1142 3690 1212 Ἰωάννης
3716 1149 3761 1198 ὲν

2224 1233 2302 1303 τῷ
2330 1233 2470 1304 ἀγίῳ
2508 1231 2867 1303 Εὐαγγελίῳ,
2896 1233 3070 1301 λέγων
3095 1273 3110 1297 ,
3161 1233 3243 1286 ὅτι
3300 1233 3398 1285 Ἑν
3447 1232 3596 1302 ἀρχῇ
3634 1230 3701 1303 ἦν
3736 1239 3761 1289 ό

2225 1325 2413 1393 Λόγος
2437 1364 2453 1387 ,
2489 1324 2589 1377 καὶ
2627 1327 2660 1377 ό
2688 1325 2879 1393 Λόγος
2910 1320 2988 1394 ἦν
3012 1324 3162 1393 πρὸς
3186 1324 3296 1378 τὸν
3325 1325 3473 1377 Θεὸν
3494 1366 3507 1385 ,
3536 1325 3627 1377 καὶ
3649 1325 3762 1391 Θεὸς

2223 1411 2304 1485 ἦν
2337 1418 2370 1468 ὁ
2414 1415 2623 1483 Λόγος.
2659 1410 2851 1480 Οὗτος
2884 1410 2961 1484 ἦν
3004 1414 3076 1466 ἐν
3104 1412 3265 1483 ἀρχῇ
3302 1414 3455 1482 πρὸς
3499 1414 3597 1467 τὸν
3627 1416 3760 1467 Geor.

2224 1506 2430 1561 Πάντα
2461 1505 2535 1558 δι’
2573 1505 2759 1559 αὑτοῦ
2788 1506 3026 1574 ἐγένετο
3050 1544 3066 1569 ,
3111 1503 3209 1557 καὶ
3237 1505 3421 1573 χωρὶς
3456 1504 3629 1559 αὑτοῦ
3667 1503 3765 1575 ἐνέ-

2225 1611 2362 1650 νετο
2400 1594 2541 1648 οὐδε
2572 1592 2673 1659 ἐν,
2701 1595 2796 1647 καὶ
2830 1593 2898 1647 τά
2922 1592 3069 1663 ἑξῆς.

2297 1688 2361 1741 Εἰ
2393 1687 2450 1740 δὲ
2487 1688 2545 1740 ὲν
2601 1684 2749 1756 αύτῷ
2804 1686 3021 1755 ἐγένετο
3046 1726 3061 1749 ,
3103 1684 3198 1743 καὶ
3235 1685 3329 1738 ὑπ’
3362 1683 3525 1737 αὐτοῦ
3568 1683 3765 1753 ἐγένετο,

2227 1780 2391 1842 αὐτὸς
2435 1780 2557 1831 τότε
2606 1778 2698 1831 τὸν
2738 1777 2910 1847 ’Δδὰμ
2957 1776 3190 1842 ἔπλασε,
3227 1776 3321 1830 καὶ
3373 1776 3530 1839 αὐτὸς
3556 1775 3695 1829 πάλιν
3718 1773 3767 1828 τὸ

534 1887 739 1943 corpus
772 1875 1002 1938 eilinxit,
1027 1891 1090 1931 ac
1122 1885 1291 1932 totam
1321 1879 1557 1949 denique
1597 1879 1700 1933 sibi
1735 1872 1992 1934 naturam
2029 1880 2125 1935 ho-

2231 1871 2390 1941 σῶμᾱ
2422 1869 2530 1923 ἀπὸ
2559 1867 2777 1940 Μαρίας
2813 1868 2916 1937 τῆς
2940 1866 3217 1939 Παρθένου
3247 1866 3329 1929 εἰς
3360 1864 3549 1919 ἑαυτὸν
3581 1863 3767 1918 ἀνεπλά-

536 1965 703 2019 miuis
734 1965 1007 2033 adjunxit,
1044 1983 1211 2038 quam
1244 1984 1274 2024 a
1312 1984 1372 2024 se
1408 1971 1502 2025 illo
1544 1977 1789 2040 tempore
1820 1970 2122 2038 conditam,

534 2052 755 2109 demum
783 2058 1096 2113 arctissime
1132 2059 1235 2114 sibi
1265 2060 1564 2128 copulavit.
1602 2059 1721 2114 Jam
1753 2076 1884 2115 vero
1919 2062 1966 2117 si
1999 2061 2130 2116 alie-

534 2158 665 2196 num
710 2158 849 2213 Opus
890 2147 1181 2215 usurpavit
1219 2148 1364 2217 ejus,
1424 2149 1519 2219 qui
1569 2157 1789 2205 creatas
1841 2164 1931 2204 res
1985 2149 2128 2204 male

532 2232 801 2301 condidit,
836 2250 901 2289 ac
930 2237 1106 2292 malus
1150 2238 1413 2307 opinione
1450 2246 1541 2291 tua
1577 2236 1711 2305 fuit;
1754 2238 1826 2303 si,
1877 2238 2123 2308 inquam,

533 2322 696 2378 malis
726 2326 992 2394 cperibus
1032 2342 1170 2383 usus
1207 2335 1313 2393 est,
1356 2343 1480 2398 quae
1513 2345 1543 2383 a
1574 2329 1719 2383 malo
1754 2337 1884 2385 sunt
1918 2329 2127 2384 artifice

533 2413 803 2483 profecta,
830 2417 1111 2473 Creatoris
1133 2434 1193 2474 se
1216 2419 1463 2489 nequitia
1492 2420 1857 2490 implicaverit
1884 2428 2124 2491 oportet,

536 2521 639 2560 usu
674 2507 769 2561 illo
796 2522 861 2564 ac
893 2511 1162 2566 beneficio
1198 2531 1209 2565 :
1243 2519 1359 2566 tum
1390 2511 1640 2582 ejusdem
1676 2513 1915 2584 imagine
1943 2527 2131 2583 capes-

533 2597 740 2666 senda;
794 2601 940 2670 quod
983 2604 1101 2658 fieri
1152 2605 1378 2658 omnino
1423 2620 1534 2659 non
1575 2611 1776 2674 potest.
1814 2604 2029 2660 Etenim
2081 2606 2129 2660 si

535 2688 781 2746 hominis
818 2700 1070 2747 naturam
1100 2694 1299 2758 induit,
1342 2710 1455 2751 non
1487 2710 1709 2752 carnem
1741 2696 1925 2759 modo,
1954 2698 2047 2753 sed
2075 2704 2130 2753 et

536 2781 777 2834 animam
812 2784 1074 2854 suscepit.
1115 2784 1304 2857 Neque
1333 2787 1481 2841 enim
1513 2787 1812 2843 obscurum
1851 2787 1987 2843 illud
2022 2799 2126 2845 est.

536 2865 642 2933 Qui
669 2870 817 2923 enim
841 2871 1047 2943 alioqui
1071 2874 1277 2929 diceret
1302 2892 1319 2929 :
1348 2875 1675 2931 Potestatem
1705 2877 1869 2932 habeo
1894 2881 2132 2948 accipere

526 2959 776 3012 ’animam
804 2977 995 3029 meam,
1018 2972 1068 3017 et
1095 2980 1287 3033 ponere
1318 2982 1436 3019 eam
1459 2968 1524 3021 ’ἲ
1553 2966 1923 3033 Quamobrem
1957 2978 2130 3024 totum

540 3052 674 3106 illud
707 3068 848 3122 Opus
882 3070 1193 3123 assumens,
1233 3074 1397 3128 quam
1438 3058 1670 3115 Creator
1707 3062 1997 3133 imaginem
2031 3078 2130 3132 ap-

442 3198 452 3209 ,
542 3144 730 3208 pellat,
767 3154 941 3202 totum
975 3148 1130 3214 illud,
1173 3150 1420 3220 inquam,
1464 3166 1530 3206 ex
1574 3167 1805 3223 corpore
1838 3156 2131 3226 animaque

540 3235 869 3307 conﬂatum,
900 3242 1099 3310 quibus
1129 3219 1290 3297 homo
1320 3244 1571 3313 partibus
1598 3219 1841 3310 constat,
1880 3219 2129 3301 divinum
2157 3219 2199 3275 C

543 3329 650 3384 sibi
682 3328 919 3386 Verbum
953 3333 1223 3404 adjunxit.
1271 3336 1428 3402 Quod
1478 3336 1523 3391 si
1566 3337 1640 3391 ita
1673 3346 1778 3402 est,
1812 3340 2007 3394 veneni
2050 3340 2132 3394 tui

543 3422 839 3480 eliicacitas
865 3427 1044 3481 omnis
1072 3428 1461 3497 exstinguitur,
1494 3440 1558 3482 ac
1583 3429 1984 3484 tumultuosum
2014 3446 2136 3498 perv

547 3514 939 3584 turbatumque
984 3517 1178 3588 dogma
1216 3518 1455 3574 concidit
1495 3537 1509 3574 :
1546 3519 1695 3590 quod
1740 3520 1892 3574 nullo
1941 3520 2136 3574 funda-

551 3613 736 3662 tuento
776 3607 1107 3675 stabilitum,
1151 3610 1303 3664 nulla
1342 3594 1593 3667 veritatis
1631 3610 1889 3667 firmitate
1916 3626 1980 3667 ac
2009 3614 2139 3668 soli-

553 3699 726 3755 ditate
764 3700 983 3755 nititur.

618 3789 685 3845 V.
717 3792 991 3847 Caeterum
1017 3808 1140 3848 cum
1168 3810 1198 3849 e
1219 3795 1392 3851 sacris
1422 3795 1646 3854 Litteris
1676 3799 1940 3869 quidquid
1973 3798 2138 3871 385

546 3882 816 3953 placuerit
859 3884 1050 3954 eligas,
1107 3893 1201 3940 aut
1258 3888 1510 3956 rejicias,
1571 3890 1733 3958 plane
1789 3891 2032 3960 judicent
2089 3898 2142 3945 te

549 3977 727 4046 legum
776 3992 886 4031 non
930 3978 1280 4048 interpretem
1327 3979 1500 4045 facis,
1542 3996 1607 4036 ac
1646 3982 1979 4037 delectorem
2025 3997 2144 4035 om-

548 4065 701 4119 nium
745 4082 868 4136 qua:
900 4083 969 4123 ex
1013 4069 1181 4122 animi
1228 4070 1305 4123 tui
1355 4072 1630 4126 sententia
1672 4071 1897 4126 minime
1938 4072 2143 4140 scripta

550 4164 715 4225 sunt;
745 4173 865 4228 quae
888 4159 990 4214 etsi
1016 4161 1308 4218 verissima
1331 4163 1463 4226 sint,
1492 4164 1631 4219 falso
1651 4179 1683 4217 a
1712 4172 1766 4218 te
1787 4162 2143 4217 nihilominus

548 4258 986 4315 commutantur,
1021 4259 1076 4307 et
1108 4252 1176 4307 ad
1210 4262 1363 4309 tuum
1408 4270 1471 4309 ac
1514 4263 1737 4310 tuorum
1770 4268 2016 4310 errorem
2050 4267 2145 4307 ac-

549 4342 992 4399 commodantur.
1024 4343 1182 4411 Quod
1214 4347 1260 4402 si
1292 4348 1472 4403 malus
1502 4347 1726 4417 quidam
1769 4346 1964 4401 artifex
2008 4344 2146 4399 infe-

552 4431 701 4488 riora
721 4434 860 4500 ᾕρεε,
897 4450 961 4489 ac
995 4437 1258 4491 mundum
1288 4437 1425 4492 adeo
1456 4439 1621 4492 istum
1649 4438 1876 4492 molitus
1906 4445 2010 4501 est,
2047 4451 2147 4491 cur

2228 1979 2387 2016 σατο·
2419 1963 2514 2015 καὶ¹
2541 1960 2762 2023 τελείως
2794 1959 2891 2029 τὴν
2948 1956 3127 2012 πᾶσαν
3181 1957 3352 2013 αὐτοῦ
3405 1956 3766 2030 ὲνανθρὼπησιν

2228 2055 2503 2124 συνήνωσε
2530 2093 2545 2116 ,
2571 2050 2670 2122 τὴν
2701 2052 2793 2105 ὑπ’
2843 2048 3009 2104 αὑτοῦ
3044 2051 3167 2103 τότε
3198 2048 3530 2104 πλασθεῖσαν
3550 2090 3563 2114 ,
3590 2049 3671 2103 καὶ
3694 2046 3765 2102 νῦν

2226 2145 2285 2199 ὲν
2336 2142 2513 2214 ἑαυτῷ
2546 2141 2955 2198 συνενωθεῑσαν.
2996 2142 3058 2195 Εἰ
3091 2140 3150 2194 δὲ
3203 2140 3494 2212 ἀλλοτρίαν
3550 2139 3764 2212 ἐργασίαν

2227 2237 2307 2299 εἰς
2335 2234 2524 2288 ἑαυτὸν
2558 2232 2718 2286 ἔλαϐε
2766 2230 2862 2285 τοῦ
2903 2230 3091 2294 κακῶς
3118 2231 3217 2300 τὴν
3255 2231 3455 2285 πλάσιν
3488 2230 3763 2290 πλάσαντος,

2228 2327 2322 2381 καὶ
2350 2324 2519 2380 κακοῦ
2545 2324 2881 2395 ὑπάρχοντος
2908 2323 3049 2377 κατά
3074 2323 3174 2393 τὴν
3198 2321 3295 2376 σοῦ
3326 2321 3672 2384 διδασκαλίαν,
3695 2321 3765 2372 καὶ

2228 2420 2279 2472 εἰ
2315 2418 2452 2481 ὅλως
2481 2418 2750 2487 κέχρηται
2773 2418 2886 2479 τοῖς
2912 2412 3103 2478 κακοῖς
3134 2416 3441 2486 ποιήμασιν
3465 2454 3479 2482 ,
3507 2410 3585 2477 οἷς
3602 2416 3629 2467 ὁ
3656 2412 3764 2466 κατὰ

2231 2510 2292 2564 σὲ
2320 2508 2489 2571 κακὸς
2518 2508 2747 2578 ποιητὴς
2774 2507 3067 2579 εἰργάσατο
3091 2523 3104 2537 ·
3133 2506 3241 2578 ἀρα
3285 2507 3525 2577 ἐπεμίγη
3552 2508 3611 2575 τῇ
3634 2505 3765 2574 κακίᾳ

2227 2595 2323 2650 τοῦ
2372 2594 2597 2667 ποιητοῦ
2636 2597 2832 2667 χρήσει
2871 2613 2931 2663 τε
2981 2596 3076 2649 καὶ
3124 2596 3455 2667 εὐεργεσίᾳ,
3490 2597 3579 2649 καὶ
3602 2598 3661 2666 τῇ
3686 2595 3765 2665 ἰδίᾳ

2230 2683 2396 2740 αὐτοῦ
2423 2685 2592 2738 εἰκόνι
2617 2701 2628 2712 ’
2660 2685 2776 2739 ἀλλ’
2808 2685 2908 2738 οὐκ
2949 2685 3245 2755 ἐνδέχεται.
3279 2687 3344 2739 Εἰ
3393 2686 3500 2756 γάρ
3541 2682 3765 2754 ὲνηνθρὼ·

2231 2794 2406 2847 πησεν
2429 2815 2445 2841 ,
2478 2776 2539 2830 ού
2585 2777 2742 2846 μόνον
2779 2775 2958 2847 σάρκα
3009 2776 3258 2846 εἰληφεν,
3302 2775 3443 2829 ἀλλά
3481 2773 3763 2843 καὶ¹ῲυχήν.

2231 2869 2397 2940 Δῆλον
2426 2868 2535 2939 γὰρ
2558 2868 2710 2921 ἔσται
2737 2867 2915 2921 τοῦτο.
2959 2867 3113 2921 Ἐπεὶ
3143 2867 3309 2921 πόθεν
3340 2867 3525 2937 ἔλεγεν
3549 2883 3564 2898 ·
3608 2865 3767 2929 Ἑξου·

2231 2961 2376 3015 σίων
2413 2960 2531 3029 ἔχω
2562 2959 2772 3015 λαϐεῖν
2808 2959 2924 3027 τὴν⁴
2952 2957 3164 3029 ψυχήν
3194 2977 3341 3029 μου,
3368 2961 3468 3015 καί
3503 2959 3669 3014 θεῖναι
3689 2959 3768 3009 αὑ-

2231 3052 2376 3119 uir;
2406 3051 2516 3121 Τὴν
2550 3052 2732 3103 πᾶσαν
2758 3050 2939 3103 τοίνυν
2973 3051 3361 3120 πραγματείαν
3401 3049 3767 3119 ἀναλεξάμενος.

2232 3144 2331 3215 τὴν
2378 3143 2632 3215 ῥηθεῖσαν
2688 3143 2794 3196 ὑπὸ
2840 3141 2931 3194 τοῦ
2972 3142 3328 3214 Δημιουργοῦ
3374 3142 3585 3206 εἰκόνα,
3633 3142 3771 3192 πᾶσαν

2234 3236 2616 3309 πραγματείαν
2645 3234 2961 3301 ἀνεδέξατο,
3000 3238 3056 3288 ὲν
3084 3235 3160 3307 τῷ
3191 3220 3405 3306 σώματι
3436 3235 3530 3290 καί
3557 3235 3681 3305 ψυχῇ
3707 3232 3771 3283 ὲλ-

2236 3328 2344 3383 θὼν
2386 3331 2415 3382 ὁ
2459 3329 2663 3398 Λόγος,
2694 3329 2788 3383 καὶ⁹
2822 3331 2881 3382 ὲν
2923 3329 3128 3393 ὁποίοις
3156 3329 3362 3383 ἅπασίν
3394 3331 3539 3382 ἐστιν
3566 3330 3592 3380 ὁ
3613 3326 3774 3394 ἀνθρω-

2236 3438 2357 3485 πος.
2426 3420 2642 3474 Τούτων
2699 3420 2757 3473 δὲ
2824 3419 2999 3483 οὕτως
3059 3419 3430 3476 τελεσθέντων
3456 3460 3472 3486 ,
3532 3418 3773 3484 ὲξάπαντος

2237 3511 2565 3584 ἠμαύρωταί
2604 3528 2695 3563 σου
2731 3510 2791 3563 τὸ
2813 3511 3161 3583 δηλητήριον,
3191 3513 3286 3565 καὶ
3317 3512 3486 3565 ἔπεσέ
3512 3511 3650 3578 σουή
3680 3505 3774 3559 στά-

2239 3624 2323 3669 σις
2356 3608 2390 3676 ἡ
2421 3603 2785 3676 ἀθεμελίωτος
2812 3644 2828 3671 ,
2880 3603 2955 3675 μὴ
3006 3603 3205 3675 ἔχουσα
3246 3604 3415 3675 πῆξιν
3464 3599 3776 3675 copam).an

2238 3698 2503 3771 ἀληθείας

2311 3793 2384 3845 E'.
2423 3793 2485 3844 Et
2511 3791 2568 3845 δὲ
2612 3791 2708 3845 καὶ
2745 3790 2780 3844 ἀ
2812 3790 2992 3860 βούλει
3032 3789 3335 3862 λαμϐάνεις
3382 3789 3494 3844 ἀπὸ
3536 3789 3627 3860 τῆς
3664 3783 3773 3844 θείας

2242 3883 2466 3953 Γραφῆς
2493 3923 2507 3947 .
2566 3883 2661 3936 καὶ
2709 3881 2745 3936 ὃ.
2803 3882 2983 3952 βούλει
3034 3881 3509 3949 καταλιμπάνειςο
3547 3880 3643 3951 ἄρα
3681 3873 3775 3943 γοῦν

2243 3972 2437 4043 κριτὴς
2487 3973 2823 4044 προκαθίσας
2867 3972 2887 4002 ³
2913 4012 2927 4037 ,
2957 3972 3055 4041 οὺχ
3090 3971 3438 4042 ἑρμηνευτὴς
3472 3969 3577 4022 τῶν
3621 3965 3773 4035 νόμων»

2247 4064 2381 4120 ἀλλά
2429 4063 2688 4133 ὲκλογεὺς
2743 4063 2850 4118 τῶν
2888 4062 2949 4116 οὐ
2990 4061 3133 4116 κατά
3169 4062 3260 4115 τὸν
3292 4062 3421 4115 νοῦν
3471 4077 3562 4114 σου
3594 4051 3777 4127 γραφέν-

2244 4174 2354 4211 των
2379 4200 2394 4224 ,
2442 4156 2579 4211 ἀλλὰ
2607 4155 2777 4210 ὄντων
2805 4155 2905 4227 μὲν
2942 4153 3214 4225 ἀληθινῶν
3234 4191 3249 4218 ,
3285 4153 3441 4226 παρά
3470 4152 3551 4206 σοὶ
3584 4150 3634 4203 δὲ
3658 4158 3776 4219 μετα·

2246 4248 2583 4321 ποιηθέντων
2608 4246 2840 4318 ψευδῶς,
2877 4248 2974 4301 καὶ
3005 4246 3147 4301 κατά
3170 4245 3258 4300 τὸν
3283 4245 3409 4299 νοῦν
3442 4247 3538 4316 τῆς
3563 4243 3652 4311 σῆς
3675 4235 3778 4292 dmi-

2245 4358 2377 4411 της,
2408 4342 2503 4393 καὶ
2539 4339 2647 4395 τῶν
2680 4338 2785 4393 ὑπὸ
2817 4338 2911 4392 σοῦ
2953 4338 3341 4409 ἠπατημένων.
3392 4337 3455 4390 Εἰ
3492 4335 3547 4388 δὲ
3575 4333 3658 4386 καὶ
3680 4328 3779 4385 ὅλως

2249 4429 2418 4494 κακὸς
2450 4430 2679 4501 ποιητὴς
2725 4431 2795 4483 τὰ
2828 4428 3062 4483 ἐνταῦθα
3114 4428 3442 4499 εἰργάσατο,
3490 4423 3623 4493 φημί
3648 4419 3693 4472 δὲ
3715 4415 3779 4467 τὸν

552 4540 587 4579 a
615 4524 763 4580 bono
799 4524 963 4581 Patre
993 4527 1198 4583 missus
1238 4528 1344 4589 huc
1377 4530 1470 4583 ille
1500 4529 1822 4584 descendit?
1851 4527 1906 4581 Si
1952 4535 2013 4581 ut
2046 4528 2128 4581 hor

2252 4524 2475 4592 κόσμον,
2507 4523 2648 4585 τίνος
2676 4522 2839 4575 ἕνεκα
2873 4517 3036 4593 ἦλθεν
3069 4523 3097 4574 ὁ
3140 4520 3248 4574 ἀπὸ
3280 4514 3488 4587 ἀγαθοῦ
3519 4511 3703 4619 Πατρὺς
3723 4511 3778 4565 εἰς

556 4615 766 4670 minum
814 4632 988 4684 genus
1030 4619 1302 4688 eriperet.
1357 4620 1555 4673 horum
1614 4620 1828 4674 scilicet
1883 4630 2128 4688 tanquau

2248 4613 2397 4667 τόνδε
2424 4615 2515 4665 τὸν
2558 4606 2767 4677 αἰῶνα;
2800 4613 2909 4665 Καὶ
2959 4613 3006 4665 εἰ
3046 4612 3143 4682 μὲν
3177 4610 3264 4663 ἵνα
3298 4607 3448 4679 σώσῃ
3492 4604 3776 4702 ἀνθρὼπῗυςέ

558 4718 785 4761 suorum
842 4724 1030 4763 curam
1077 4711 1357 4779 suscepit:
1399 4725 1500 4765 nec
1548 4711 1690 4765 al;us
1734 4710 1849 4779 jam
1897 4711 2128 4765 conditu]

2248 4703 2358 4775 ἄρα
2387 4702 2493 4757 τῶν
2527 4704 2671 4757 ἰδίων
2709 4702 3106 4774 ὲπεμελήσατο,
3143 4700 3237 4753 καὶ
3277 4698 3462 4751 οὐκέτι
3502 4683 3780 4793 ωξςοξῖηδ

556 4811 679 4852 esse
702 4798 981 4867 putandus
1013 4810 1118 4854 est.
1157 4799 1253 4853 Sin
1296 4802 1507 4855 alienos
1553 4801 1788 4864 curavit,
1821 4816 1995 4870 eaque
2027 4816 2128 4870 qua

2247 4795 2609 4865 δημιουργός·
2644 4797 2691 4847 εἰ
2734 4794 2790 4847 δὲ
2819 4795 2880 4847 ού
2930 4793 3039 4846 τῶν
3072 4792 3217 4845 ἰδίων
3254 4788 3531 4861 προενόει,
3584 4780 3780 4854 βούλεται

557 4879 695 4941 nihil
723 4888 789 4942 ad
815 4904 876 4945 se
900 4890 1273 4961 pertinebant,
1299 4907 1568 4962 usurpare
1604 4906 1669 4945 ac
1696 4908 1918 4947 servare
1942 4893 2110 4945 voluit

2248 4885 2305 4937 δὲ
2338 4886 2396 4937 ὲν
2432 4887 2544 4947 τοῖς
2591 4883 2892 4955 ἀλλοτρίοις
2925 4881 3277 4954 ἐπεμϐαίνειν
3301 4923 3315 4945 ,
3351 4881 3446 4935 καὶ
3481 4881 3549 4934 τά
3568 4878 3658 4931 οὐκ
3684 4873 3779 4962 ὄντα

556 4986 654 5033 aut
708 4981 1049 5037 aduiatorem
1104 4980 1278 5038 fuisse
1335 4961 1564 5039 necesse
1612 4990 1726 5051 est,
1788 4983 1883 5053 qui
1956 4982 2128 5035 alieni:

2251 4976 2399 5046 αύτῷ
2464 4975 2747 5038 διασώζειν
2780 4991 2793 5006 σ
2857 4974 2890 5046 ἢ
2955 4972 3120 5037 κόλαξ
3192 4972 3322 5024 ἐστι
3370 4974 3481 5035 τοῖς
3537 4961 3778 5061 ἀλλοτρίοῗς

557 5073 879 5140 adhaeserit;
926 5084 1022 5128 aut
1066 5075 1255 5147 gloriae
1300 5075 1585 5147 cupidum,
1631 5076 1725 5146 qui
1766 5083 1823 5131 ut
1856 5074 2128 5129 Couditon

2256 5067 2676 5140 προσλιπαρῶν,
2720 5066 2753 5138 ἢ
2799 5064 3075 5128 κενόδοξος
3101 5103 3116 5127 ,
3146 5064 3234 5116 ἴνα
3279 5062 3536 5135 κρείττων
3563 5056 3645 5110 τοῦ
3680 5056 3779 5105 Κτι-

561 5178 622 5218 sc
648 5166 1085 5234 praestantiorem
1115 5167 1453 5231 ostenderet,
1497 5184 1609 5239 pra:
1647 5169 1840 5223 alienis
1869 5183 1990 5235 qua:
2033 5182 2128 5221 ser'

2258 5176 2384 5212 στου
2412 5162 2589 5230 φανῇ,
2622 5159 2756 5228 πρὸς
2790 5156 2858 5209 τά
2890 5156 3143 5227 ἀλλότρια
3170 5154 3205 5208 δι
3233 5153 3513 5216 διασώζειν
3553 5153 3776 5239 πειρᾶται,

563 5270 690 5309 vare
738 5256 1076 5317 instituerat,
1119 5272 1346 5312 suorum
1402 5259 1630 5313 minime
1675 5258 1947 5314 desiderio
2001 5263 2125 5311 tene

2255 5252 2362 5306 τῶν
2397 5252 2541 5305 ἰδίων
2573 5250 2647 5322 μὴ
2677 5250 2990 5319 ἐφιέμενος*
3026 5248 3118 5301 καὶ
3157 5247 3338 5299 οὐκέτι
3363 5244 3511 5298 ἔσται
3545 5233 3776 5309 ἀιληθινδς⁸

566 5355 715 5400 retur
750 5367 762 5402 :
795 5356 1011 5418 ex‘quo
1040 5365 1203 5407 verus
1238 5366 1302 5405 ac
1333 5352 1584 5407 sincerus
1613 5367 1736 5406 esse
1768 5350 2002 5405 desinet.
2043 5348 2128 5402 Set

2257 5345 2290 5415 ἢ
2324 5345 2405 5397 ὅτι
2443 5344 2661 5416 μέτριός
2691 5345 2807 5395 ἐστι
2838 5340 2979 5394 κατὰ
3009 5340 3086 5403 σὲ,
3120 5332 3164 5391 ὧ
3198 5338 3407 5410 ἀγύρτα
3427 5378 3443 5400 ,
3471 5336 3557 5390 καί
3585 5332 3651 5403 μὴ
3676 5328 3777 5427 Erit.”

566 5450 742 5504 neque
774 5440 1147 5497 moderatione
1178 5444 1351 5497 animi
1383 5445 1676 5514 praeditus,
1709 5443 1801 5513 qui
1836 5456 1961 5519 cum
1994 5455 2117 5497 crea

2260 5438 2438 5491 κτίσιν
2470 5435 2664 5489 ἑαυτοῦ
2688 5475 2701 5499 ,
2743 5434 2812 5486 τὰ
2852 5432 3105 5502 ἀλλότρια
3134 5429 3436 5501 ἐπιθυμῶν,
3462 5428 3619 5480 ταῦτα
3653 5428 3775 5483 ονλψ

570 5535 680 5579 tam
732 5543 847 5582 rem
886 5532 1088 5586 nullam
1129 5528 1413 5605 propriaui
1455 5535 1669 5600 habeat,
1717 5516 1897 5589 aliena
1942 5546 2128 5585 concu‘

2262 5531 2541 5600 πειρᾶται,
2567 5527 2675 5580 ἀπὸ
2710 5526 2819 5578 τῶν
2845 5522 3138 5594 ἀλλοτρίων
3176 5520 3350 5591 ἑαυτῷ
3391 5516 3773 5605 περιποιούμειιος

571 5616 755 5683 piscit,
789 5621 845 5668 et
871 5615 1219 5679 intervenere
1252 5625 1469 5685 studet,
1506 5625 1609 5678 hoc
1638 5632 1723 5681 est
1751 5623 1964 5678 animas
1985 5661 1999 5685 ,
2032 5636 2128 5690 qua

2260 5618 2438 5689 ψυχὰς
2469 5621 2566 5683 τὰς
2600 5619 2700 5670 οὐκ
2736 5615 2900 5680 οῦσας
2942 5614 3105 5670 αὐτοῦ
3142 5614 3236 5668 καὶ
3265 5611 3357 5667 τοῦ
3396 5607 3550 5665 αὑτοῦ
3590 5596 3770 5670 Πατρόῶ

663 5767 681 5799 ¹
710 5766 878 5823 ,10311-
912 5779 948 5827 ι,
988 5769 1035 5832 ί,
1071 5775 1122 5830 ‘2.
1202 5780 1221 5808 ¹
1246 5778 1405 5834 Jonu.
1455 5797 1503 5842 χ,
1541 5782 1619 5835 l8.
1703 5784 1721 5813 ³
1754 5781 1911 5835 Forte
1950 5778 2341 5850 προύκὰθισας.
