3958 6420
225 422 333 481 829

909 419 1278 481 ADVERSUS
1322 423 1665 483 ΙΙᾸΞΒΕΞΕΞ
1698 424 1826 481 LIB.

1952 425 2117 482 TOM.
2161 424 2341 481 lll.—
2371 423 2647 480 ΗᾹΞΒΕΞ.
2688 421 2876 479 XLIV.

3427 418 3536 476 830

226 545 291 597 Εἰ
320 541 378 597 δὲ
431 539 598 596 αὐτοῦ
648 541 745 613 μέν
776 541 913 596 εἰσιν
945 544 999 596 αἱ
1027 542 1196 615 ψυχαὶ
1221 584 1235 607 ,
1265 544 1360 598 καὶ
1392 544 1596 599 ἀνωθεν
1643 544 1828 599 ἐλθοῦ-

1946 534 2071 600 nihil
2110 545 2177 601 ad
2219 559 2279 601 se
2320 544 2405 600 vel
2450 542 2740 600 Parentem
2787 555 2951 597 suum
2997 538 3296 610 pertinent,
3341 546 3534 591 contra

229 651 321 688 σαι
358 633 639 703 φαίνονται
666 673 680 697 ,
713 632 821 704 ἄρα
851 633 932 697 εἰς
962 633 1167 701 ἀγαθὸν
1206 635 1409 704 κόσμον
1440 633 1831 704 ἀπεστάλησαν

1946 637 2024 701 ius
2071 635 2267 706 fasque
2316 634 2621 690 vindicare.
2666 632 2827 700 Quod
2875 631 2920 687 si
2968 631 3205 702 propriae
3245 636 3374 684 sunt
3413 628 3536 697 ejus

228 725 386 797 παρὰ
411 723 508 777 τοῦ
543 722 750 779 ἄνωθεν
780 723 924 778 κατὰ
963 723 1024 776 σὲ
1055 723 1262 792 ἀγαθοῦ
1294 723 1455 789 Θεοῦ,
1485 726 1581 778 καὶ
1610 726 1711 779 οὐκ
1754 726 1835 789 εἰς

228 816 473 889 πονηρὸν
522 815 705 889 ἔργον.
759 817 823 870 Εἰ
874 815 932 869 δὲ
983 816 1373 888 ἀπεστάλησαν
1403 858 1415 881 ,
1446 816 1535 871 διά
1573 834 1697 871 τινα
1736 817 1833 888 μὲν

229 911 464 981 χρῆσιν,
500 909 566 979 ἣν
601 909 742 980 τάχα
793 908 1149 980 μυθοποιεῖς,
1199 907 1539 965 εἰσελθοῦσαι
1586 911 1643 964 δὲ
1701 927 1832 981 μετ-

226 1001 430 1054 έπεσον
461 1002 541 1064 εἰς
575 1000 768 1072 ἑτέραν
789 1017 802 1030 ⁸
833 1000 1112 1053 τουτέστιν
1140 999 1226 1054 ἵνα
1249 1000 1457 1057 δίκαιόν
1480 1019 1531 1055 τι
1559 999 1830 1074 πράξωσι,

229 1091 472 1162 πονηρὸν
510 1091 568 1144 δὲ
601 1091 928 1162 εἰργάσαντο
949 1129 964 1154 ,
997 1089 1294 1161 ὀφθήσεται
1324 1090 1352 1144 ὁ
1391 1091 1709 1154 ἐπιστείλας
1736 1090 1834 1142 αὐ-

226 1186 331 1247 τὰς
360 1184 669 1256 πρόγνωσιν
702 1182 768 1237 ἂν
805 1183 879 1254 μὴ
923 1182 1082 1253 ἔχων.
1130 1183 1349 1255 Ἐπειδὴ
1377 1183 1486 1255 γὰρ
1514 1183 1834 1237 ἀπέστειλεν

229 1275 408 1339 αὐτὰς
434 1274 501 1329 δι’
535 1275 722 1347 ἓτερον
745 1315 759 1339 ,
792 1275 884 1328 καὶ
918 1275 1107 1348 ἕτερόν
1149 1293 1201 1328 τι
1251 1277 1557 1347 εὑρέθησαν
1597 1275 1833 1347 ἐργασά-

232 1384 421 1439 μεναι.
454 1366 523 1419 Ἦ
561 1366 723 1421 πάλιν
774 1366 869 1421 ἐὰν
924 1367 1113 1439 εἴπῃς,
1148 1368 1230 1422 ὅτι
1265 1371 1324 1422 οῦ
1368 1368 1511 1422 κατά
1544 1370 1643 1438 τὴν
1667 1365 1832 1421 αὐτοῦ

230 1459 496 1531 βούλησιν
561 1457 887 1532 ἐληλύθασιν
920 1500 934 1522 ,
1007 1459 1143 1514 ἀλλά
1201 1460 1343 1515 κατὰ
1399 1459 1689 1533 τυραννίδα
1738 1458 1832 1511 τοῦ

228 1552 686 1623 ἀφαρπάζοντος·
712 1551 822 1622 ἄρα
853 1550 1071 1622 ἰσχυρός
1101 1554 1249 1607 ἐστιν
1274 1556 1302 1608 ὁ
1333 1552 1577 1617 κτισθεὶς
1601 1550 1707 1605 ὑπὸ
1737 1549 1833 1604 τοῦ

231 1642 447 1712 ἀγαθοῦ
476 1643 611 1697 Θεοῦ
642 1644 879 1715 πονηρὸς
925 1643 1259 1717 δημιουργὸς
1309 1645 1461 1718 παρά
1501 1644 1592 1699 τὸν
1631 1643 1835 1713 ἀγαθὸν

207 1736 394 1807 βεδν,
426 1738 509 1789 ὅτι
538 1737 607 1790 τὰ
636 1736 801 1805 αῦτοῦ
827 1738 1142 1809 ὑπάρχοντα
1172 1738 1506 1810 ἀφαρπάξας
1539 1738 1830 1809 ἐχρήσατο.

229 1832 411 1885 Πόθεν
461 1831 517 1884 δὲ
571 1831 632 1883 οὐ
669 1831 1026 1905 διελεγχθήσῃ
1051 1873 1064 1895 ,
1107 1829 1273 1886 αὐτοῦ
1319 1828 1415 1882 τοῦ
1447 1828 1700 1899 Σωτῆρος
1732 1829 1835 1898 φά-

1935 728 2153 793 animae,
2181 735 2347 797 atque
2374 743 2404 782 e
2434 728 2576 782 coelo
2606 716 3151 797 delapsas‘videntur,
3184 737 3532 791 consequens

1934 826 2040 885 est,
2070 835 2164 875 eas
2203 834 2234 872 a
2278 834 2537 889 supremo
2565 819 2820 888 bonoque
2849 814 2961 871 Deo
3004 816 3228 879 missas,
3261 822 3317 869 et
3351 813 3405 867 in
3438 813 3539 869 bo-

1935 925 2066 963 num
2107 908 2375 964 mundum
2409 907 2754 963 introductas
2795 905 2988 961 fuisse.
3023 905 3203 974 Atque
3242 912 3299 957 ut
3331 902 3537 959 missas

1935 1002 2059 1056 illas
2092 1000 2159 1054 ad
2192 994 2352 1056 usum
2383 1000 2618 1069 aliquem
2646 997 2874 1062 fateare,
2902 1011 3061 1067 quem
3093 1003 3211 1050 tute
3237 993 3527 1049 conﬁnxe-

1934 1093 2034 1158 ris,
2060 1093 2153 1147 ubi
2195 1100 2378 1147 autem
2420 1092 2687 1163 ingressa:
2734 1098 2865 1146 sunt
2910 1089 3176 1144 aliorsum
3220 1084 3534 1153 deflexisse,

1938 1192 2071 1254 puta
2118 1189 2178 1237 ut
2212 1182 2363 1252 juste
2391 1180 2601 1252 aliquid
2645 1188 2873 1250 agerent
2916 1179 3240 1251 immissas,
3297 1175 3561 1243 sceleris_

1935 1273 2221 1344 quidpiam
2260 1280 2643 1343 perpetrasse;
2675 1271 2767 1341 qui
2814 1286 2909 1325 eas
2951 1268 3208 1339 allegavit
3239 1267 3374 1322 nihil
3420 1282 3542 1321 om-

1941 1366 2075 1420 nino
2107 1363 2429 1435 przcvidisse
2480 1362 2769 1418 videbatur
2790 1403 2805 1426 ,
2839 1377 2964 1417 cum
2997 1360 3227 1414 alterius
3254 1359 3335 1414 rei
3361 1358 3538 1429 gratia

1937 1455 2171 1520 miserit,
2200 1470 2280 1510 eae
2314 1470 2445 1511 vero
2476 1454 2758 1509 contraria
2790 1453 2975 1509 omnia
3024 1450 3404 1523 praestiterint.
3441 1449 3540 1503 Sin

1936 1564 2002 1604 eo
2033 1547 2346 1620 confugias,
2391 1558 2452 1602 ut
2500 1548 2651 1603 illius
2700 1547 2941 1617 injussu,
2987 1561 3052 1600 ac
3096 1544 3334 1615 raptoris
3360 1552 3543 1615 tyran-

1937 1641 2066 1696 nide
2097 1649 2319 1696 coactas
2353 1640 2572 1695 venisse
2607 1640 2952 1710 pronunties,
2990 1637 3152 1709 plane
3187 1644 3408 1691 creatus
3450 1634 3541 1689 ille

1939 1746 1968 1785 a
2022 1731 2168 1787 bono
2220 1730 2334 1786 Deo
2380 1732 2561 1785 malus
2606 1729 2800 1784 artifex
2843 1730 2991 1784 bono
3029 1729 3151 1800 ipso
3188 1726 3301 1782 Deo
3350 1725 3544 1780 fortior

1937 1818 2254 1874 censendus
2293 1826 2397 1877 est.
2447 1818 2540 1888 qui
2578 1833 2701 1889 quae
2743 1819 2811 1873 ad
2852 1817 3005 1872 illum
3046 1819 3389 1887 pertinebant
3430 1817 3546 1871 vio-

234 1941 464 1988 σκοντος
484 1965 497 1990 ,
529 1924 611 1977 ὅτι
652 1896 980 1989 Ἐ’ξουσνίίιν
999 1896 1135 1992 Texta
1163 1921 1279 1991 τὴν
1306 1923 1520 1992 ψυχήν
1560 1896 1681 1991 nov
1716 1896 1833 1976 θεῖ-

1946 1910 2114 1964 lenter
2140 1917 2329 1980 erepta
2360 1912 2427 1965 ad
2452 1925 2587 1965 usus
2626 1925 2759 1966 suos
2784 1911 3090 1976 transtulit.
3124 1908 3324 1965 Verum
3359 1925 3545 1966 nonne

230 2031 360 2078 ναι,
392 2013 494 2068 καὶ
529 2013 739 2067 λαϐεῖν
771 2013 969 2079 αὑτήν
994 2031 1006 2045 ·
1036 2014 1112 2077 ὡς
1135 2013 1301 2066 αὑτοῦ
1338 2013 1437 2083 μὲν
1470 2012 1647 2083 ψυχὴν
1686 2011 1837 2083 εἰλη-

231 2103 437 2173 φὸτος,
476 2104 568 2157 καὶ
613 2101 830 2167 θέντος,
874 2103 969 2157 καὶ
1021 2102 1186 2156 πάλιν
1232 2102 1528 2165 λαϐόντος·
1579 2103 1681 2154 οὐκ
1737 2101 1835 2154 ἀλ-

228 2195 458 2268 λοτρίαν
494 2190 632 2250 εἶναι
673 2195 770 2268 τὴν
798 2195 975 2268 ψυχὴν
1001 2236 1015 2261 ,
1054 2196 1147 2249 καὶ
1180 2195 1372 2266 ἐτέρου
1408 2194 1763 2266 δημιουργοῦ.

308 2485 480 2541 Πάλιν
508 2484 563 2539 δὲ
592 2486 947 2558 εὑρεθήσεται
976 2488 1180 2557 ἀγαθὸν
1215 2488 1375 2560 σῶμα
1408 2490 1609 2561 φορῶν.
1631 2493 1705 2546 Οὐ
1728 2492 1838 2567 γὰρ

231 2580 307 2633 ἂν
356 2577 712 2650 πεισθήσεται
759 2579 963 2648 ἀγαθός
1010 2599 1094 2646 τις
1144 2581 1380 2655 χρῆσθαι
1414 2584 1635 2655 πονηρῴ
1666 2585 1839 2658 ἔργῳρ

230 2670 326 2723 ἵνα
365 2669 439 2742 μὴ
474 2671 581 2724 ἀπὸ
606 2670 700 2724 τοῦ
735 2672 984 2743 μετέχειν
1017 2674 1221 2744 μέρους
1241 2674 1334 2728 τοῦ
1364 2676 1604 2746 πονηροῦ
1629 2679 1722 2730 καὶ
1744 2678 1843 2731 αὐ-

228 2763 329 2826 τὸς
375 2761 741 2834 κρανθήσεται
787 2766 853 2834 τῇ
903 2765 1005 2835 τῆς
1055 2766 1358 2837 ὲπιμίξεως
1398 2769 1654 2840 πονηρίᾳ.
1688 2771 1750 2822 Εἰ
1783 2770 1840 2822 δὲ

230 2855 335 2919 καὶ
386 2854 547 2917 αὐτὸς
594 2855 881 2927 ἀνέστησε,
909 2856 1035 2926 λέγε
1090 2874 1204 2929 μοι,
1236 2860 1290 2911 τί
1338 2860 1423 2916 ἵνα
1472 2864 1675 2936 ποιήσῃ
1703 2864 1843 2934 μετὰ

228 2945 539 2999 ἀνάστασιν
569 2947 664 2999 καὶ
695 2948 825 3001 αὐτὸ
851 2949 1013 3004 πάλιν
1045 2950 1405 3005 καταλέλοιπε
1458 2955 1689 3024 μερίσας
1730 2958 1843 3019 τοῖς

228 3038 502 3108 τέσσαρσι
553 3039 858 3111 στοιχείοις,
893 3040 971 3112 τῷ
1026 3041 1215 3113 θερμῷ
1263 3044 1324 3097 τὸ
1376 3043 1598 3116 θερμὸν,
1633 3046 1842 3118 καὶτῷ

230 3131 436 3203 ψυχρῷ
482 3133 543 3186 τὸ
592 3133 822 3203 ψυχρὸν,
854 3135 947 3188 καὶ
998 3134 1076 3205 τῷ
1130 3134 1280 3207 ξηρῷ
1311 3136 1372 3189 τὸ
1406 3136 1590 3209 ξηρὸν,
1620 3140 1714 3193 καὶ
1765 3140 1842 3212 τῷ

1940 2010 1992 2057 te
2026 2017 2133 2057 vox
2160 2002 2280 2072 ipsa
2307 2000 2615 2057 Salvatoris
2639 2001 2924 2058 evidenter
2951 2003 3204 2071 coarguit
3236 2020 3248 2055 :
3288 2002 3542 2056 Potesta-

1940 2102 2042 2149 tem
2101 2094 2267 2148 habeo
2331 2093 2560 2164 ponendi
2620 2095 2858 2148 animam
2918 2112 3123 2160 meam,
3185 2103 3235 2149 et
3297 2093 3543 2148 sumendi

1939 2185 2132 2242 illam?
2175 2186 2334 2255 quasi
2380 2187 2619 2239 animam
2674 2186 2765 2241 ille
2812 2187 3132 2257 sumpserit,
3168 2201 3233 2240 ac
3270 2185 3540 2254 posuerit,

1940 2276 2235 2346 dcnuoque
2265 2276 2572 2345 receperit;
2605 2282 2664 2328 ut
2698 2290 2810 2330 non
2844 2275 3022 2331 aliena
3051 2290 3174 2332 esse
3205 2275 3414 2340 anima,
3448 2282 3543 2329 aut

1941 2368 2098 2424 alteri
2118 2366 2301 2439 opifici
2328 2367 2625 2423 tribuenda
2648 2366 2920 2423 videatur.

2012 2481 2151 2537 lllud
2172 2484 2334 2538 etiam
2356 2485 2625 2553 sequitur,
2646 2482 2854 2538 bonum
2886 2481 3021 2537 illud
3039 2482 3295 2539 habuisse
3316 2497 3542 2552 corpus.

1943 2575 2133 2645 Neque
2155 2575 2299 2630 enim
2319 2576 2639 2646 persuaderi
2676 2576 2819 2631 bono
2848 2576 3087 2646 cuipiam
3119 2583 3321 2646 potest,
3366 2574 3535 2646 386

1943 2670 2147 2723 malum
2175 2674 2234 2721 ut
2263 2682 2401 2736 opus
2429 2667 2495 2721 ad
2532 2682 2697 2729 usum
2739 2668 3032 2723 adhibeat:
3063 2684 3130 2723 ne
3161 2668 3290 2722 dum
3316 2667 3445 2720 mali
3480 2668 3539 2720 lit

1943 2760 2241 2829 particeps,
2278 2758 2648 2829 improbitatis
2680 2774 2745 2814 ac
2778 2759 3039 2830 nequitis:
3067 2757 3394 2829 contagione
3425 2756 3545 2827 pol-

1945 2852 2150 2904 luatur.
2210 2848 2331 2903 Jam
2384 2864 2554 2914 vero,
2622 2850 2669 2905 si
2732 2850 2965 2920 ipsemet
3029 2866 3232 2921 corpus
3287 2849 3546 2904 excitavit

1948 2958 2132 3006 suum,
2190 2943 2326 2997 cedo
2380 2941 2513 3011 quid
2550 2956 2617 2997 eo
2659 2949 2782 3011 post
2839 2943 3305 2998 resurrectionem
3352 2940 3537 2995 facere

1945 3035 2313 3090 decreverat?
2342 3041 2438 3087 aut
2470 3048 2572 3087 cur
2615 3033 2814 3089 iterum
2851 3034 2983 3088 illud
3020 3033 3268 3103 reliquit.
3294 3040 3459 3103 atque
3486 3033 3544 3086 in

1945 3136 2184 3198 quatuor
2213 3126 2483 3181 elementa
2512 3125 2750 3195 partitus
2782 3133 2887 3191 est,
2931 3125 3066 3181 adeo
3100 3133 3158 3179 ut
3181 3124 3420 3197 calidum
3449 3139 3544 3178 ca—

234 3223 396 3295 ὐγρῷ
423 3224 483 3277 τὸ
513 3226 678 3296 ὑγρόν
698 3242 712 3290 ;
736 3226 799 3279 Εἰ
829 3226 937 3297 γὰρ
968 3226 1190 3299 ἤγειρεν
1217 3228 1367 3293 αὐτὸ,
1398 3229 1482 3283 ἵνα
1516 3231 1677 3284 πάλιν
1709 3232 1836 3285 αὐτὸ

1947 3221 2077 3287 lido,
2110 3219 2308 3290 frigido
2346 3220 2626 3291 frigidum,
2655 3220 2804 3275 sicco
2845 3220 3078 3283 siccum,
3121 3217 3405 3272 humidum
3446 3217 3544 3271 bu-

232 3317 400 3388 λύσῃ,
432 3316 536 3388 ἄρα
558 3318 1003 3390 δραματουργίας
1029 3321 1087 3373 τὸ
1112 3321 1271 3392 ἔργον
1298 3321 1456 3376 τοῦτο
1489 3324 1595 3393 εἴη,
1623 3326 1717 3378 καὶ
1740 3326 1840 3378 οὐκ

231 3409 763 3482 ἀληθείας.ἽΙγειρε
809 3411 867 3463 δὲ
918 3411 1050 3465 αὐτὸ
1097 3415 1125 3465 ὁ
1171 3413 1375 3484 Κύριος
1426 3414 1586 3485 ημῶν
1631 3415 1840 3488 Ἰησοῦς

234 3502 497 3572 Χριστὸς,
531 3502 625 3554 καὶ
657 3503 1081 3574 συμπαρέλαϐεν
1107 3504 1305 3575 ἑαυτῷ,
1331 3506 1467 3576 ὅπερ
1497 3507 1842 3562 ἁνεπλάσατο

234 3597 320 3659 εἰς
356 3595 548 3648 ἑαυτὸν
595 3594 756 3666 σῶμα
806 3599 902 3650 σὺν
948 3597 1094 3667 ψυχῇ
1132 3599 1224 3650 καὶ
1252 3599 1399 3670 πάσῃ
1429 3600 1841 3673 ὲνανθρωπήσει

232 3686 635 3751 τελειωτὰτως.
656 3688 872 3760 Ἐπειδὴ
908 3689 1018 3760 γὰρ
1047 3691 1388 3756 συνεκάθισε,
1415 3695 1557 3748 κατά
1585 3694 1677 3747 τὸν
1706 3697 1842 3749 ἀπο-

240 3780 495 3834 στολικὸν
518 3779 702 3857 λόγον,
730 3781 811 3835 ὃτι
828 3782 880 3834 Ὀ
901 3782 1044 3848 Θεὸς
1070 3781 1289 3852 ἤγειρε,
1309 3785 1409 3838 καὶ
1435 3786 1843 3843 συνεκάθισεν

238 3873 315 3926 ἐν
343 3870 468 3937 τοῖς
498 3871 912 3947 ἐπουρανίοις*
947 3874 1022 3936 ὡς
1055 3873 1427 3944 μαρτυροῦσιν
1472 3877 1521 3929 oi
1568 3876 1661 3930 δύο
1703 3878 1753 3931 οἱ
1782 3880 1840 3933 ὲν

242 3963 439 4035 ἐσθῆτι
487 3964 716 4037 λαμπρᾷ
763 3965 1020 4034 ὀφθέντες
1054 3966 1392 4032 ἀποστόλοις,
1427 3968 1503 4033 ὡς
1551 3969 1837 4039 λέγουσιν·

243 4056 496 4126 Ἄνδρες
534 4057 867 4123 Γαλιλαῖοι,
901 4059 960 4112 τι
997 4059 1295 4129 ἑστήκατε
1340 4059 1706 4129 ἀτενίζοντες
1754 4065 1843 4130 εις

239 4150 357 4204 τὸν
380 4151 675 4217 οίνριινόν;
717 4150 916 4217 Οὕτως
951 4151 1287 4219 ἐλεύσεται,
1321 4152 1393 4207 ὃν
1418 4155 1642 4222 τρόπον
1678 4154 1836 4209 ἐθεά-

239 4244 446 4297 σασθε
468 4240 657 4296 αὑτὸν
679 4242 1272 4314 ἀναλαμϐανόμενον.

318 4527 411 4593 ς’.
453 4526 566 4579 Καὶ
600 4526 686 4579 ἵνα
716 4525 791 4597 μὴ
813 4526 974 4580 πάλιν
996 4525 1125 4598 δοθῇ
1154 4544 1235 4580 σοι
1264 4527 1539 4599 πρόφασις
1574 4528 1843 4599 πονηρίας

239 4615 394 4670 κατὰ
423 4617 522 4689 τῆς
545 4593 825 4690 ἀληθείας,
865 4620 1004 4688 μετά
1049 4593 1240 4692 χρόνον
1280 4593 1449 4673 πολῦν
1474 4620 1576 4691 τῆς
1602 4593 1843 4674 τοῦ-’Σω-
1876 4593 1917 4648 ί)

236 4710 414 4782 sipo;
446 4708 602 4779 ἡμῶν
646 4710 992 4781 ἀναλήψεως,
1027 4712 1301 4780 Στέφανος
1329 4715 1357 4767 ὁ
1382 4712 1535 4782 ἅγιος
1556 4712 1651 4767 τοῦ
1704 4714 1839 4768 Θεοῦ

244 4802 471 4874 μάρτυρ
505 4800 858 4872 λιθαζόμενος
901 4803 1007 4856 ὑπὸ
1050 4803 1160 4857 τῶν
1186 4804 1460 4859 Ἰουδαίων
1483 4806 1838 4877 ἀπεκρίνατο,

239 4894 458 4963 λέγων·
509 4892 654 4947 Ἰδοὺ
696 4892 813 4961 ὁρῶ
856 4893 966 4947 τὸν
1008 4896 1275 4962 οὐρανὸν
1304 4896 1703 4966 ἀνεῳγμένον,
1743 4900 1842 4955 καὶ

241 4986 361 5041 τὸν
414 4986 550 5040 Υίὸν
592 4985 700 5039 τοῦ
748 4984 1065 5061 ἀνθρώπου
1113 4986 1346 5041 ἑστῶτα
1380 4989 1449 5042 ἐκ
1481 4988 1698 5054 δεξιῶν
1737 4992 1845 5046 τοῦ

242 5079 483 5146 Πατρός
498 5095 509 5107 ·
542 5079 628 5132 ἵνα
651 5076 800 5151 δείξῃ
826 5079 958 5131 αὐτὸ
978 5078 1039 5132 τὸ
1066 5077 1226 5150 σῶμα
1248 5082 1305 5133 ἐν
1325 5079 1554 5153 ἀληθείᾳ
1576 5084 1656 5147 εἰς
1680 5100 1845 5138 πνευ-

247 5168 485 5240 ματικὸν
530 5170 754 5241 ἀνιστᾷν
799 5170 897 5222 σὺν
945 5168 1162 5240 θεότητι
1194 5170 1288 5223 τοῦ
1332 5173 1696 5242 Μονογενοῦς,
1724 5175 1843 5228 ὅλον

242 5262 331 5323 εἰς
375 5260 745 5331 πνευματικὸν
773 5260 992 5325 ἑνωθὲν,
1024 5263 1118 5315 καὶ
1147 5263 1228 5326 εἰς
1263 5262 1489 5331 θεότητα
1522 5266 1839 5338 συνηνωμέ-

243 5354 520 5406 νον.”Ανω
543 5353 599 5407 δὲ
624 5353 755 5406 αὐτὸ
783 5352 844 5406 τὸ
878 5350 1031 5421 ἅγιον
1063 5354 1222 5425 σῶμα
1255 5355 1353 5408 σὺν
1379 5359 1445 5428 τῇ
1479 5356 1695 5429 θεότητι
1721 5358 1841 5423 ὅλος

243 5444 405 5508 Θεὸς,
432 5440 512 5509 εἷς
532 5445 657 5510 Υἱὸς
676 5447 704 5498 ὁ
736 5447 887 5515 ἅγιος
917 5446 1011 5500 τοῦ
1042 5447 1200 5508 Θεοῦ,
1217 5447 1582 5520 καθεζόμενοι⁸
1609 5452 1667 5503 ἐν
1693 5451 1842 5524 δεξιᾷ

242 5538 348 5593 τοῦ
386 5537 600 5610 Πατρός
619 5553 631 5566 ·
669 5538 745 5603 ὡς
781 5539 894 5609 ἔχει
924 5540 1019 5593 καὶ
1044 5539 1105 5592 τὸ
1127 5541 1222 5594 τοῦ
1250 5541 1481 5614 Μάρκου
1510 5543 1843 5612 Εὑαγγέλιον

243 5632 350 5687 καὶ
373 5630 480 5685 τῶν
512 5630 686 5686 ἄλλων
721 5633 1122 5702 εὐαγγελιστῶν
1149 5649 1164 5665 ’
1201 5636 1310 5689 Καὶ
1344 5635 1616 5706 ἀνῆλθεν
1638 5642 1728 5705 εἰς
1748 5642 1837 5694 οὐ·

1943 3311 2090 3366 mido
2137 3312 2489 3375 restitueret;
2535 3325 2661 3363 nam
2698 3310 2741 3364 si
2785 3310 2919 3364 illud
2976 3308 3252 3364 excitabat
3291 3306 3435 3372 ideo,
3479 3315 3540 3361 ut

1945 3403 2146 3457 iterum
2173 3402 2522 3466 dissolveret,
2564 3416 2662 3471 per
2695 3400 2884 3455 ludum
2918 3400 3024 3455 hoc
3058 3399 3278 3465 fecisse,
3312 3414 3419 3453 non
3459 3415 3544 3453 se-

1943 3499 2028 3554 rio
2057 3513 2121 3552 ac
2144 3498 2286 3553 bona
2326 3497 2431 3552 ﬁde
2465 3480 2759 3552 videbitur.
2817 3496 3110 3553 Enimvero
3156 3496 3420 3551 Dominus
3456 3494 3544 3553 Je-

1948 3607 2045 3646 sus
2076 3591 2334 3647 Christus
2387 3592 2639 3662 idipsum
2692 3591 2984 3657 excitavit;
3037 3606 3261 3661 corpus,
3296 3591 3565 3661 inquamy

1943 3681 2126 3752 ipsum
2169 3683 2320 3753 quod
2370 3682 2640 3738 formarat
2687 3683 2792 3739 sibi
2824 3698 2934 3738 una
2972 3699 3096 3739 cum
3134 3683 3317 3737 anima
3366 3691 3523 3737 caete-

1944 3780 2132 3846 risque
2178 3776 2381 3846 quibus
2420 3777 2662 3832 hominis
2718 3785 2914 3832 natura
2957 3784 3198 3839 constat,
3236 3775 3526 3847 perfectis-

1944 3869 2083 3924 sime
2110 3884 2303 3925 rursus
2332 3870 2650 3940 a’ssumpsit.
2683 3870 2841 3937 Cum,
2866 3870 3238 3941 utApostolus
3272 3869 3538 3939 loquitur,

1949 3961 2296 4026 consederit,
2323 3963 2796 4032 quandoquidem,
2830 3962 2977 4018 Deus
3006 3963 3156 4016 illum
3182 3964 3444 4016 revocarit
3475 3960 3544 4013 ad

1944 4052 2127 4118 vitam,
2153 4061 2204 4105 et
2235 4052 2290 4105 in
2316 4044 2887 4108 calestibus'consedit
2909 4055 2947 4117 ¹,
2978 4053 3030 4107 id
3065 4052 3211 4122 quod
3252 4054 3413 4107 ambo
3441 4053 3542 4117 illi,

1945 4142 2041 4211 qui
2075 4141 2132 4195 in
2160 4149 2316 4197 veste
2347 4143 2635 4212 Splendida
2661 4145 2931 4213 apostolis
2959 4142 3230 4198 videndos
3265 4159 3387 4198 sese
3412 4160 3545 4212 pra:-

1944 4236 2198 4300 buerant,
2255 4235 2408 4291 hisce
2454 4238 2638 4293 verbis
2689 4237 2877 4293 testati
2927 4246 3058 4294 sunt
3100 4257 3111 4292 :
3159 4237 3272 4291 Viri
3303 4236 3539 4300 Gatilwi,

1946 4326 2075 4397 quid
2111 4329 2270 4382 statis
2306 4329 2622 4398 aspicientes
2655 4331 2707 4384 in
2738 4331 2923 4385 cwlum
2946 4320 3091 4387 fSic
3132 4332 3318 4397 veniet,
3358 4347 3543 4401 quem-

1945 4420 2237 4492 admodum
2266 4420 2474 4476 vidistis
2505 4438 2625 4476 eum
2654 4422 3019 4479 ascendentem
3037 4426 3080 4479 ί.

2018 4532 2109 4589 Vl.
2150 4535 2333 4605 Atque
2368 4543 2429 4589 ut
2473 4537 2655 4591 omnis
2700 4537 2796 4592 tibi
2852 4537 3257 4593 calumnianda:
3291 4537 3544 4595 veritatis

1948 4629 2170 4684 occasio
2196 4631 2650 4699 praecluderetur,
2691 4631 2790 4686 diu
2838 4644 2965 4702 post
3010 4637 3393 4688 ascensionem
3435 4631 3543 4687 Do-

1950 4719 2085 4773 mini
2140 4730 2371 4778 sanctus
2423 4722 2516 4776 ille
2568 4721 2662 4777 Dei
2721 4731 2930 4795 martyr
2974 4723 3312 4795 Stephanus,
3356 4740 3480 4779 cum
3514 4740 3544 4777 a

1890 4886 1903 4893 Α
1949 4809 2158 4866 Judaeis
2205 4812 2486 4883 lapidibus
2526 4814 2878 4878 obrueretur,
2914 4817 2984 4871 ita
3026 4818 3245 4873 locutus
3279 4827 3407 4873 est:
3456 4810 3551 4871 νεὶ-

1949 4904 2047 4959 deo
2081 4905 2270 4957 calum
2297 4918 2563 4973 apertum,
2619 4916 2670 4961 et
2716 4908 2923 4961 Filium
2974 4910 3204 4965 hominis
3249 4920 3479 4965 stantem
3510 4927 3544 4965 a

1954 4995 2159 5050 dextris
2193 4995 2379 5051 Patris
2410 4998 2452 5064 ³,
2497 5006 2556 5051 ιιι
2590 5000 2903 5054 ostenderet
2957 5015 3160 5072 corpus
3195 5002 3376 5072 ipsum
3418 5017 3545 5057 sur-

1950 5088 2181 5155 rcxisse,
2200 5104 2327 5144 vere
2356 5089 2412 5143 in
2435 5090 2682 5160 spiritale
2710 5101 3000 5157 mutatum,
3020 5108 3086 5148 ac
3107 5109 3232 5148 cum
3266 5094 3542 5164 Unigeniti

1950 5181 2242 5237 divinitate
2282 5183 2668 5252 coniunctum.
2724 5184 2882 5250 Quod
2928 5186 3069 5239 idem
3120 5198 3542 5243 sacrosanctum

1951 5274 2006 5328 in
2040 5275 2183 5329 cwlo
2213 5290 2419 5345 corpus
2444 5293 2570 5332 cum
2604 5277 2724 5347 ipsa
2754 5278 3043 5332 divinitate
3080 5285 3230 5333 totus
3264 5277 3407 5333 Deus
3436 5289 3541 5347 est,

1949 5377 2005 5422 et
2035 5384 2182 5424 unus
2224 5377 2567 5440 sanctusque
2612 5370 2705 5425 Dei
2754 5369 2949 5436 Filius,
2981 5368 3049 5423 ad
3082 5368 3261 5426 Patris
3291 5371 3543 5427 dextram

1950 5460 2270 5524 considens,
2299 5463 2763 5531 quemadmodum
2802 5472 2913 5516 tam
2956 5460 3148 5529 Marci,
3184 5480 3350 5534 quam
3381 5476 3545 5523 eane-

1951 5566 2141 5607 rorum
2174 5552 2470 5622 Evangelia
2498 5561 2776 5609 testantur
2807 5572 2820 5610 :
2857 5553 2926 5608 Et
2972 5555 3212 5609 ascendit
3258 5558 3311 5611 in
3356 5559 3540 5621 caelos.

1950 5652 1999 5697 et
2039 5642 2173 5697 sedit
2212 5644 2268 5699 in
2310 5643 2533 5700 dextera
2583 5645 2770 5701 Patris
2796 5646 2839 5701 ⁸.
2903 5647 2981 5702 Ita
3035 5657 3127 5703 tua
3156 5649 3250 5705 illa
3293 5658 3545 5706 tuorum-

331 5881 349 5912 ¹
376 5866 587 5952 Εριιυεξ
613 5896 673 5947 ιι,
706 5881 757 5937 6.
835 5883 853 5913 '
884 5881 1005 5937 Act.
1047 5897 1085 5952 I,
1128 5883 1213 5937 ll.
1294 5882 1314 5914 ³
1346 5882 1468 5937 Act.
1507 5898 1602 5949 vn,
1630 5883 1716 5939 55.
1799 5885 1818 5915 ’⁵

1946 5899 2018 5938 rc.
2060 5900 2170 5951 xw,
2212 5884 2301 5951 29;
2331 5882 2458 5938 Luc.
2516 5902 2660 5953 xxiv,
2704 5887 2795 5945 51.
