3958 6418
502 379 602 442 851

1936 380 1997 437 S.
2044 378 2101 434 ΕΙ

2205 377 2390 436 HANII
3655 377 3738 436 ιιι

504 512 611 567 que
651 494 956 553 falsissima
1007 495 1284 554 sententia
1336 510 1407 552 ex
1459 495 1614 553 omni
1666 503 1825 568 parte
1872 494 2100 552 convel-

2205 492 2446 562 ρανοὺς,
2492 492 2592 548 καὶ
2642 489 2927 546 ἐκάθισεν
2949 491 3021 545 ἐν
3047 490 3215 559 δεξιᾷ
3256 492 3359 547 τοῦ
3394 493 3623 562 Πατρός.
3652 496 3740 549 Καὶ

506 591 656 645 litur.

575 764 734 832 Quod
798 782 927 823 vero
977 773 1325 822 mortuorum
1372 766 1440 821 ad
1481 765 1945 822 resurrectionem
1975 778 2102 835 spe-

504 866 637 924 ctat,
700 860 828 916 audi
878 860 1009 931 quid
1057 859 1358 931 Apostolus
1397 861 1567 917 dicat.
1604 859 1842 931 Oportet,
1891 859 2098 930 inquit,

503 954 852 1024 corruptibile
880 955 978 1010 hoc
1003 954 1225 1011 induere
1260 955 1736 1027 incorruptionem,
1778 962 1829 1009 et
1874 951 2101 1007 mortale

502 1046 599 1100 hoc
628 1045 849 1101 induere
869 1046 1333 1101 immortalitatem
1377 1048 1420 1103 ⁸.
1461 1045 1582 1104 Nisi
1610 1046 1760 1103 enim
1782 1045 1931 1118 quod
1960 1058 2103 1100 mor-

506 1138 615 1194 tale
647 1144 735 1194 est
770 1137 1246 1195 immortalitatem
1280 1138 1535 1196 indueret
1567 1138 1887 1212 aliquando,
1918 1146 1975 1195 et
2008 1138 2095 1195 in-

500 1229 912 1302 corruptionem
946 1229 1110 1302 quod'
1143 1238 1229 1287 est
1269 1229 1652 1302 corruptibile,
1709 1242 1995 1301 nunquam
2030 1227 2099 1286 ad

500 1324 815 1383 obeundam
872 1333 1111 1381 mortem
1201 1324 1532 1382 immortalis
1604 1323 1974 1390 accessisset,
2038 1330 2103 1380 ut

497 1428 738 1489 corpore
770 1431 875 1472 suo
905 1431 1099 1488 pmnas
1153 1416 1511 1488 expenderet,
1541 1431 1609 1472 ac
1649 1414 1948 1473 defunctus
1984 1423 2100 1471 ter-

501 1508 580 1563 tia
614 1508 705 1566 die
734 1507 901 1581 387
934 1516 1269 1581 resurgeret,
1304 1515 1360 1566 et
1386 1524 1514 1565 cum
1535 1508 1833 1565 divinitate
1865 1522 1990 1573 sua,
2032 1521 2100 1564 ac

501 1601 694 1672 gloriae
738 1601 1036 1673 splendore
1072 1602 1280 1674 pariter
1321 1602 1457 1658 illud
1507 1601 1751 1670 efferret,
1802 1608 1863 1657 ut
1905 1616 1971 1658 ex
2003 1600 2099 1657 be-

500 1693 674 1766 nigno
698 1693 795 1749 illo
821 1692 1106 1758 convictu,
1148 1694 1559 1766 przcsentiaque
1588 1707 1713 1760 sua,
1744 1708 1908 1765 quam
1935 1692 2098 1749 nobis

502 1788 769 1845 hactenus
838 1787 1219 1859 impertierat,
1281 1804 1469 1844 veram
1529 1805 1686 1861 spem
1748 1788 2096 1857 solidamque

2203 582 2543 656 πανταχόθεν
2574 582 2914 637 διαπεσεῖταί
2945 600 3041 636 σου
3072 582 3167 637 καὶ
3198 582 3306 638 τῶν
3335 584 3436 638 ὑπὸ
3458 582 3546 638 σοῦ
3570 586 3742 640 πεπλα-

2201 676 2457 748 νημένων
2486 676 2515 728 ὁ
2540 675 2788 748 ἀγύρτης
2819 674 3001 746 λόγος.

2274 774 2386 830 Καὶ
2424 773 2555 847 περὶ
2581 771 2793 846 νεκρῶν
2824 771 3179 837 ἀναστάσεως
3210 772 3376 828 ἄκουε
3405 771 3497 828 τοῦ
3528 772 3746 830 ’Δποστό-

2201 866 2317 939 λου,
2345 864 2621 935 λέγοντος,
2655 865 2739 919 ὅτι
2782 862 2885 918 Δεῖ
2921 862 2988 918 τὸ
3031 861 3301 933 φθαρτὸν
3325 861 3497 918 τοῦτο
3528 863 3746 919 ἐνδύσα-

2203 964 2344 1018 σθαι
2367 958 2736 1029 ἀφθαρσίαν,
2769 959 2868 1014 καὶ
2922 957 2992 1013 τὸ
3044 956 3270 1027 θνητὸν
3317 957 3492 1014 τοῦτο
3532 958 3749 1015 eradca-

2202 1056 2343 1107 σθαι
2369 1051 2735 1107 ἀθανασίαν.
2766 1050 2830 1104 Ei
2863 1049 2940 1121 μὴ
2973 1048 3083 1121 γὰρ
3113 1048 3310 1120 ἔμελλε
3340 1049 3400 1103 τὸ
3426 1049 3607 1121 θνητὸν
3630 1051 3750 1105 ἐνδύ-

2204 1144 2405 1199 σασθαι
2434 1142 2759 1207 ἀθανασίαν,
2784 1141 2880 1197 καὶ
2903 1141 2965 1196 τὸ
2988 1141 3230 1215 φθαρτὸν
3250 1140 3567 1197 ἐνδύσασθαι
3582 1142 3752 1215 ἀφθαρ-

2204 1235 2347 1303 σίαν,
2378 1234 2482 1291 οὐκ
2526 1233 2595 1290 ἂν
2648 1236 2681 1289 δ
2724 1233 2994 1299 ἀθάνατος
3027 1232 3212 1289 θανεῖν
3240 1228 3423 1307 ἦλθεν,
3451 1234 3537 1288 ἶνα
3560 1236 3614 1288 ὲν
3635 1234 3752 1305 αὐτῷ

2200 1328 2376 1402 πάθη,
2402 1328 2500 1384 καὶ
2532 1323 2825 1398 κοιμηθεὶς
2855 1324 2920 1379 τὸ
2947 1325 3251 1398 τριήμερον
3279 1323 3509 1393 ἀναστῇ,
3536 1322 3624 1378 καὶ
3649 1340 3750 1378 σνν-

2201 1420 2474 1494 ανενίγκῃ
2505 1419 2566 1474 ἐν
2595 1416 2747 1490 αὐτῷ
2772 1420 2841 1490 τῇ
2871 1416 3087 1489 θεότητι
3118 1416 3214 1472 καὶ
3239 1418 3308 1489 τῇ
3336 1415 3500 1471 αὐτοῦ
3520 1416 3663 1488 δόξηο
3684 1416 3752 1470 ἴνα

2204 1513 2272 1566 ὲκ
2301 1511 2405 1583 τῆς
2426 1509 2595 1567 αὑτοῦ
2628 1508 2842 1581 ἀγαθῆς
2870 1507 3008 1582 πρὸς
3038 1508 3187 1579 ἡμᾶς
3211 1505 3473 1577 ὲνδημίας
3496 1505 3590 1578 τὴν
3608 1507 3757 1561 πᾶσαν

2205 1603 2398 1659 ἐλπίδα
2449 1602 2820 1675 κατάσχωμεν
2866 1602 2924 1654 ὲν
2956 1599 3210 1673 ἀληθείᾳ,
3240 1599 3557 1664 ὑποδεικνὺς
3597 1596 3755 1654 ἑαυτὸν

2202 1696 2374 1752 τύπον
2424 1698 2580 1770 ἡμίν,
2614 1696 2712 1751 καὶ
2756 1694 3056 1768 ἀρραϐῶνα
3106 1696 3189 1759 εἰς
3233 1693 3428 1748 ἐλπίδα
3473 1693 3570 1766 τῆς
3608 1693 3756 1765 πάσης

2208 1788 2358 1860 ζωῆς
2387 1787 2798 1861 πραγματείας.
3750 1774 3757 1783 ’

500 1883 922 1952 conciperemus
949 1923 966 1948 ,
1024 1899 1150 1939 cum
1208 1898 1334 1940 sese
1379 1885 1541 1940 nobis
1569 1884 1637 1941 ad
1667 1900 1790 1941 eam
1832 1884 1958 1940 vita:
1995 1883 2548 1957 immortalitatisque
2585 1884 2840 1941 fiduciam
2914 1881 3391 1939 corroborandam
3439 1883 3584 1939 velut
3608 1896 3756 1939 exeu-

500 1978 645 2049 plar,
682 1985 738 2033 et
767 1977 1136 2034 arrhabonem
1173 1979 1523 2050 praebuisset.

569 2072 682 2130 VII.
723 2073 849 2131 llaec
874 2089 999 2130 cum
1045 2075 1121 2129 ita
1172 2090 1297 2132 sese
1347 2077 1604 2145 habeant,
1655 2090 1836 2149 eoque
1871 2091 1905 2132 a
1944 2076 2101 2132 nobis

2281 2075 2356 2130 Z'.
2398 2069 2621 2125 Τούτων
2672 2068 2732 2124 δὲ
2779 2067 2954 2131 οὕτως
2999 2066 3235 2137 ἑχόντων
3261 2066 3358 2120 καὶ
3396 2064 3673 2138 ῥηθέντων,
3697 2063 3756 2127 τίς

500 2167 666 2224 modo
716 2166 1004 2239 disputata
1044 2167 1178 2234 sint,
1218 2168 1353 2239 quid
1401 2169 1598 2226 attinet
1624 2169 1682 2226 in
1710 2169 1983 2225 vilissimo
2003 2168 2100 2225 illo

499 2260 798 2329 crabrone,
831 2275 995 2332 quem
1020 2274 1287 2332 zopyrum
1331 2268 1554 2331 vocant,
1603 2260 1971 2335 profligando,
2012 2263 2100 2317 vel

500 2353 662 2410 aliter
685 2352 1016 2425 occupando
1068 2352 1292 2424 ingenio
1352 2353 1564 2411 haerere
1609 2354 1861 2412 diutius?
1922 2353 2098 2410 Suum

498 2445 649 2501 enim
706 2460 806 2516 per
851 2459 977 2501 sese
1033 2445 1287 2499 aculeum
1340 2446 1613 2516 perdidit;
1679 2461 1746 2501 ac
1802 2444 2100 2502 confictum

500 2538 650 2593 velut
685 2553 715 2591 a
748 2538 1087 2596 eireulatore
1123 2539 1347 2611 dogma,
1399 2553 1503 2594 nec
1556 2537 1627 2594 ab
1677 2539 1911 2594 aliorum
1950 2552 2102 2595 som-

504 2630 614 2685 niis
662 2630 921 2688 diversus
955 2646 1117 2687 error
1152 2632 1375 2688 abunde
1412 2632 1829 2687 demonstratus
1855 2638 1963 2687 est.
1994 2628 2101 2686 Fe-

505 2732 636 2776 runt
686 2724 835 2777 enim
893 2724 1354 2780 molestissimum
1401 2724 1535 2779 illud
1570 2724 1858 2780 crabronis
1899 2739 2098 2796 genus,

501 2811 653 2882 quod
693 2828 961 2886 zopyrum
994 2816 1299 2887 appellant,
1331 2817 1527 2872 aculeo
1554 2816 1794 2887 quodam
1828 2824 2101 2872 armatum

499 2920 648 2971 esse,
689 2915 965 2963 venenato
1015 2908 1111 2964 illo
1159 2910 1408 2982 quidem,
1466 2911 1563 2968 sed
1613 2912 1852 2983 exiguo,
1896 2911 2104 2982 quique

503 2995 652 3051 haud
686 2996 921 3051 multum
955 2998 1167 3057 doloris
1199 2999 1459 3068 incutiat,
1488 3008 1544 3057 et
1573 3016 1641 3058 ex
1678 3015 1782 3056 suo
1820 3000 2103 3057 nihilomi-

503 3100 611 3141 nus
644 3100 847 3157 genere
880 3088 954 3144 sit
981 3098 1311 3146 venenatus.
1349 3092 1430 3148 Ac
1460 3091 1509 3148 si
1539 3090 1665 3162 quis
1703 3090 1845 3148 forte
1878 3098 2104 3163 praeter-

502 3179 689 3235 eundo
738 3180 979 3238 latebras
1031 3182 1183 3242 illius
1215 3185 1518 3258 nidumque
1548 3186 1738 3243 diruat
1768 3204 1783 3256 ;
1818 3202 1986 3258 quem
2014 3186 2103 3241 in-

501 3277 589 3328 ter
634 3272 864 3331 frutices
904 3291 969 3331 ac
1011 3276 1301 3335 densiores
1346 3278 1551 3335 herbas
1594 3277 1704 3335 favi
1741 3280 1936 3348 instar,
1974 3288 2101 3336 tan-

501 3380 670 3436 quam
703 3366 757 3421 in
786 3368 1017 3435 alveari,
1046 3370 1349 3436 construit,
1388 3372 1578 3443 ibique
1608 3372 1821 3428 semine
1849 3372 2102 3430 immisso

506 3457 652 3514 fctus
678 3460 925 3515 excludit
959 3481 972 3516 :
1007 3462 1104 3519 sed
1138 3464 1184 3519 si
1220 3464 1350 3535 quis
1378 3464 1562 3520 “viator
1595 3465 1794 3521 baculo
1825 3466 1913 3523 vel
1949 3467 2101 3538 virga

504 3551 681 3618 favos,
716 3553 795 3606 uti
823 3553 1093 3621 diximus,
1124 3554 1480 3625 demolietur,
1530 3556 1727 3615 furens
1777 3559 1930 3616 illico
1972 3576 2103 3631 pro-

506 3644 717 3713 rumpit
756 3659 882 3700 acer
928 3645 1021 3702 ille
1071 3648 1319 3719 quidem,
1364 3648 1463 3705 sed
1518 3651 1831 3709 imbecillus
1877 3653 2099 3710 crabro.

508 3735 648 3790 Tum
687 3737 930 3793 vicinum
963 3739 1189 3812 aliquod
1220 3756 1417 3799 saxum
1450 3744 1731 3817 lignumve
1763 3756 1986 3815 nactus,
2020 3748 2102 3804 ira

504 3838 819 3887 exaestuans
849 3847 917 3888 eo
942 3847 1069 3888 cum
1094 3833 1301 3906 impetu
1338 3834 1536 3901 fertur.
1570 3853 1635 3893 ac
1658 3839 1872 3895 silicem
1896 3840 2101 3908 tundit,

505 3928 603 3976 aut
632 3920 863 3993 lignum.
907 3922 1123 3990 Quibus
1159 3940 1288 3981 cum
1335 3936 1534 3984 noceat
1581 3928 1741 3996 nihil,
1784 3945 1850 3987 ac
1892 3947 1962 3988 ne
2004 3932 2105 3989 bo-

506 4012 641 4069 mini
688 4014 950 4085 quidem,
998 4018 1358 4088 quantumvis
1417 4029 1649 4093 pungat,
1704 4022 1854 4078 aliud
1905 4031 2106 4095 praeter

506 4104 851 4163 levissimum
909 4107 1157 4167 dolorem
1221 4109 1457 4179 inferat,
1521 4128 1719 4170 saxum
1779 4130 1914 4172 vero
1967 4115 2104 4172 nihil

503 4196 762 4265 oblzedat,
790 4200 1048 4257 aculeum
1078 4202 1186 4258 sibi
1215 4201 1440 4260 interim
1470 4206 1704 4273 excutit,
1747 4206 1939 4279 itaque
1980 4224 2103 4263 mo-

503 4288 668 4346 ritur.
708 4289 802 4347 Sic
833 4292 925 4347 illa
970 4294 1255 4351 simillima
1297 4298 1488 4371 zopyri
1528 4299 1823 4356 crabronis
1848 4299 2102 4367 lmresis,

503 4382 610 4438 levi
638 4382 828 4440 dolore
854 4384 1088 4452 inflicto,
1134 4386 1192 4442 in
1239 4396 1475 4459 petram,
1521 4386 1628 4445 ho‘c
1662 4400 1748 4448 est
1789 4393 2103 4463 veritatem,

509 4474 825 4542 incurrens,
855 4484 911 4533 et
946 4480 1201 4535 aculeum
1237 4479 1548 4552 infringens
1579 4485 1921 4540 enecahitur.
1955 4484 2107 4544 Hanc

507 4568 676 4640 igitur
706 4579 1155 4641 praetergressus,
1190 4572 1257 4627 ad
1288 4573 1426 4630 alias
1455 4576 1762 4631 orationem
1792 4577 2101 4645 conferam,

504 4669 660 4716 certa
697 4660 789 4715 Dei
827 4662 1028 4717 fiducia
1079 4663 1276 4731 fretus,
1331 4664 1649 4721 institutum
1704 4684 1791 4724 me
1848 4686 1989 4741 opus
2037 4671 2108 4728 ad

502 4752 715 4808 exitum
744 4767 869 4809 esse
892 4753 1318 4823 perducturum.

825 4862 1288 4935 asscourna
1330 4863 1787 4933 suvenuuos,

789 4977 923 5045 Qua:
952 4988 1031 5034 est
1060 4978 1276 5034 Itazresis
1305 4978 1414 5035 XX
1431 4979 1470 5035 V
1497 4982 1606 5051 sive
1643 4980 1818 5037 XLV.

573 5094 617 5151 1.
658 5093 763 5162 Qui
812 5095 1201 5165 superioribus
1232 5094 1344 5150 illis
1388 5096 1643 5167 proxime
1691 5110 1722 5150 a
1773 5111 1859 5151 me
1922 5097 2103 5168 subji-

504 5188 737 5244 ciendus
768 5197 873 5250 est,
909 5187 994 5243 vel
1026 5185 1220 5243 iisdem
1262 5187 1604 5258 temporibus
1653 5187 1813 5254 vixit,
1862 5189 1944 5244 vel
1991 5190 2105 5246 sal-

508 5287 615 5333 tem
641 5286 729 5335 est
761 5287 922 5335 aetate
955 5293 1191 5350 suppar;
1247 5294 1427 5349 neque
1474 5278 1623 5334 enim
1671 5287 1892 5349 tempus
1921 5280 2104 5350 ipsum

509 5376 773 5424 accurate
795 5383 1242 5425 commemorare
1282 5383 1536 5439 possum,
1590 5368 1699 5424 nisi
1749 5369 1899 5440 quod
1931 5370 2103 5425 vicini

2140 4802 2187 4859 D

2204 2164 2287 2218 ἔτι
2326 2180 2419 2234 μοι
2465 2161 2625 2234 χρεία
2677 2158 2797 2214 ἐστὶ
2843 2157 3276 2231 κατατρίϐεσθαι
3328 2157 3461 2230 περὶ
3488 2155 3665 2210 τούτου
3687 2154 3757 2207 τοῦ

2204 2254 2462 2327 ζωπύρου
2495 2253 2752 2326 σφηκίου,
2783 2253 2880 2306 καὶ
2908 2251 3123 2315 οὐδενὸς
3161 2251 3315 2315 δντος
3342 2248 3647 2323 ἀνατροπῆς
3669 2246 3758 2300 ἓνε-

2204 2365 2298 2413 κα,
2333 2346 2368 2418 ἢ
2399 2345 2568 2417 ἄλλης
2592 2344 2740 2408 τινὸς
2768 2343 3190 2416 πραγματείας;
3217 2342 3339 2412 Ἀφ’
3372 2341 3565 2397 ἑαυτοῦ
3591 2341 3687 2410 γὰρ
3713 2338 3757 2391 τὸ

2204 2439 2431 2511 κέντρον
2472 2435 2725 2492 ἀπώλεσε
2744 2452 2757 2465 ·
2803 2436 2901 2491 καὶ
2943 2436 3373 2510 ἀπαράλλακτον
3407 2432 3570 2488 αὐτοῦ
3606 2430 3757 2501 τὸτῆς

2204 2530 2415 2602 πλάνης
2461 2528 2989 2602 παραπεποιημένον
3017 2528 3197 2599 δόγμα
3229 2526 3325 2581 καὶ
3370 2523 3665 2597 ἀγυρτῶδες
3697 2520 3760 2574 δέ·

2202 2624 2433 2678 δεικται.
2466 2623 2606 2676 Φασὶ
2657 2622 2765 2693 γὰρ
2818 2620 2879 2675 τὸ
2926 2620 3184 2692 ὀδυνηρὸν
3212 2619 3469 2691 σφηκίον,
3501 2617 3529 2670 ὅ
3553 2613 3759 2685 ζώπυρόν

2203 2717 2351 2781 τινὲς
2374 2716 2733 2788 κεκλήκασιν,
2767 2713 2914 2785 ἔχειν
2951 2715 3050 2787 μὲν
3088 2714 3338 2785 κεντρίον
3375 2711 3575 2766 ἰοϐόλον
3603 2707 3758 2782 βραχὺν

2205 2810 2568 2882 περιωδυνίαν
2613 2808 2816 2881 πολλὴν
2858 2809 2921 2862 οὐ
2971 2807 3335 2878 κεκτημένον,
3367 2804 3506 2861 ἀλλά
3542 2803 3669 2858 κατά
3686 2799 3759 2872 τὴν

2204 2904 2372 2959 αὑτοῦ
2415 2903 2650 2975 δύναμιν
2701 2901 2906 2958 ἰοϐόλον
2952 2901 3042 2956 δνο
3087 2901 3227 2955 ὲπὰν
3259 2900 3317 2954 δέ
3349 2918 3439 2965 τις
3464 2897 3760 2973 διερχόμενος

2203 2996 2297 3051 τὸν
2329 2994 2494 3051 αὐτοῦ
2527 2995 2736 3066 φωλεὸν
2769 2995 2802 3067 ἢ
2836 2993 3034 3049 καλιὰν
3062 2994 3315 3049 καθέλον
3354 2994 3414 3048 ὲν
3447 2992 3554 3066 γὰρ
3580 2991 3760 3061 θάμνοις

2207 3087 2451 3160 βοτανῶν
2486 3092 2721 3144 ποιεῖται
2770 3088 2867 3142 καὶ
2916 3086 3113 3161 κηρίου
3147 3086 3306 3158 δίκην
3337 3084 3521 3157 ἐαυτῷ
3546 3082 3761 3155 σίμϐλους

2204 3181 2381 3248 τινὰς,
2418 3182 2478 3236 ὲν
2509 3176 2593 3246 οἷς
2625 3180 2877 3253 σίμϐλοις
2920 3178 3344 3251 ὲγκατατίθεται
3378 3179 3479 3250 τὴν
3512 3174 3662 3231 αὑτοῦ
3694 3190 3762 3243 γο·

2205 3278 2327 3346 νην,
2376 3274 2472 3330 καὶ
2527 3277 2765 3330 ποιεῖται
2814 3272 2996 3345 ἑαυτῷ
3042 3271 3110 3326 τά
3154 3274 3509 3344 γεννήματα·
3556 3271 3600 3324 εί
3634 3267 3762 3327 δέτις

2207 3367 2559 3441 διερχόμενος
2588 3365 2771 3441 ῥάϐδῳ
2793 3367 2827 3437 ἢ
2857 3364 3002 3437 ξύλῳ
3022 3364 3185 3430 νύξας
3214 3364 3276 3417 τὸ
3308 3363 3527 3437 κηρίον,
3545 3361 3615 3426 ὡς
3640 3360 3759 3429 ἔφην,

2132 3430 2176 3487 C
2211 3430 2843 3531 xaidbdlogvé'gépxe'ect‘t
2870 3430 3215 3529 θυμούμενον
3246 3430 3487 3525 auro-8i;
3513 3430 3591 3506 se
3630 3445 3761 3504 δεινὼ

2211 3552 2331 3624 μὲν,
2362 3551 2595 3625 βληχρδν
2623 3552 2681 3607 δὲ
2709 3552 2943 3624 σφηκίον
2968 3568 2981 3581 ’
3016 3549 3112 3603 καὶ
3138 3548 3237 3604 ἐὰν
3265 3546 3410 3622 εὕρῃ
3440 3547 3636 3618 πέτραν
3657 3541 3762 3609 πλη·

2211 3644 2325 3700 σίον
2351 3645 2385 3717 ἢ
2424 3643 2600 3712 ξύλον,
2633 3644 2743 3699 ἀπὸ
2770 3643 2863 3698 τοῦ
2898 3640 3280 3714 ἐμπλήσαντος
3302 3639 3471 3694 αὐτὸν
3499 3633 3655 3708 θυμοῦ
3681 3629 3761 3703 ῥοίι

2210 3734 2288 3807 ζῳ
2329 3735 2429 3806 μὲν
2474 3735 2765 3804 ἐφίσταται
2799 3733 2894 3786 καὶ
2922 3732 3091 3804 ὁρμᾷ,
3128 3730 3224 3784 καὶ¹
3245 3727 3401 3781 παίει
3434 3728 3534 3798 τὴν
3562 3725 3759 3794 πέτραν

2210 3828 2307 3882 acati.
2332 3826 2433 3899 τὴν
2467 3825 2568 3898 μὲν
2599 3825 2810 3899 πέτραν
2833 3824 2987 3879 οὐδὲν
3013 3823 3211 3890 ἀδικεῖ,
3238 3818 3366 3875 οὔτε
3394 3819 3455 3874 τὸ
3487 3818 3650 3887 ξύλον,
3670 3813 3760 3868 οὔτε

2214 3920 2322 3993 μὴν
2351 3919 2441 3974 τὸν
2468 3919 2782 3993 ἄνθρωπον,
2810 3919 2913 3975 κάν
2951 3936 3012 3972 τε
3038 3917 3216 3986 δάκοι,
3250 3914 3397 3969 ἀλλά
3441 3913 3575 3987 πρὸς
3615 3909 3761 3976 ὀδύνην

2209 4012 2400 4085 ὀλίγην
2452 4012 2607 4068 οὐδὲν
2656 4013 2854 4078 ἀδικεῖ,
2889 4011 3131 4084 μάλιστα
3160 4009 3262 4081 τὴν
3292 4009 3530 4081 πέτραν,
3570 4002 3686 4061 ἀλλὰ
3719 3996 3761 4053 τὸ

2214 4105 2315 4179 μὲν
2350 4105 2578 4180 κέντρον
2615 4106 2904 4172 ἀπόλλυσι,
2931 4104 3028 4160 καὶ
3054 4102 3199 4159 οὕτω
3223 4101 3531 4176 φθείρεται,
3558 4103 3590 4172 ἡ
3613 4098 3662 4153 δὲ
3691 4092 3763 4147 πέ-

2210 4217 2318 4272 τρα
2350 4199 2504 4254 οὐδὲν
2530 4198 2924 4273 άδικηθήσεται
2963 4198 3071 4254 ὑπὸ
3112 4195 3210 4253 τοῦ
3234 4197 3503 4252 τοιούτου.
3529 4193 3673 4251 Οὕτω
3693 4186 3761 4243 καὶ

2211 4291 2351 4364 αὕτη
2385 4294 2419 4364 ἡ
2448 4291 2767 4363 σφηκιώδης
2791 4292 3049 4366 ζωπύρου
3075 4291 3231 4363 δίκην
3259 4290 3466 4363 μικρὰν
3489 4289 3670 4360 ἔχουσα
3690 4280 3760 4370 fit"

2212 4381 2581 4455 περιωδυνίαν
2611 4383 3063 4456 ἁνατραπήσεται
3109 4383 3180 4452 τῇ
3228 4381 3407 4454 πέτρᾳ
3455 4372 3761 4447 συντυχοῦσαν

2211 4476 2460 4530 τουτέστι
2487 4478 2555 4548 τῇ
2584 4475 2835 4549 ἀληθείᾳ,
2858 4475 2956 4530 καὶ
2978 4474 3041 4529 τὸ
3062 4473 3287 4546 κέντρον
3311 4472 3637 4527 ἀπολέσασα.
3651 4461 3762 4519 Tan"

2210 4584 2311 4638 την
2328 4567 2386 4621 δὲ
2413 4566 2662 4635 διελθὼν,
2686 4570 2782 4622 ἐπὶ
2810 4566 2912 4632 τάς
2936 4567 3130 4640 ἐτέρας
3151 4566 3313 4620 πάλιν
3335 4564 3636 4637 βαδιοῦμαι,
3658 4552 3763 4612 κατὰ

2212 4660 2313 4732 τὴν
2345 4660 2483 4714 Θεοῦ
2512 4660 2707 4715 ελπίδα
2732 4661 3029 4725 πιστεύων,
3058 4661 3142 4714 ὅτι
3173 4658 3237 4713 τὸ
3267 4657 3589 4729 ἐπάγγελμα
3608 4644 3764 4717 ὲνθεῷ

2216 4753 2324 4826 πλη
2332 4753 2664 4826 ρωθήσεται.

2669 4865 2854 4922 ΚΑΤΑ
2892 4865 3360 4934 ΣεγιιΡιΑΝΩΝ,

2249 4981 2517 5053 Εἱκοστὴ
2539 4982 2809 5054 πέμπτη,
2834 4983 2876 5053 ἡ
2903 4981 3005 5036 καὶ
3029 4975 3491 5049 τεσσαρακοστὴ
3512 4973 3735 5041 πέμπτη·

2284 5096 2364 5151 A'.
2406 5096 2633 5163 Τούτοις
2666 5096 2904 5169 καθεξῆς
2948 5096 3143 5181 ἕπεται
3187 5095 3309 5166 ἦτοι
3340 5093 3643 5185 σύγχρονος,
3673 5081 3762 5185 bis“

2215 5189 2372 5263 παρά
2400 5191 2492 5244 τὸν
2520 5191 2715 5263 χρόνον
2733 5208 2747 5223 ·
2773 5191 2876 5243 οὐκ
2903 5187 3013 5261 ἔχω
3048 5186 3158 5259 γὰρ
3203 5188 3331 5259 περὶ
3359 5184 3453 5239 τυῦ
3488 5181 3664 5254 χρόνου
3685 5181 3761 5226 αὑ·

2212 5283 2324 5338 τῶν
2353 5284 2613 5354 ἀσφαλῶς
2643 5284 2845 5353 λέγειν,
2876 5281 3021 5353 πλὴν
3067 5281 3333 5351 σύνεγγυς
3376 5276 3612 5349 ἀλλήλων
3633 5266 3759 5341 ἦσαν.

2225 5377 2318 5442 Ὧς
2344 5377 2401 5432 δὲ
2437 5379 2509 5431 τὰ
2534 5380 2615 5442 εἰς
2646 5378 2794 5450 ἡμᾶς
2822 5375 3048 5430 ἐλθόντα
3072 5376 3419 5447 διηγήσομαι.

511 5456 617 5512 sibi
675 5458 912 5516 invicem
979 5461 1335 5518 exstiterunt.
1399 5459 1533 5527 Qu:e
1587 5476 1719 5518 vero
1781 5462 1850 5518 ad
1902 5464 2227 5524 memoriam
2302 5479 2555 5527 nostram
2602 5477 3014 5542 pervenerunt,’
3054 5483 3219 5539 quam
3292 5461 3596 5521 fidelissime
3648 5461 3760 5507 com-

511 5547 742 5616 plectar.

587 5636 826 5695 Severus
870 5645 1125 5711 quidam,
1161 5660 1193 5701 a
1224 5661 1335 5731 quo
1368 5644 1685 5703 Severianis
1716 5661 1915 5703 nomen
1950 5645 2100 5703 indi-

590 5816 612 5850 “
642 5818 662 5874 Ι
691 5817 820 5874 Cor.
859 5837 945 5896 xv,
982 5825 1075 5885 55.

2293 5648 2533 5723 Σευῆρός
2558 5665 2643 5712 τις
2668 5645 2890 5717 ἀνέστη,
2922 5642 2983 5711 ἐξ
3006 5638 3176 5715 οὗπερ
3203 5644 3253 5698 οἱ
3279 5635 3585 5712 Σευηριανοὶ
3610 5623 3759 5688 καλαὶ·
