3958 6420
180 439 293 497 833

834 437 1208 495 ADVERSUS
1243 437 1595 496 HERESES’
1626 437 1757 494 LIB.

1891 436 2050 495 ΤΟΜ.
2084 437 2172 493 111.
2200 469 2267 479 —
2301 434 2579 493 lleRES.
2619 433 2782 491 XLV.

3371 431 3480 489 854

183 569 367 625 μενοι,
394 551 635 623 καθεξῆς
674 552 1042 622 συνεπόμενος
1072 550 1151 624 τῷ
1187 547 1570 625 προειρημένῳ
1593 550 1787 605 Ἀπελ-

1894 558 2010 606 tum
2060 558 2167 617 cst,
2219 559 2346 623 post
2397 551 2643 623 Apellem
2690 549 2844 604 illum
2901 546 3126 618 prodiit.
3162 544 3480 617 Cujusbaac

179 643 440 717 ληῖανῷί.
456 643 539 697 Τὰ
563 644 618 696 δὲ
647 643 776 715 παρ’
791 643 939 714 αὐτῷ
961 642 1390 714 μυθολογήματα
1411 642 1587 697 ταῦτά
1613 644 1783 708 ἐστιν,

183 737 353 792 ἅτινα
388 736 801 807 μέλλωλέγειν.
831 734 1091 791 Βούλεταί
1115 753 1175 789 τε
1197 735 1293 790 καὶ
1318 736 1481 799 αὐτὸς
1503 737 1703 807 ἀρχαῖς
1724 754 1785 790 τε

182 829 286 883 καὶ
328 827 602 895 ἐξουσίαις
638 826 977 898 προσάπτειν
1008 826 1106 899 τὴν
1138 826 1260 880 καθ’
1286 827 1435 898 ἡμᾶς
1465 826 1642 881 κτίσιν
1665 844 1679 858 ο
1707 824 1787 881 εῖ-

180 920 277 979 ναί
301 937 365 974 τε
400 923 458 973 ἐν
488 920 917 991 ἀκατονομάστῳ
946 919 1054 972 τινὶ
1083 918 1346 990 ἀνωτάτῳ
1362 930 1427 971 τε
1447 917 1666 990 οὐρανῷ
1689 918 1785 973 καὶ⁸

183 1011 351 1065 αἰῶνι
398 1009 603 1078 άγαθόν
637 1025 759 1064 τινα
800 995 954 1062 Θεόν.
978 1008 1083 1063 Τὸν
1111 1009 1168 1062 δὲ
1207 1008 1452 1062 διάϐολον
1487 1008 1601 1062 υίδν
1646 1002 1785 1063 εἶναι

185 1103 391 1172 φάσκει
414 1099 509 1155 τοῦ
546 1102 785 1172 μεγάλου
831 1101 1094 1173 ἄρχοντος
1122 1100 1223 1172 τῆς
1253 1100 1363 1155 τῶν
1384 1100 1643 1168 ἐξουσιῶν
1689 1101 1787 1154 τά·

184 1194 349 1260 ξεως,
379 1186 424 1261 ᾧ
457 1194 628 1265 δνομα
653 1192 863 1247 τίθεται
888 1192 965 1265 πὴ
1000 1193 1098 1264 μὲν
1124 1189 1477 1256 Ἰαλδασαὼθ,
1505 1192 1581 1264 πὴ
1608 1191 1665 1246 δὲ
1690 1192 1785 1245 Σα-

185 1284 365 1339 ϐαὼθ.
400 1284 605 1339 Τοῦτον
626 1285 681 1338 δὲ
707 1283 1035 1356 γεννηθέντα
1064 1282 1124 1350 ἐξ
1145 1283 1310 1337 αὐτοῦ
1333 1279 1473 1338 εἶναι
1493 1283 1618 1353 ὅφιν
1641 1299 1655 1312 ·
1677 1282 1787 1337 ἀπὸ

183 1377 247 1432 δέ
271 1377 377 1449 τῆς
403 1378 514 1431 ἄνω
537 1377 821 1449 δυνάμεως
846 1375 1286 1447 καταὸεόλῆσθαι
1315 1374 1520 1447 είς-τὴν
1542 1376 1666 1446 γῆν,
1690 1374 1785 1428 καὶ

186 1469 598 1541 κατεληλυθότα
627 1471 930 1542 ὀφιείκελον
953 1469 1105 1535 ὄντα,
1136 1471 1217 1533 είς
1258 1462 1474 1540 οἶστρον
1520 1467 1784 1538 ἐληλακέ-

183 1580 301 1627 ναι,
332 1562 429 1614 καὶ
453 1564 518 1634 τῇ
549 1562 625 1634 Γῇ
658 1562 918 1634 μεμίχθαι
947 1544 1137 1634 ῶσπερ
1170 1561 1425 1631 γυναικί·
1458 1559 1551 1614 καὶ
1572 1560 1666 1612 ἀπ’
1691 1558 1788 1611 αὐ-

184 1654 286 1709 τοῦ
307 1654 404 1708 τοῦ
430 1654 740 1726 σπέρματος
767 1653 1353 1726 άποσπερματίσαντος
1376 1652 1476 1723 τῆς
1503 1651 1670 1722 γονῆς
1684 1650 1786 1722 τὴν

186 1747 441 1819 ἄμπελον
468 1746 916 1818 βεϐλαστηκέναι.
945 1746 1037 1800 Διὸ
1062 1745 1126 1815 δὴ
1146 1740 1467 1817 ῖὶυθολογῶν
1495 1745 1575 1808 εις
1603 1742 1784 1815 παρά·

190 1854 384 1892 στασιν
404 1838 503 1909 τῆς
530 1837 711 1891 αὐτῶν
739 1836 1029 1908 ληρῳδίας,
1058 1836 1120 1889 τὸ
1143 1836 1443 1906 όφιείκελον
1472 1835 1573 1906 τῆς
1598 1834 1782 1905 ἀμπέ-

1891 648 2024 697 sunt
2058 641 2261 698 fabulis
2294 657 2358 697 ae
2382 641 2699 719 [mendaciis
2736 639 2940 694 referta
2970 639 3262 709 dogmata:
3290 636 3477 691 Mundi

1884 729 2156 804 originem
2216 735 2506 806 principiis
2543 735 2733 791 nescio
2782 734 2987 804 quibus
3019 748 3085 788 ac
3111 728 3480 803 potestatibus

1882 827 2113 896 tribuit;
2152 843 2278 884 esse
2330 814 2463 883 vero
2517 834 2780 896 praeterea
2830 840 3089 897 supremo
3132 826 3189 879 in
3234 824 3375 879 caelo
3407 837 3472 877 ac

1886 918 2113 982 saeculo,
2163 917 2310 996 quod
2353 917 2629 973 nominari
2664 932 2775 973 non
2812 922 3014 987 potest,
3048 915 3254 970 bonum
3283 927 3478 984 quem-

1886 1008 2012 1064 dam
2047 1007 2238 1065 Dcum.
2270 1009 2555 1064 Diabolum
2606 1011 2787 1081 magni
2820 1007 3090 1079 principis
3121 1006 3292 1061 ﬁlium
3325 1018 3472 1065 esse.

1888 1098 1985 1168 qui
2032 1098 2407 1169 potestatibus
2467 1098 2749 1168 praesidet,
2799 1097 2961 1167 cujus
3018 1110 3219 1150 nomen
3271 1094 3471 1160 partim

1884 1188 2239 1257 Jaldabaotb,
2277 1192 2478 1262 partim
2531 1190 2775 1247 Sabaoth
2809 1191 3070 1261 appellat,
3113 1203 3143 1243 a
3182 1204 3292 1259 quo
3323 1187 3479 1258 geni-

1883 1290 1976 1338 tus
2007 1283 2099 1339 ille
2127 1298 2360 1353 serpens
2398 1284 2640 1354 primum
2670 1282 2809 1348 fuit;
2845 1281 2974 1337 inde
3010 1281 3080 1335 ab
3112 1280 3325 1336 caelesti
3359 1278 3479 1334 vir-

1885 1380 2002 1430 tute
2026 1374 2276 1444 dejectus
2310 1373 2365 1429 in
2405 1382 2610 1428 terram
2648 1388 2712 1428 ac
2747 1373 3030 1444 delapsus,
3066 1371 3339 1443 serpentis
3364 1370 3476 1425 for-

1889 1482 2000 1531 ma,
2048 1466 2293 1523 libidinis
2322 1466 2564 1523 stimulis
2591 1466 2835 1537 percitus
2864 1480 2988 1520 cum
3025 1463 3198 1519 Terra
3223 1479 3325 1519 ceu
3354 1480 3479 1519 mu-

1884 1559 2021 1615 liere
2066 1560 2304 1631 quadam
2344 1560 2499 1614 coiit.
2557 1556 2680 1625 Quo
2712 1573 2778 1613 ex
2817 1566 2938 1613 satu
2965 1557 3100 1612 vitis
3156 1556 3472 1628 pullulavit.

1886 1650 2044 1708 Unde
2078 1652 2146 1707 ad
2175 1651 2580 1707 conciliandam
2626 1649 2789 1721 nugis
2833 1649 2949 1704 suis
2983 1647 3170 1715 ﬁdem,
3212 1647 3476 1703 sinuosos

1881 1743 2077 1797 vitium
2116 1740 2308 1807 ﬂexus,
2352 1755 2417 1796 ac
2464 1739 2760 1805 rotundos,
2815 1747 2871 1795 et
2905 1738 3217 1808 cuiusmodi
3248 1753 3477 1809 serpen-

1888 1833 2025 1888 tium
2059 1832 2225 1904 spirae
2257 1842 2411 1899 sunt,
2436 1832 2717 1902 obliquos,
2766 1830 2833 1886 ad
2874 1830 3011 1885 illud
3046 1829 3476 1902 signiﬁcandum

112 1988 133 2003 Ι
186 1930 284 1984 λου
321 1929 621 2003 περιφερὲς
652 1929 944 1995 ἐκτυποῦν,
977 1929 1152 1998 λέγων
1178 1927 1268 1982 διὰ
1294 1928 1354 1982 τὺ
1382 1927 1646 1999 σκαληνὸν
1685 1928 1779 1980 τοῦ

1892 1925 2160 1980 referunt.
2198 1923 2332 2000 Nam
2381 1924 2559 1978 albam
2601 1938 2736 1979 sane
2778 1923 2938 1978 vitem
2967 1923 3243 1993 serpentis
3283 1921 3479 1978 simili.
3538 1966 3543 1969 _

190 2022 366 2093 φυτοῦ
400 2019 541 2078 εἷναι
573 2022 707 2076 αὐτὸ
748 2022 925 2091 ὄφεως
952 2021 1109 2094 δίκην
1130 2040 1144 2052 ·
1182 2020 1277 2075 καὶ
1306 2020 1405 2091 τὴν
1447 2022 1546 2091 μὲν
1583 2020 1785 2091 λευκὴν

189 2110 334 2170 εἶναι
369 2113 447 2179 ὡς
478 2113 621 2185 ὅφιν,
655 2113 754 2185 τὴν
786 2112 842 2167 δὲ
884 2112 1147 2183 μέλαιναν
1188 2111 1262 2175 ὡς
1292 2110 1581 2183 δράκοντα.
1628 2105 1783 2163 Εἶναι

188 2207 248 2262 δέ
288 2208 385 2261 καὶ
416 2205 515 2271 τὰς
549 2206 723 2278 ράγας
751 2205 850 2277 τῆς
877 2203 1126 2275 ἀμπέλου
1156 2202 1347 2273 ῶσπερ
1390 2200 1471 2255 ἰοῦ
1512 2200 1785 2273 ῥαθάμιγ-

188 2317 313 2370 γας,
342 2299 518 2353 εῐτουν
548 2298 836 2368 σταγόνας,
861 2297 948 2351 διὰ
980 2296 1039 2350 τὸ
1065 2294 1397 2360 κυκλοειδὲς,
1433 2295 1467 2366 ἦ
1500 2294 1563 2348 τδ
1595 2294 1784 2365 μείου-

194 2410 287 2464 ρον
321 2392 418 2445 καὶ
445 2390 680 2463 διαμφὲς
708 2390 941 2444 ἑκάστου
973 2388 1142 2460 ραγὺς
1171 2388 1630 2460 στρογγυλώσεως
1649 2406 1662 2420 ·
1690 2388 1785 2443 τὸν

189 2483 249 2538 δέ
276 2478 420 2537 οἶνον
449 2484 515 2536 ἐκ
543 2482 646 2553 τῆς
679 2480 994 2544 ὑποθέσεως
1023 2478 1228 2551 ταύτης
1258 2480 1387 2535 δντα
1418 2482 1511 2535 τὸν
1544 2478 1670 2535 νοῦν
1696 2480 1784 2534 θο-

190 2574 322 2628 λοῦν
347 2575 446 2644 τῆς
466 2573 908 2646 άνθρωπότητος.
933 2571 1046 2627 Καὶ
1075 2571 1153 2643 πὴ
1180 2572 1277 2643 μὲν
1308 2574 1390 2638 είς
1418 2572 1595 2641 θέλειν
1616 2574 1785 2645 ἀφροο

190 2667 383 2722 δισίων
410 2666 585 2736 άγειν,
620 2666 695 2740 πὴ
728 2668 788 2721 δέ
814 2669 893 2732 είς
916 2663 1135 2739 οἶστρον
1160 2666 1395 2737 ἐγείρειν
1416 2681 1431 2696 °
1460 2664 1494 2736 ἢ
1520 2664 1567 2719 δ’
1588 2660 1655 2719 αὖ
1680 2664 1786 2718 πά-

188 2760 276 2813 λιν
321 2759 491 2831 ὀργὴν
517 2760 768 2830 ἐμποιεῖν
803 2759 892 2814 διά
932 2759 994 2813 τὸ
1040 2757 1381 2829 κεπφοῦσθαι
1408 2757 1470 2810 τὸ
1513 2756 1674 2828 σῶμα
1719 2758 1784 2810 ἐκ

187 2852 291 2922 τῆς
320 2850 429 2904 άπὸ
450 2850 543 2904 τοῦ
572 2851 715 2905 οίνου
736 2850 1042 2922 δυνάμεως,
1065 2849 1162 2904 καὶ
1180 2847 1274 2902 τοῦ
1301 2847 1382 2903 ίοῦ
1410 2846 1505 2901 τοῦ
1533 2862 1787 2919 προειρηο

192 2944 363 3016 μένου
391 2942 877 3016 δράκοντος.”Οθεν
916 2943 1213 3014 ἀπέχονται
1245 2940 1390 2995 οἴνου
1424 2938 1706 3000 παντελῶς
1734 2940 1784 2992 oi

186 3052 447 3092 τοιουτοι.

264 3150 344 3203 B'.
382 3149 657 3202 Φάσκουσι
685 3147 743 3202 δὲ
773 3146 869 3202 καὶ
907 3145 1009 3217 τὴν
1040 3147 1275 3216 γυναῖκα
1322 3139 1466 3199 εἶναι
1498 3142 1660 3216 ἔργον
1690 3141 1784 3198 τοῦ

1887 2016 2134 2073 tudinem
2164 2016 2505 2088 exprimere;
2539 2015 2750 2086 nigram
2784 2014 3075 2081 draconis;
3101 2014 3293 2069 acinos
3312 2011 3508 2084 por‘ro.

1886 2118 2150 2180 tanquam
2194 2108 2391 2164 veneni
2439 2094 2629 2179 guttas
2688 2122 2753 2162 ac
2804 2108 2986 2162 stillas
3043 2121 3189 2171 esse,
3249 2115 3481 2177 propter

1885 2202 2304 2263 rotunditatem,
2361 2215 2428 2257 ac
2481 2201 2822 2271 singulorum
2860 2199 3208 2265 discrimina,
3241 2200 3378 2254 adeo
3413 2204 3476 2252 ut

1886 2296 2120 2351 orbiculi
2164 2295 2267 2364 ipsi
2299 2308 2329 2348 a
2369 2309 2428 2350 se
2466 2294 2702 2349 invicem
2746 2293 2921 2350 avulsi
2967 2292 3320 2364 separatione
3357 2307 3480 2347 cer—

1888 2395 2113 2442 nantur.
2169 2385 2533 2457 [ndidemque
2574 2382 2870 2442 et'vinum
2922 2385 3209 2441 hominum
3260 2394 3480 2456 pertur-

1884 2478 2018 2534 bare
2047 2485 2257 2534 mentes
2289 2493 2354 2533 ac
2386 2479 2585 2549 partim
2617 2476 2835 2533 veneris
2867 2476 3122 2532 illecebra
3173 2476 3477 2541 concitare,

1886 2571 2089 2642 partim
2126 2570 2335 2624 furoris
2367 2569 2581 2640 agitare
2610 2569 2871 2633 stimulis,
2905 2569 3105 2640 partim
3137 2568 3374 2638 denique
3407 2567 3477 2622 ad

1884 2661 2227 2719 iracundiam
2278 2675 2624 2732 provocare;
2688 2660 2836 2731 quod
2896 2676 2959 2715 ea
3009 2658 3218 2723 vinivi,
3254 2657 3361 2712 hoc
3390 2666 3476 2712 est

1888 2752 2151 2809 draconis
2174 2753 2328 2808 illius
2356 2768 2591 2819 veneno,
2628 2753 2744 2809 leve
2817 2753 2909 2806 ﬁat
2945 2751 3313 2821 eﬂeraturque
3349 2765 3478 2815 cor-

1886 2859 2012 2914 pus.
2041 2842 2217 2909 Quam
2248 2842 2319 2899 ob
2346 2857 2588 2912 causam
2605 2843 2700 2913 qui
2731 2842 2875 2897 hanc
2916 2849 3125 2897 sectam
3153 2839 3482 2908 proﬁtentur

1887 2935 1956 2989 ab
1980 2936 2128 2989 omni
2158 2950 2263 2990 usu
2298 2934 2409 2990 vini
2443 2933 2664 3005 penitus
2697 2933 3002 2988 abstinent.

1958 3131 2024 3187 ll.
2067 3128 2347 3185 Mulierem
2386 3137 2649 3200 praeterea
2689 3125 2907 3182 Satanae
2932 3140 3073 3197 opus
3111 3139 3235 3180 esse
3262 3123 3474 3188 dicunt,

188 3241 432 3306 Σατανᾶ,
468 3240 723 3312 καθάπερ
755 3239 929 3325 καὶὶοἱ
953 3240 1297 3312 Ἀρχοντικοὶ
1340 3235 1497 3292 τοῦτο
1534 3237 1741 3308 ἔφασαν
1766 3255 1781 3270 ο

1891 3226 1944 3283 id
1970 3225 2117 3297 quod
2152 3236 2205 3280 et
2224 3222 2574 3279 Archonticis
2598 3219 2802 3291 placuit
2827 3238 2841 3274 :
2869 3219 3037 3290 389
3052 3218 3283 3288 ideoque
3299 3218 3391 3289 qui
3418 3233 3481 3274 se

188 3329 278 3385 διὸ
322 3331 448 3394 τοὺς
494 3329 658 3401 γάμῳ
697 3314 1121 3400 πλησιάζοντας,
1157 3327 1251 3382 τοῦ
1297 3328 1513 3382 Σατανᾶ
1542 3327 1603 3381 τὸ
1629 3327 1789 3399 ἔργον

192 3421 442 3495 πληροῦν
487 3422 758 3491 λέγουσιν.
777 3421 936 3476 Ἀλλά
969 3421 1064 3475 καὶ
1109 3419 1203 3474 τοῦ
1249 3418 1538 3493 ἀνθρώπου
1583 3417 1644 3472 τὸ
1693 3419 1792 3490 μὲν

190 3514 370 3586 ἥμισυ
399 3508 536 3566 εἶναι
560 3511 653 3566 τοῦ
688 3512 846 3578 Θεοῦ,
880 3512 942 3565 τὸ
967 3511 1025 3566 δέ
1056 3512 1229 3583 ἥμισυ
1257 3509 1352 3564 τοῦ
1380 3508 1651 3563 διαϐόλου.
1671 3508 1791 3560 Ἀπ’

190 3605 444 3679 ὀμφαλοῦ
472 3606 582 3679 γάρ
612 3605 709 3660 καὶ
740 3605 1002 3661 ἀνωτάτω
1042 3600 1183 3659 εῖναι
1221 3604 1321 3675 τῆς
1348 3601 1447 3657 τοῦ
1471 3600 1608 3656 Θεοῦ
1642 3600 1793 3655 δυνά-

197 3714 351 3771 μεως
382 3696 532 3766 λέγει
575 3697 675 3769 τὴν
724 3696 923 3751 πλάσιν
944 3711 958 3726 ·
987 3695 1097 3749 ἀπὸ
1125 3694 1181 3749 δέ
1206 3690 1451 3765 ὀμφαλοῦ
1492 3694 1588 3746 καὶ
1621 3708 1793 3744 κατω-

192 3787 371 3853 τάτω,
400 3787 499 3857 τῆς
523 3788 766 3861 πονηρᾶς
797 3785 1046 3852 ἐξουσίας
1071 3785 1172 3856 τὴν
1188 3784 1404 3847 πλάσιν.
1433 3781 1633 3854 Διόπερ
1656 3781 1791 3854 φησὶ

194 3878 380 3934 πάντα
405 3878 528 3932 καθ’
551 3879 743 3951 ἡδονὴν
765 3878 858 3932 καὶ
883 3875 1101 3950 οἶστρον
1127 3877 1223 3931 καὶ
1251 3875 1549 3947 ἐπιθυμίαν
1578 3875 1673 3928 ἀπ’
1696 3875 1792 3945 ὀμ-

194 3968 373 4039 φαλοῦ
404 3969 500 4024 καὶ
530 3958 830 4024 κατωτάτω
853 3969 1119 4038 γίνεσθαι.
1139 3967 1299 4023 Ἀλλὰ
1320 3968 1411 4023 καὶ
1441 3968 1499 4020 αί
1527 3966 1683 4022 ἄλλαι
1710 3967 1793 4021 αἱ·

196 4054 385 4133 ρέσεῖς
411 4058 570 4114 τοῦτο
590 4059 798 4129 ἔφασαν
832 4056 989 4114 εἶναι.

275 4172 438 4228 Ὅθεν
460 4173 557 4228 καὶ
589 4166 745 4238 οὗτος
763 4172 1053 4229 ἁλίσκεται
1070 4173 1211 4228 κατὰ
1239 4172 1416 4229 πάντα
1451 4173 1648 4246 τρόπον
1673 4175 1786 4237 τοῖς

195 4265 385 4329 ἄλλοις
410 4265 795 4321 ἐπακολουθῶν
822 4264 1113 4337 άγύρταις,
1141 4267 1255 4330 τοῖς
1286 4264 1355 4320 τὰ
1377 4265 1679 4338 δηλητήρια
1709 4264 1787 4338 τῷ

197 4355 305 4428 βίῳ
347 4357 846 4413 κατασκευάσασιν.
902 4357 1375 4429 ’Δνατραπήσεται
1412 4357 1523 4430 γὰρ
1566 4357 1783 4429 ῥᾳδίως.

195 4448 283 4502 Οὐ
304 4446 413 4521 γὰρ
445 4448 640 4503 πολλοῦ
674 4448 1093 4522 ἐπιδεηθήσεται
1122 4448 1373 4520 καμάτου
1396 4450 1431 4521 ἡ
1455 4448 1591 4522 πρὸς
1623 4449 1788 4504 αὐτὸν

193 4540 504 4613 ἀνατροπὴ.
547 4539 710 4595 Ὅλον
748 4540 856 4612 γὰρ
897 4538 960 4593 τὸ
1006 4539 1168 4611 σῶμα
1196 4539 1648 4614 συγκεκραμένον
1673 4543 1788 4606 τοῖς

1894 3321 2101 3392 nuptiis
2155 3320 2436 3390 copulant,
2492 3316 2709 3371 Satanae
2754 3328 2894 3382 opus
2938 3310 3221 3383 perﬁcere.
3259 3310 3377 3366 lmo
3422 3320 3478 3366 et

1894 3409 2137 3466 hominis
2170 3409 2403 3463 alteram
2440 3415 2649 3477 partem
2685 3401 2802 3467 Dei,
2834 3402 3064 3457 alteram
3103 3400 3309 3455 diaboli
3354 3414 3478 3456 esse

1894 3501 2247 3558 conﬁrmant.
2282 3498 2420 3553 Nam
2447 3496 2593 3565 quod
2618 3495 2705 3549 *ab
2751 3493 3012 3548 umbilico
3049 3506 3270 3548 sursum
3302 3489 3481 3560 porri-

1895 3596 2062 3669 gitur,
2097 3592 2298 3649 divinae
2333 3589 2636 3645 molitionts
2671 3599 2837 3652 esse;
2904 3582 3050 3656 quod
3089 3580 3233 3637 infra
3258 3580 3482 3636 umbili-

1893 3702 2041 3753 cum,
2074 3698 2104 3739 a
2139 3683 2286 3738 mala
2317 3688 2596 3753 potestate
2645 3676 2930 3734 conditum
2980 3682 3252 3731 statuunt.
3302 3671 3384 3729 0b
3426 3673 3481 3728 id

1892 3775 2173 3846 inquiunt,
2228 3772 2577 3843 voluptatum
2629 3767 2970 3824 titillationes
3025 3780 3219 3821 omnes
3249 3780 3314 3820 ac
3364 3765 3485 3820 libi-

1892 3870 2052 3926 dines
2115 3867 2186 3921 ab
2250 3865 2515 3920 umbilico
2575 3869 2742 3932 atque
2798 3857 3158 3916 inferioribus
3232 3857 3481 3927 partibus

1890 3961 2224 4017 excitantur.
2293 3957 2440 4012 Idem
2506 3964 2562 4010 et
2635 3954 2871 4009 aliarum
2932 3952 3216 4006 haereseon
3279 3949 3482 4020 dogma
3580 4018 3587 4019 γ

1892 4054 2013 4109 fuit.

1962 4164 2039 4218 Ex
2079 4175 2187 4233 quo
2231 4160 2403 4229 liquet
2433 4155 2573 4211 nihil
2601 4155 2749 4211 hunc
2785 4153 2891 4210 nisi
2928 4154 3216 4225 planorum
3248 4160 3480 4213 czetero-

1888 4273 2011 4313 rum
2042 4252 2329 4311 inhaesisset
2357 4247 2637 4319 vestigiis,
2676 4244 2770 4317 qui
2804 4245 3114 4317 perniciosa
3146 4257 3212 4299 ac
3262 4242 3479 4300 letifera

1887 4363 2095 4405 venena
2153 4347 2209 4401 in
2253 4346 2538 4401 hominum
2589 4359 2762 4416 genus
2816 4346 3147 4402 effuderunt.
3172 4342 3289 4413 ,Sed
3329 4343 3482 4399 nullo

1888 4440 2050 4511 plane
2086 4438 2341 4510 negotio,
2388 4451 2490 4493 nec
2524 4451 2758 4509 operoso
2794 4438 3085 4495 admodum
3130 4438 3316 4493 labore
3344 4451 3480 4493 con-

1892 4530 2176 4587 futabitur.
2216 4529 2431 4601 Corpus
2473 4528 2621 4585 enirn
2668 4531 2989 4586 universum
3043 4545 3108 4585 ex
3159 4528 3230 4584 iis
3274 4541 3397 4599 quae
3447 4542 3480 4582 a

194 4629 387 4695 καλῶς
411 4631 469 4685 ἐν
499 4630 646 4704 αὑτῷ
668 4631 950 4702 γεγονόσιν
981 4631 1048 4685 ἐκ
1078 4629 1236 4698 Θεοῦ,
1262 4631 1407 4703 φημὶ
1430 4631 1488 4686 δὲ
1514 4631 1778 4704 ὀρέξεσιν,

1891 4623 1998 4679 Deo
2027 4630 2176 4679 recte
2219 4622 2486 4681 fabricata
2517 4631 2682 4688 sunt,
2706 4623 2817 4679 hoc
2863 4632 2971 4689 est,
3016 4620 3364 4677 naturalibus
3393 4630 3481 4677 est

193 4723 266 4776 οὐ
291 4720 359 4775 δι’
385 4721 619 4776 ἀτοπίαν
655 4724 721 4777 ἐκ
745 4720 883 4777 Θεοῦ
907 4721 1252 4795 γενομέναις,
1284 4721 1422 4776 ἀλλὰ
1458 4721 1551 4777 διὰ
1588 4724 1787 4795 χρῆσιν

194 4812 413 4884 ἀγαθὴν
464 4815 559 4869 καὶ
612 4814 920 4884 ἀναγκαίας
967 4815 1157 4887 χρείας
1194 4814 1348 4882 τάξιν
1372 4832 1387 4847 ο
1421 4815 1567 4886 λέγω
1613 4816 1671 4870 δὲ
1726 4816 1789 4870 τὸ

194 4905 493 4977 ὀρέγεσθαι
539 4905 734 4972 ὕπνου,
780 4905 1024 4979 βρωτῶν,
1061 4907 1326 4978 πόματος,
1367 4907 1654 4974 ἐνδύσεως,
1695 4910 1789 4963 καὶ

193 4996 313 5051 τῶν
337 4996 511 5054 ἄλλων
542 5000 759 5054 πάντων
779 4999 886 5053 τῶν
910 5000 990 5063 είς
1021 4999 1090 5053 τὰ
1114 5000 1223 5054 ἴδια
1254 5000 1350 5054 καὶ
1371 4992 1490 5073 Θεῷ
1518 5002 1790 5074 εὐάρεστοι

194 5087 338 5157 ἡμῖν
358 5087 755 5158 συμϐαίνονταο
782 5088 860 5151 ὡς
884 5088 978 5143 καὶ
1004 5088 1175 5161 αὐτὴν
1198 5089 1296 5163 τὴν
1324 5090 1503 5163 ὄρεξιν
1527 5092 1627 5165 τῆς
1649 5094 1788 5153 κατὰ
1816 5104 1819 5111 ’

193 5175 264 5229 τὸ
318 5175 480 5248 σῶμα
533 5177 832 5249 ἐπιθυμίας
872 5178 975 5232 οὐκ
1033 5178 1233 5233 ἄτοπον
1272 5175 1440 5234 οὖσαν
1502 5185 1787 5255 παραστή-

196 5267 356 5338 σαιμ’
395 5267 481 5322 άν.
518 5268 676 5322 Ἐστι
705 5268 815 5339 γὰρ
847 5267 984 5340 πρὸς
1011 5267 1357 5323 παιδοποιίαν
1394 5270 1454 5322 ἐν
1493 5269 1786 5341 σεμνότητι

194 5357 436 5422 δοθεῖσα,
467 5360 562 5414 καὶ
607 5361 688 5423 εἰς
736 5358 895 5424 δόξαν
927 5357 1023 5412 τοῦ
1072 5361 1398 5433 ποιήσαντος
1448 5359 1518 5414 τὰ
1577 5360 1784 5428 πάντα,

195 5446 457 5519 καθάπερ
488 5451 554 5521 τῇ
590 5451 661 5520 γῇ
688 5448 758 5502 τὰ
805 5447 1095 5520 σπέρματα
1124 5450 1204 5511 είς
1250 5447 1502 5518 ἐπίχυσιν
1538 5448 1785 5521 πλήθους

195 5540 310 5594 τῶν
356 5539 461 5592 ὑπὸ
507 5539 643 5594 Θεοῦ
689 5540 1023 5611 ἐκτισμένων
1078 5538 1260 5594 καλῶν
1313 5539 1671 5611 γεννημάτων
1722 5541 1783 5595 τέ

197 5647 347 5701 φημι
395 5630 489 5683 καὶ
532 5629 869 5702 ἀκροδρύων.
905 5628 1093 5695 Οὕτως
1141 5631 1236 5685 καὶ
1279 5632 1346 5702 τῇ
1402 5629 1782 5703 άνθρωπότητι

274 5829 289 5860 ⁸
329 5824 456 5881 For.
504 5827 690 5882 Ἀπελλ
701 5830 770 5885 εἰ.

1891 4714 2325 4785 appetitionibus
2362 4714 2656 4772 conﬂatum
2689 4733 2707 4772 :
2740 4730 2880 4789 quas
2909 4731 3020 4771 non
3048 4715 3350 4772 absurdum
3380 4714 3482 4769 ali-

1890 4820 2053 4877 quem
2092 4806 2160 4862 ad
2188 4822 2372 4872 usum,
2396 4807 2493 4864 sed
2518 4807 2809 4864 honestum
2838 4821 2905 4862 ac
2932 4806 3306 4863 necessarium
3336 4804 3480 4862 Deus

1890 4895 2126 4955 indidit.
2164 4897 2423 4951 nimirum
2458 4904 2520 4951 ut
2558 4908 2614 4952 et
2645 4911 2899 4952 somnum
2936 4906 3290 4968 appetamus,
3319 4902 3376 4950 et
3399 4896 3480 4951 ci-

1891 4986 2021 5043 bum
2041 5029 2056 5053 ,
2089 5003 2153 5043 ac
2180 4997 2364 5060 potum
2384 5029 2399 5053 ,
2431 4989 2688 5044 vestitum
2706 5029 2722 5054 ,
2750 5003 2813 5044 ac
2837 4995 3065 5044 caeteras
3095 4986 3479 5058 opportunita-

1895 5091 1999 5147 tes,
2017 5098 2140 5154 quai
2159 5082 2377 5154 quidem
2394 5081 2505 5138 Deo
2529 5082 2670 5137 haud
2691 5081 2918 5151 ingratae
2938 5081 3098 5137 nobis
3118 5079 3475 5146 usuveniunt,

1894 5171 2034 5227 adeo
2064 5177 2124 5226 ut
2150 5171 2235 5227 vel
2268 5172 2441 5241 ipsam
2472 5185 2502 5223 a
2540 5171 2753 5226 ratione
2784 5170 3012 5245 minime
3054 5171 3365 5226 abhorrere
3386 5184 3479 5225 ve-

1894 5263 2043 5319 neris
2075 5262 2428 5333 cupiditatem
2459 5261 2838 5319 demonstrare
2870 5263 3055 5318 liceat.
3091 5262 3187 5316 Est
3229 5261 3376 5316 enim
3409 5260 3476 5316 ad

1889 5356 2181 5412 honestam
2230 5357 2438 5412 sobolis
2490 5355 2946 5428 propagationem
2990 5361 3045 5411 et
3069 5353 3138 5410 ad
3164 5353 3480 5411 Conditoris

1890 5449 2136 5504 omnium
2185 5449 2354 5506 decus
2382 5457 2436 5505 et
2476 5450 2739 5505 honorem
2779 5462 3046 5504 concessa
3073 5489 3090 5518 ,
3121 5446 3480 5519 quemadmo-

1890 5538 2020 5594 dum
2052 5539 2260 5595 semina
2290 5540 2357 5596 ad
2395 5556 2585 5596 eorum
2617 5540 2887 5595 bonorum
2916 5553 3041 5609 quae
3069 5537 3215 5594 Deus
3240 5537 3476 5602 creavit,

1890 5634 2193 5704 germinum
2232 5633 2489 5690 videlicet
2522 5648 2586 5689 ac
2629 5631 2906 5688 fructuum
2936 5632 3241 5688 ubertatem
3292 5643 3357 5685 ac
3387 5642 3481 5684 co-
