3958 6448
536 431 646 488 835

1967 431 2025 489 s.
2066 432 2409 489 EPIPllA-Nll
3682 456 3757 513 ω

537 541 687 612 piam
742 542 992 597 instituta
1041 550 1190 597 sunt.
1248 541 1341 599 Sic
1389 541 1630 597 humano
1664 541 1851 611 generi
1902 542 1971 597 ad
2007 544 2135 598 illud

2247 548 2326 609 εἰς
2358 547 2420 600 τό
2448 547 2736 617 πληρῶσαι
2768 549 2851 614 τὸ,
2887 552 3258 621 Αὺξάνεσθε,
3293 556 3385 611 καὶ
3416 562 3752 634 πληθύνεσθε,

542 634 912 705 praestandum
949 653 963 689 :
993 633 1258 697 Crescite,
1295 644 1344 689 et
1388 636 1856 706 multiplicamini,
1878 646 1927 690 et
1956 638 2147 697 replete

541 726 805 792 terram‘,
840 727 1039 783 infiniti
1082 738 1211 783 sunt
1240 728 1316 782 illi
1350 729 1651 799 voluptatis
1690 728 1893 785 aculei.

611 818 883 873 Caeterum
930 820 1261 891 apocryphis
1307 821 1638 890 quibusdam
1696 821 1853 876 libris
1907 820 1984 875 uti
2025 820 2149 876 illos

540 915 884 981 accepimus;
926 926 990 967 ac
1031 915 1231 983 partim
1267 913 1433 971 etiam
1465 915 1702 984 publicis
1751 929 1816 969 ac
1866 915 2144 983 receptis,

539 1017 603 1057 ex
643 1004 845 1073 quibus
872 1019 937 1060 ea
972 1006 1090 1061 sola
1137 1005 1419 1077 deligunt,
1461 1022 1585 1077 quae
1624 1022 1725 1077 pro
1756 990 1925 1060 animi
1954 1006 2039 1061 sui
2074 1005 2144 1059 li-

540 1094 728 1150 bidine
776 1105 1117 1151 commutata
1150 1098 1572 1169 adulterataque
1604 1098 1929 1168 dcpravant.
1958 1095 2149 1151 Enim-

538 1200 671 1240 vero
707 1186 837 1241 vitis
882 1202 1232 1259 nequaquam
1262 1198 1346 1244 est
1376 1205 1406 1244 e
1437 1189 1658 1243 diabolo
1693 1171 1940 1254 consita,
1968 1200 2147 1257 neque

536 1292 604 1333 ex
654 1280 930 1349 serpentis
994 1282 1206 1335 semine
1252 1289 1584 1351 procreata,
1634 1282 1712 1334 uti
1768 1279 1929 1334 facile
1964 1281 2146 1350 quivis

536 1369 812 1440 intelligit.
856 1368 964 1436 Qui
1000 1371 1147 1426 enim
1184 1371 1299 1425 fieri
1344 1380 1529 1441 posset
1579 1370 1761 1435 istud,
1805 1385 1930 1424 cum
1961 1377 2148 1440 aperte

539 1455 795 1512 Salvator
836 1460 955 1529 ipse
986 1459 1266 1512 contraria
1298 1461 1483 1513 omnia
1524 1466 1755 1513 testetur
1798 1458 1867 1512 iis
1912 1458 2140 1513 verbis:

539 1546 665 1602 Non
696 1548 873 1607 bibam
894 1549 992 1603 hoc
1026 1549 1090 1603 de
1122 1550 1387 1619 genimine
1421 1550 1541 1603 vitis
1574 1549 1762 1613 istius,
1788 1547 1949 1603 donec
1969 1547 2146 1602 bibam

536 1640 672 1695 illud
709 1657 901 1695 navum
934 1641 990 1695 in
1026 1658 1183 1711 regno
1200 1641 1452 1694 castorum
1481 1643 1522 1695 ².
1558 1639 1623 1692 Ει
1658 1641 1917 1710 quoniam
1940 1640 2145 1697 veritas

538 1746 670 1787 suos
710 1733 911 1801 ubique
954 1732 1141 1787 radios
1202 1730 1537 1796 diffundens,
1569 1745 1670 1799 pro
1702 1746 1765 1784 ea
1805 1745 1968 1799 quam
2000 1728 2145 1784 Deus

535 1822 703 1878 habet
728 1824 1132 1878 imminentium
1162 1824 1434 1876 malorum
1462 1823 1680 1885 notitia,
1700 1837 1985 1877 sermones
2010 1837 2143 1877 suos

2254 639 2349 693 καὶ
2381 638 2741 708 πληρώσατε
2766 640 2882 709 τὴν
2917 642 3056 714 γῆν.

2320 822 2632 895 Κέχρηνται
2659 824 2717 878 δὲ
2741 826 2794 879 oi
2819 825 3055 881 τοιοῦτοι
3081 828 3178 881 καὶ
3205 829 3530 901 άποκρύφοις
3551 832 3686 900 τισὶν,
3704 836 3759 900 ὥς

2248 915 2603 985 ἀκηκόαμεν·
2642 916 2781 970 ἀλλὰ
2819 918 2913 972 καὶ
2950 919 3010 971 ἐν
3042 918 3200 991 μέρει
3228 924 3348 984 ταῖς
3379 924 3553 994 ῥηταῖς
3586 924 3759 997 βίϐλοις,

2247 1007 2644 1081 λεξιθηρῶντες
2696 1011 2884 1063 ἐκεῖνα
2951 1011 3088 1081 μόνα
3114 1052 3129 1078 ,
3190 1013 3347 1069 ἅτινα
3392 1015 3523 1070 κατᾶ
3558 1019 3635 1072 τὸν
3670 1017 3761 1074 νοῦν

2249 1101 2431 1157 αὐτῶν
2470 1100 2920 1174 παραπλέκοντες
2949 1103 3153 1175 ἑτέρως
3183 1106 3643 1178 μεταχειρίζονται.
3658 1109 3762 1165 οὔτε

2247 1194 2359 1266 γὰρ
2390 1196 2424 1265 ἡ
2480 1193 2728 1264 ἄμπελος
2783 1196 2851 1248 ἐκ
2900 1194 3150 1249 διαϐόλου
3197 1197 3546 1266 πεφύτευται,
3588 1199 3691 1253 οὗτε
3722 1202 3765 1266 ἐξ

2246 1285 2425 1355 ὄφεως
2475 1285 2601 1357 ἔσχε
2641 1285 2741 1357 τὴν
2774 1288 3008 1357 σπορὰν,
3054 1287 3131 1352 ὡς
3170 1293 3332 1342 παντί
3374 1306 3452 1361 τῳ
3480 1290 3622 1362 δῆλόν
3661 1293 3762 1347 ἐστι.

2248 1378 2374 1442 Πῶς
2406 1380 2516 1450 γάρ
2563 1381 2680 1432 ἐστι
2729 1379 2920 1445 τοῦτο;
2953 1379 3119 1434 αὐτοῦ
3162 1379 3259 1434 τοῦ
3294 1381 3494 1454 Κυρίου
3524 1386 3766 1454 ἐπιμαρτυ-

2250 1469 2491 1542 ροῦντος,
2525 1470 2619 1524 καὶ
2644 1470 2923 1539 λέγοντος,
2949 1471 3032 1524 ὅτι
3053 1472 3137 1523 οὺ
3160 1469 3249 1540 μὴ
3295 1471 3407 1524 πίω
3452 1471 3517 1524 ἐκ
3552 1471 3644 1525 τοῦ
3669 1488 3766 1541 γεγ-

2246 1562 2512 1632 νήματος
2542 1558 2654 1629 τῆς
2702 1560 2977 1628 ἀμπέλου
3021 1562 3261 1629 ταύτης,
3295 1561 3406 1626 ἕως
3432 1560 3507 1615 ἂν
3537 1556 3767 1619 alonim}

2247 1654 2460 1711 καινὸν
2485 1653 2616 1724 μεθ’
2652 1651 2821 1723 ὑμῶν
2856 1654 2928 1707 ἐν
2956 1652 3031 1721 τῇ
3058 1653 3353 1722 ,ϐασιλείᾳ
3384 1653 3500 1707 τῶν
3531 1653 3766 1722 οὐρανῶν.

2247 1747 2358 1801 Καὶ
2387 1744 2578 1816 ἐπειδὴ
2610 1744 2642 1814 ή
2671 1742 2925 1812 ἀλήθεια,
2947 1741 3047 1806 τὰς
3082 1742 3283 1807 ἑαυτῆς
3315 1743 3533 1805 ἀκτῖνας
3569 1742 3769 1795 ἀποστίλ-

2247 1837 2420 1891 ϐουσα
2458 1837 2541 1898 είς
2593 1835 2655 1888 τὸ
2704 1832 2969 1897 παντελὲς
3010 1831 3153 1886 κατὰ
3198 1831 3501 1902 πρόγνωσιν
3545 1829 3663 1883 Θεοῦ
3692 1829 3768 1883 τῶν

534 1916 604 1970 ad
634 1915 1045 1970 convincendos
1066 1931 1284 1971 errores
1303 1916 1762 1978 accommodavit,
1781 1914 1908 1971 inde
1935 1914 2135 1970 factum

2246 1926 2662 2000 ἐπιφερομένων
2702 1923 2925 1988 κακῶν,
2974 1925 3055 1987 εἰς
3087 1923 3311 1992 ἔλεγχον
3357 1921 3643 1993 προετύπου
3678 1922 3769 1986 τοὺς

532 2009 699 2080 390
718 2011 1044 2080 est,passim
1078 2017 1136 2063 ut
1167 2024 1339 2065 sacrae
1362 2008 1584 2063 Littera:
1598 2024 1790 2063 eorum
1823 2008 1918 2079 qui
1942 2016 2140 2064 contra

532 2103 817 2157 veritatem
841 2106 1190 2172 insurgerent
1210 2117 1468 2157 occasum
1488 2109 1653 2172 atque
1688 2102 1972 2156 interitum
2005 2117 2143 2172 prae-

531 2193 791 2249 dixerint.
827 2192 919 2248 Sic
947 2195 1092 2249 enim
1126 2202 1317 2265 aperte
1339 2194 1579 2264 quodam
1610 2194 1666 2248 in
1689 2193 1812 2248 loco
1845 2193 2136 2266 Dominus,

534 2300 591 2345 ut
620 2291 891 2347 infelicem
918 2292 1069 2346 illum
1094 2303 1148 2349 et
1170 2294 1529 2364 impostorem
1557 2292 1824 2351 Severum
1855 2303 2138 2364 argueret,

531 2384 699 2438 vitem
740 2398 800 2439 se
844 2400 970 2441 esse
1004 2386 1350 2456 pronuntiat.
1392 2385 1507 2457 Ego
1558 2404 1713 2454 sum,
1759 2387 1973 2456 inquit,
2016 2386 2139 2440 vitis

531 2493 653 2531 vera
687 2476 728 2531 ³.
763 2478 941 2547 Atqui.
970 2480 1016 2534 si
1045 2480 1408 2549 vituperanda
1437 2496 1667 2550 prorsus
1699 2481 1828 2536 vitis
1858 2487 2006 2535 esset
2034 2495 2137 2552 ap-

531 2570 774 2640 pellatio,
809 2587 1090 2641 nunquam
1118 2572 1285 2641 hujus
1320 2573 1386 2626 ad
1420 2589 1479 2628 se
1512 2572 1928 2628 similitudinem
1965 2579 2147 2631 trans,-

532 2658 718 2715 ferret.
791 2660 936 2726 Quin
966 2669 1020 2716 et
1052 2663 1290 2732 apostoli
1326 2663 1379 2717 in
1413 2678 1478 2718 eo
1508 2663 1647 2717 libro
1668 2701 1682 2726 ,
1710 2664 1804 2733 qui
1828 2661 2135 2729 Διάταξις,

532 2751 638 2807 hoc
666 2761 751 2809 est
788 2752 1108 2809 Constitutio
1142 2762 1391 2822 vocatur,
1433 2756 1524 2809 Dei
1558 2755 1783 2825 stirpem
1816 2769 1880 2809 ac
1908 2755 2124 2810 vineam

532 2858 657 2899 esse
707 2845 1035 2900 catholicam
1086 2847 1388 2901 Ecclesium
1424 2846 1683 2917 produnt.
1729 2845 1825 2910 Et,
1854 2847 1998 2916 quod
2021 2863 2139 2901 am-

520 2934 678 3007 plius
705 2946 788 2989 est
811 2973 826 2998 ,
871 2933 1135 2992 Dominus
1167 2937 1285 3007 ipse
1320 2952 1541 2992 rursum
1573 2938 1630 2991 in
1662 2935 1958 3008 Evangelio
1993 2937 2135 2992 idem

529 3028 837 3098 expressit,
872 3028 964 3083 ubi
996 3028 1144 3082 illam
1194 3029 1371 3084 vineae
1429 3030 1746 3101 parabolam
1797 3031 2133 3101 proposuit:

530 3119 705 3175 Homo
761 3121 984 3191 quidam
1037 3119 1447 3190 paterfamilias
1496 3122 1733 3177 habebat
1776 3123 1995 3176 vineam
2028 3140 2043 3177 :
2078 3129 2135 3175 et

466 3268 477 3275 ,
530 3214 731 3269 locavit
771 3214 919 3268 illam
955 3214 1243 3285 agricolis;
1276 3222 1331 3271 et
1362 3214 1515 3270 misit
1561 3229 1813 3285 quaerens
1858 3212 2132 3277 fructum,

526 3314 583 3358 ct
629 3319 738 3359 non
783 3304 1128 3361 dederunt‘.
1180 3303 1313 3360 ltem
1352 3324 1366 3360 :
1402 3303 1577 3358 Homo
1624 3303 1848 3375 quidam
1897 3302 2135 3374 paterfa-
2162 3285 2207 3347 ο

527 3397 711 3453 mitias
760 3398 969 3453 habens
1020 3398 1235 3452 vincam
1271 3398 1406 3453 exiit
1460 3413 1713 3467 quaerens
1764 3396 2049 3468 operarios
2079 3395 2133 3449 in

528 3489 746 3543 vineam
779 3509 793 3545 :
828 3497 883 3544 et
910 3490 1061 3544 circa
1113 3491 1335 3545 tertiam
1395 3491 1586 3546 horam
1612 3531 1627 3556 ,
1681 3499 1735 3545 et
1772 3500 1987 3544 sextam
2009 3528 2026 3554 ,
2079 3496 2134 3543 ct

529 3597 771 3651 nonam,
816 3588 873 3638 et
925 3582 1271 3637 undecimam
1302 3582 1350 3634 ⁵.
1390 3581 1460 3636 Ut
1496 3598 1565 3637 ex
1602 3582 1750 3636 omni
1788 3588 1944 3652 parte
1994 3578 2131 3634 vafri

412 3670 429 3677 “
529 3673 767 3729 hominis
801 3673 953 3729 fraus
983 3680 1038 3728 et
1089 3673 1415 3742 improbitas
1447 3673 1695 3727 veritatis
1729 3673 1978 3727 oratione
2005 3686 2134 3725 sau-

525 3769 725 3823 ciet‘ur.
766 3768 904 3822 Nam
944 3777 1006 3823 ut
1055 3768 1285 3823 absente
1340 3768 1460 3824 luce
1505 3776 1788 3838 utcunque
1832 3776 2134 3838 appareant

524 3861 803 3925 tenebrae,
856 3861 1189 3930 simulatque
1232 3860 1315 3914 vel
1357 3859 1584 3913 minima
1640 3858 1880 3913 scintilla
1929 3858 2133 3912 micare

524 3951 778 4020 cmperil,
809 3962 1149 4006 evanescunt
1178 3951 1285 4004 illm
1329 3952 1593 4004 continuo
1616 3989 1631 4012 ,
1670 3948 1999 4020 penitusque
2026 3948 2136 4005 dis-

526 4045 799 4115 sipantur.
852 4045 964 4116 Ego
998 4061 1128 4100 vero
1166 4045 1289 4099 ideo
1332 4044 1522 4099 leviter
1551 4043 1695 4097 hanc
1731 4042 1979 4098 haeresim
2009 4057 2134 4111 pcr-

525 4141 707 4205 curri,
744 4139 891 4210 quod
918 4154 1067 4204 cum,
1103 4147 1160 4193 ut
1199 4137 1359 4192 initio
1390 4137 1580 4191 monui
1607 4175 1621 4200 ,
1653 4135 1893 4190 refutatu
1924 4137 1997 4190 sit
2042 4134 2130 4189 fa-

524 4235 685 4298 cilis,
726 4249 835 4287 non
881 4246 1076 4302 magno
1128 4231 1317 4286 labore
1371 4230 1652 4286 contraria
1703 4228 1880 4298 possit
1926 4228 2130 4282 veritas

526 4326 806 4382 aliirmari.
848 4326 1075 4381 Accedit
1109 4332 1164 4379 et
1209 4323 1380 4388 illud,
1434 4323 1584 4392 quod
1624 4322 1712 4379 vel
1750 4320 1915 4375 nullae
1968 4320 2131 4375 hodie

526 4420 805 4490 supersint
848 4420 994 4473 illius
1030 4426 1195 4473 secta:
1232 4416 1507 4486 reliquiae,
1561 4414 1644 4470 vel
1695 4415 1906 4486 exiguae
1934 4413 2129 4475 admo-

526 4514 657 4568 dum
689 4512 1065 4583 superioribus
1100 4512 1156 4564 in
1191 4509 1493 4581 provinciis
1537 4509 1769 4562 relictae.

596 4605 961 4671 Quamobrem
992 4618 1093 4658 nos
1139 4617 1203 4656 ee
1232 4600 1603 4672 praetermissa
1629 4638 1645 4662 ,
1709 4598 1861 4652 velut
1902 4596 2127 4667 scorpio

526 4696 765 4766 quodam
819 4695 1003 4751 subito
1055 4694 1409 4764 proculcato,
1456 4698 1684 4744 caeteras
1717 4687 2121 4759 aggrediamur.

529 4789 635 4845 Sed
681 4788 928 4843 divinum
976 4796 1101 4841 ante
1135 4787 1319 4841 omnia
1369 4782 1774 4854 implorandum
1822 4780 2121 4847 auxilium,

525 4898 635 4954 quo
676 4889 731 4938 et
770 4896 896 4936 vera
946 4879 1226 4951 possimus
1275 4875 1492 4946 eloqui,
1547 4888 1724 4945 neque
1774 4872 1935 4927 nobis
1989 4872 2125 4942 ipsis

524 4975 704 5031 fraudi
749 4974 821 5031 sit
849 4987 1037 5028 earum
1079 4985 1283 5029 rerum,
1316 4968 1574 5025 tractatio
1595 5009 1610 5033 ,
1661 4966 1965 5036 praesertim
1998 4980 2121 5019 cum

524 5076 632 5123 tam
685 5066 952 5123 nefariam
982 5071 1037 5119 et
1074 5069 1315 5118 atrocem
1368 5058 1755 5128 pestiferorum
1801 5055 2120 5127 dogmatum

525 5155 928 5231 improbitatem
968 5155 1223 5227 persequi
1274 5153 1616 5209 studeatnus.

965 5270 1249 5329 CONTRA
1279 5268 1627 5325 TATIANOS
1642 5309 1658 5334 ,

735 5390 866 5457 Quae
918 5397 997 5443 est
1047 5386 1263 5443 hwresis
1303 5382 1499 5438 XXVI
1529 5385 1637 5438 sive
1686 5379 1892 5434 XLVI.

597 5496 634 5549 1.
671 5498 936 5555 Tatianus
971 5498 1194 5567 quidam
1244 5503 1368 5567 post
1426 5495 1549 5548 illos
1600 5493 1847 5556 exstitit,
1878 5491 1969 5559 qui
2002 5490 2119 5545 sive

524 5590 716 5641 eodum
772 5593 988 5658 penitus
1045 5599 1323 5660 tempore,
1389 5587 1546 5658 39],
1601 5588 1717 5643 sive
1771 5586 1934 5656 paulo
1994 5592 2119 5656 post

556 5762 567 5767 ί
611 5742 626 5771 ⁸
654 5742 789 5796 Gen.
835 5744 991 5808 1,28.
1065 5746 1085 5774 '
1122 5744 1311 5799 Matth.
1344 5745 1609 5805 xitvt,29.
1709 5744 1729 5775 ³
1757 5742 1914 5796 Joan.
1961 5758 2049 5805 xv,
2090 5741 2143 5795 l.

2218 5740 2242 5770 ⁸
2272 5742 2403 5796 Luc.
2440 5758 2531 5806 xx,
2561 5742 2593 5796 9
2632 5759 2755 5813 sqq.

2245 2021 2417 2091 αὐτῆς
2486 2019 2677 2086 λόγους
2735 2015 3014 2087 πανταχοῦ
3046 2031 3059 2045 ⁸
3128 2013 3496 2087 προεθέσπισε
3556 2013 3608 2067 τὸ
3666 2012 3770 2065 θεῖον

2242 2114 2481 2186 γράμμα
2502 2111 2602 2181 τὴν
2628 2110 2911 2182 ἀναίρεσιν
2932 2109 3039 2163 τῶν
3069 2108 3376 2179 μελλόντων
3407 2107 3544 2162 κατὰ
3572 2108 3656 2177 τῆς
3676 2107 3771 2176 ἁλη-

2244 2206 2394 2269 θείας
2427 2202 2813 2275 ἐπεγείρεσθαι
2837 2218 2852 2234 ο
2899 2202 2975 2265 ὡς
3002 2201 3302 2274 διαρρήδην
3332 2200 3492 2264 αὐτός
3529 2218 3621 2252 που
3646 2198 3768 2254 6K5-

2248 2314 2399 2369 ριος,
2443 2299 2521 2360 είς
2574 2295 2798 2366 ἔλεγχον
2848 2293 2943 2348 τοῦ
2989 2293 3223 2348 ἐλεεινοῦ
3280 2295 3377 2348 καὶ
3416 2292 3769 2365 πεπλανημένοι

2242 2390 2507 2460 Σευήρου,
2541 2388 2740 2457 φάσκει
2768 2386 2931 2449 αὐτὸς
2962 2384 3153 2439 ἑαυτὸν
3186 2382 3286 2456 τὴν
3325 2383 3582 2455 ἄμπελον,
3611 2383 3769 2450 λέγων’

2255 2482 2404 2551 Ἐγώ
2453 2484 2570 2550 εἰμι
2615 2480 2653 2548 ἠ
2699 2479 2973 2549 ἄμπελος
3043 2478 3082 2545 ἠ
3144 2468 3430 2544 ἀληθινή.
3479 2475 3536 2527 Εἰ
3579 2475 3629 2527 δὲ
3674 2471 3770 2534 ὅλως

2241 2573 2441 2644 ψεκτὸν
2485 2568 2554 2644 ἦν
2595 2571 2657 2624 τὸ
2697 2572 2796 2642 τῆς
2836 2568 3086 2642 ἀμπέλου
3116 2568 3310 2639 ὀνομα,
3344 2568 3446 2620 οὐκ
3486 2565 3547 2621 ἂν
3574 2564 3656 2618 τοῦ
3691 2562 3772 2616 ὀνό·

2253 2683 2422 2738 ματος
2453 2666 2531 2728 εἰς
2563 2664 2758 2718 ἐαυτὸν
2792 2664 3027 2716 ἐποιεῖτο
3062 2662 3163 2731 τὴν
3193 2660 3509 2731 ὁμοιότητα.
3547 2654 3683 2711 Ἀλλὰ
3706 2653 3772 2707 καὶ

2240 2760 2290 2812 οἱ
2320 2756 2607 2812 ἀπόστολοι
2629 2756 2741 2828 (89)
2766 2771 2931 2825 φασιν
2954 2755 3011 2806 ἐν
3036 2754 3102 2823 τῇ
3124 2751 3482 2820 Διατάξειτῇ
3503 2747 3769 2818 καλουμένῃ,

2241 2853 2323 2904 ὅτι
2354 2849 2550 2919 φυτεία
2583 2847 2720 2901 Θεοῦ
2750 2847 2845 2901 καὶ
2870 2844 3132 2916 ἀμπελὼν
3157 2845 3191 2916 ὴ
3218 2843 3487 2916 καθολικὴ
3511 2837 3769 2910 Ἐκκλησία.

2253 2943 2416 2997 Ἀλλὰ
2462 2943 2557 2997 καὶ
2589 2940 2809 3021 αὐτὸςκὸ
2862 2940 3068 3012 Κύριος
3116 2938 3282 2992 πάλιν
3308 2941 3368 2992 ἐν
3410 2937 3487 3008 τῷ
3518 2929 3772 3001 Εὐάγγελίῳ

2240 3034 2567 3107 ποιούμενος
2590 3033 2689 3105 τὴν
2709 3033 2803 3087 τοῦ
2832 3029 3157 3102 ἀμπελῶνος
3185 3029 3527 3102 παραϐολὴν,
3555 3028 3628 3080 ὅτι
3651 3021 3771 3090 ’Δνήρ

2239 3144 2324 3191 τις
2351 3125 2737 3196 οἰκοδεσπότης
2765 3123 2912 3195 εἶχεν
2945 3119 3268 3192 ἀμπελῶνα,
3301 3121 3399 3174 καὶ
3431 3119 3629 3187 ἐξέδοτο
3652 3110 3773 3168 αὑτὸν

2238 3221 2531 3291 γεωργοῖς,
2563 3217 2657 3271 καὶ
2695 3215 2908 3286 ἔπεμψε
2955 3213 3133 3286 ζητῶν
3163 3213 3406 3285 καρπὸν,
3443 3211 3534 3265 καὶ
3554 3209 3651 3263 ὀὐκ
3680 3203 3772 3258 ἐδω-

2240 3310 2362 3367 καν.
2408 3309 2687 3364 Ἀλλὰςκαὶ
2728 3308 2922 3361 πάλιν
2964 3308 3131 3378 Ἀνήρ
3163 3324 3246 3369 τις
3274 3302 3648 3372 οἰκοδεσπότης
3671 3297 3773 3367 ἔχων

2238 3402 2579 3477 ἀμπελῶνα,
2619 3400 2809 3472 ἐξῆλθε
2856 3398 3037 3470 ζητῶν
3084 3398 3329 3471 ἐργάτας
3381 3399 3462 3461 εἰς
3504 3396 3589 3449 τὸν
3636 3393 3771 3461 ἀμπε-

2237 3498 2402 3555 λῶνα.
2438 3496 2533 3551 καὶ¹
2557 3496 2649 3548 ἐπὶ
2671 3493 2860 3565 τρίτην
2886 3491 3059 3565 ῶραν,
3091 3491 3187 3544 καὶ
3229 3490 3425 3563 ἕκτην,
3453 3488 3545 3541 καὶ
3576 3485 3771 3551 ἐννάτην.

2242 3590 2336 3644 καὶ
2365 3588 2680 3659 ἑνδεκάτην.
2735 3586 2822 3650 Ὠς
2850 3584 3150 3649 ἐξάπαντος
3192 3582 3254 3635 τὸ
3296 3583 3401 3653 τῆς
3436 3576 3773 3651 ἐπιτηδεύσεως

2238 3680 2577 3754 σκευώρημα
2622 3680 2717 3733 καὶ
2765 3678 2957 3732 τούτου
2988 3675 3083 3729 τοῦ
3128 3674 3453 3755 άπατεῶνος
3495 3664 3772 3738 πανταχόθεν

2236 3776 2380 3847 ἔχειν
2406 3773 2468 3827 τὸ
2523 3771 2922 3845 τιτρώσκεσθαι
2966 3769 3109 3840 λόγῳ
3150 3767 3255 3836 τῆς
3290 3764 3569 3839 ἀληθείας.
3608 3760 3700 3814 Κᾶν
3732 3770 3773 3805 τε

2237 3869 2345 3939 γὰρ
2373 3864 2722 3935 ἐπιφαίνεται
2767 3862 2828 3915 τὸ
2876 3862 3065 3924 σκότος
3104 3861 3281 3930 φωτὸς
3329 3861 3406 3930 μὴ
3443 3848 3773 3949 παρόντος,

2234 3957 2418 4026 ὀλίγου
2442 3955 2739 4026 σπινθῆρος
2774 3955 2806 4024 ἡ
2840 3952 3004 4006 αὑτοῦ
3042 3953 3357 4021 ἀφάντωσις
3386 3951 3487 4020 τῆς
3516 3952 3774 4017 ἀνατροπῆς

2236 4049 2547 4119 γενήσεται.
2585 4045 2876 4117 Συντόμως
2909 4044 2968 4097 δὲ
2999 4044 3276 4116 κέχρημαι
3303 4045 3371 4115 τῇ
3394 4042 3620 4114 αἱρέσει,
3646 4034 3715 4090 διὰ
3732 4030 3774 4083 τὸ

2235 4139 2335 4212 ήδη
2378 4136 2651 4204 ἐξειπεῖν,
2703 4138 2785 4192 ὅτι
2837 4136 3107 4200 εὐάλωτος
3151 4136 3479 4207 ὑπάρχουσα
3512 4135 3569 4188 οὐ
3621 4125 3773 4194 πολλῆς

2234 4231 2403 4284 δεῖται
2429 4228 2715 4302 ἐργασίας,
2744 4227 2881 4301 πρὸς
2911 4228 3172 4296 σύστασιν
3200 4227 3301 4298 τῆς
3329 4229 3453 4281 κατ’
3490 4225 3648 4297 αὐτῆς
3675 4219 3775 4287 ἀλη-

2235 4320 2415 4387 θείας’
2457 4322 2694 4393 μάλιστα
2736 4320 2814 4385 δὲ,
2866 4320 2949 4373 ὅτι
2988 4321 3130 4391 τάχα
3161 4314 3319 4390 οἶμαι
3374 4319 3470 4372 καὶ
3520 4313 3695 4388 μηκέτι
3729 4310 3773 4360 ἐκ

2231 4415 2440 4486 ταύτης
2464 4415 2728 4486 ὑπάρχειν
2762 4412 2934 4477 τινάς,
2962 4411 3077 4466 ἀλλ’
3101 4413 3150 4465 εἰ
3186 4411 3295 4483 ἄρα
3324 4411 3567 4474 σπανίως
3589 4412 3641 4462 ὲν
3670 4405 3775 4458 dvrv-

2232 4509 2380 4564 τάτω
2415 4509 2656 4580 μέρεσιν.

2317 4601 2449 4655 Ἀπὺ
2498 4601 2703 4671 ταύτης
2755 4599 2812 4654 δὲ
2864 4598 3258 4672 παρελθόντες,
3324 4597 3518 4670 ὥσπερ
3566 4587 3775 4665 σκορπίον

2231 4695 2403 4749 δεινὸν
2450 4696 2941 4767 καταπατήσαντες
2987 4694 3238 4766 ἀθρόως,
3289 4692 3392 4757 τὰς
3444 4690 3569 4761 ἑξῆς
3599 4689 3774 4742 διασκο-

2236 4784 2503 4854 πήσομεν,
2538 4781 2674 4835 Θεοῦ
2704 4783 2802 4853 τὴν
2836 4781 3065 4854 δύναμιν
3106 4782 3533 4854 ἐπικαλούμενοι
3579 4779 3651 4842 εἰς
3677 4772 3774 4845 βοή·

2234 4874 2407 4942 θειαν,
2443 4875 2537 4929 τοῦ
2577 4893 2636 4929 τε
2669 4874 2730 4929 τὸ
2772 4875 2972 4946 ἀληθὲς
3013 4876 3220 4939 εἰπεῖν,
3262 4878 3359 4932 καὶ
3400 4874 3494 4929 τοῦ
3531 4872 3676 4927 αὐτὸν
3701 4864 3775 4935 ἐμὲ

2236 4968 2310 5041 μὴ
2349 4967 2706 5038 βλάπτεσθαι,
2745 4967 2982 5039 μάλιστα
3014 4968 3141 5040 περὶ
3187 4969 3287 5038 τῆς
3336 4965 3592 5036 τοιαύτης
3632 4956 3775 5023 δεινῆς

2231 5060 2652 5133 καὶοόλετηρίου
2697 5061 2805 5114 τῶν
2854 5061 3142 5131 δογμάτων
3190 5058 3455 5131 μέλλοντα
3503 5053 3773 5125 ὑποφαίνειν

2232 5152 2622 5226 κακοτροπίας.

2721 5268 2910 5322 ΚΑΤΑ
2951 5224 3300 5323 ΤΑΤΙᾸΝΩΝ

2212 5446 2219 5451 ,
2300 5380 2567 5452 Εὶκοστὴ
2608 5382 2787 5451 ἕκτη,
2832 5385 2871 5451 ή
2918 5376 3018 5437 καὶ
3060 5379 3530 5450 τεσσαρακοστῇ
3577 5376 3718 5439 ἕκτη-

2298 5495 2377 5549 A'.
2419 5493 2684 5557 Τατιανὸς
2717 5510 2803 5557 τις
2856 5494 3090 5565 ἀνέστη,
3132 5493 3353 5555 τούτους
3396 5487 3769 5569 ’διαδεξάμενξζς

2227 5585 2348 5656 ἦτοι
2393 5584 2535 5639 κατὰ
2566 5587 2692 5650 τοὺς
2738 5586 2918 5640 αὐτῶν
2962 5587 3184 5658 χρόνους
3223 5585 3318 5650 ὢν,
3362 5584 3396 5654 ἥ
3436 5581 3549 5655 μετ’
3580 5576 3768 5635 αὐτοῦς,

2836 5744 2857 5775 ⁸
2890 5742 3081 5798 Matth.
3110 5758 3201 5809 xx,
3233 5742 3256 5795 1
3290 5756 3411 5810 sqq.

600 5895 713 5966 (89)
765 5898 939 5951 Ἀλλὰ
983 5898 1079 5951 καὶ
1121 5903 1172 5953 οἱ
1221 5862 1572 5953 ἀπόστολοι.
1618 5860 1797 5953 Locus
1832 5904 2010 5953 exstat
2053 5896 2109 5951 in

2240 5894 2288 5963 Ι,
2328 5896 2363 5949 1.
2398 5913 2410 5950 ι
2442 5897 2671 5953 Constit.
