3958 6422
272 419 379 476 8H

958 416 1329 473 ADVERSUS
1366 415 1708 495 HIERESES
1749 414 1875 472 LIB.
1921 418 1961 473 1.
1995 415 2158 473 ΤΟΜ.
2198 417 2283 473 Ill.
2330 417 2604 475 HAERES.
2638 418 2822 477 XLVI.

3464 422 3562 480 851

272 534 422 588 κατὰ
448 534 700 608 διαδοχὴν
730 534 1105 605 γεννωμένων.
1129 536 1193 587 Ai
1224 534 1332 606 γὰρ
1365 529 1522 588 οὖσαι
1550 533 1743 587 πολλαὶ
1769 534 1863 588 καὶ

1977 550 2089 590 rum
2127 550 2248 605 qua:
2287 538 2643 595 successione
2688 544 3042 610 generantur.
3089 536 3254 593 Plura
3294 539 3566 611 siquidem

279 625 383 696 μία
432 628 496 679 ὲκ
547 626 646 696 τῆς
692 626 822 697 μιᾶς
870 626 1333 699 ὑπάρχουσαιηὲκ
1367 627 1465 697 τῆς
1513 625 1681 695 οὔσης
1737 628 1867 696 μιᾶς

275 717 461 780 αἰτίας
488 717 595 772 τῶν
622 716 812 770 παθῶν
839 719 854 748 ί
886 717 1280 788 εὑρεθήσονται
1304 735 1316 749 ·
1345 719 1439 771 καὶ
1464 716 1647 769 οὐκέτι
1676 716 1867 771 πολλαὶ

272 808 468 879 ἀρχαὶ,
509 808 624 863 ἀλλ’
658 810 691 880 ἢ
755 810 855 881 μία
903 811 938 880 ή
991 808 1199 863 τούτων
1241 809 1393 863 αίτία
1436 812 1718 879 γεγονυῖα·
1770 809 1867 862 καὶ

273 901 649 973 ἀναχθήσεται
714 903 892 956 πάντα
935 904 1016 966 είς
1065 902 1165 972 τὴν
1208 902 1335 973 μίαν
1382 902 1717 973 μοναρχίαν·
1771 901 1867 954 καὶ

272 995 532 1048 διέπεσεν
563 992 615 1065 ήλ
640 995 735 1048 τοῦ
767 992 1014 1047 τοιούτου
1047 991 1420 1061 πιθανολογία,
1456 994 1551 1047 καὶ
1591 994 1691 1046 οὐκ
1734 991 1867 1061 ἀλή-

274 1085 423 1149 θεια,
463 1085 589 1139 οὔτε
611 1086 710 1157 τήν
754 1085 1137 1155 πιθανολογίαν
1166 1084 1444 1156 δυναμένη
1477 1085 1640 1157 ἔχειν.
1668 1083 1866 1154 Μωρὸν

271 1177 393 1250 γὰρ
435 1177 497 1231 τὸ
528 1177 647 1232 ὅλον
697 1181 977 1250 κήρυγμα.
1018 1179 1128 1231 Καὶ
1159 1180 1207 1231 εἰ
1249 1180 1278 1232 6
1303 1179 1476 1248 Ἀδὰμ
1513 1179 1574 1230 οὑ
1612 1175 1865 1241 σώζεται,

271 1267 340 1321 τὸ
376 1269 634 1340 φύραμα,
686 1270 810 1324 οὐδέ
858 1287 912 1323 τι
958 1268 1055 1323 τοῦ
1105 1268 1427 1340 φυράματος
1472 1264 1702 1332 σώζεται
1725 1270 1766 1321 ³.
1807 1270 1868 1322 Ei

272 1360 394 1432 γὰρ
424 1365 454 1415 6
486 1362 910 1433 πρωτόπλαστος
942 1362 1038 1416 καὶ
1080 1361 1140 1427 ἐξ
1180 1361 1404 1415 ἀθίκτου
1438 1362 1541 1431 γῆς
1576 1346 1869 1430 γενόμενος

275 1454 561 1525 σωτηρίας
594 1453 657 1507 ού
688 1453 923 1526 μεθέξει,
958 1452 1076 1517 πῶς
1103 1453 1175 1511 τὰ
1214 1453 1274 1517 ἐξ
1299 1452 1465 1505 αὑτοῦ
1495 1451 1868 1524 γεγεννημένα

278 1546 502 1617 μεθέξει
529 1546 831 1619 σωτηρίας;

1950 629 2095 693 'illa,
2131 637 2185 685 et
2228 646 2437 695 unum,
2489 631 2558 686 ab
2592 645 2702 685 uno
2748 630 3027 701 profecta,
3074 633 3163 688 εὴι
3186 647 3294 688 una
3320 635 3566 690 omnium

1973 734 2172 788 causa,
2222 736 2480 778 manasse
2526 723 2891 793 reperiemus.
2941 720 3019 777 Ita
3068 737 3178 778 non
3237 723 3353 793 jam
3395 726 3567 782 multa

1971 810 2274 881 principia,
2309 812 2404 867 sed
2433 828 2598 867 unum
2634 813 2761 877 erit,
2793 829 2824 866 a
2853 829 2962 884 quo
2989 821 3187 869 cmtera
3219 814 3564 886 dependent,

1971 912 2027 957 et
2054 905 2120 960 ad
2152 905 2318 961 unius
2346 892 2636 975 imperium
2679 907 2935 963 universa
2974 907 3289 979 referentur
3324 928 3338 963 ε
3372 910 3567 981 sicque

1974 995 2139 1051 fallax
2186 1011 2250 1051 ac
2294 998 2482 1052 fucosa
2531 998 2680 1054 illius
2719 999 2900 1054 oratio
2933 1000 3221 1066 concidet,
3260 1001 3419 1056 nihil.
3444 1002 3565 1070 ipsa

1974 1087 2193 1155 quidem
2233 1088 2481 1143 veritatis
2514 1088 2748 1154 habens,
2786 1103 2850 1144 ac
2879 1090 2962 1145 vel
2994 1091 3143 1145 omni
3174 1090 3566 1161 probabilitate

1973 1178 2256 1233 destituta.
2297 1178 2476 1232 Stulta
2510 1182 2712 1251 quippe
2759 1189 2876 1236 tota
2913 1181 3030 1237 haec
3061 1190 3146 1238 est
3175 1183 3385 1253 opinio.
3423 1182 3562 1249 Nam

1972 1272 2017 1325 si
2053 1272 2299 1327 Adamus
2338 1273 2599 1328 salutem‘
2627 1273 2854 1330 minime
2897 1284 2983 1330 est
3027 1276 3296 1347 adeptus,
3337 1276 3442 1332 hoc
3478 1282 3565 1331 est

1972 1365 2091 1433 ipsa
2132 1364 2538 1434 quodammodo
2564 1365 2783 1434 generis
2822 1380 3040 1432 massa;
3090 1381 3195 1422 nec
3227 1368 3335 1422 ulla
3365 1382 3566 1423 massae

1971 1456 2138 1527 hujus
2187 1456 2458 1527 particula
2505 1459 2715 1513 servari
2770 1458 2989 1529 poterit.
3032 1456 3091 1514 Si
3132 1459 3278 1514 enim
3323 1459 3417 1531 qui
3452 1459 3566 1530 pri-

1972 1558 2113 1604 mus‘
2147 1550 2394 1603 omnium
2432 1548 2693 1604 conditus
2740 1556 2862 1613 est,
2912 1557 2969 1604 et
3013 1564 3081 1605 ex
3122 1549 3335 1619 integra
3382 1549 3563 1605 adhuc

272 1645 431 1692 terra
468 1610 763 1703 formatus,
793 1635 992 1691 salutis
1031 1635 1256 1690 minime
1284 1643 1369 1691 est
1399 1610 1707 1705 particeps,
1740 1649 1862 1705 quae
1895 1637 1964 1691 ab
1992 1639 2183 1693 eodem
2226 1647 2346 1693 orta
2387 1646 2519 1694 sunt
2549 1655 2658 1710 quo
2705 1639 2927 1695 tandem
2965 1647 3129 1711 pacto
3184 1610 3414 1696 salutem
3468 1639 3565 1694 ob-

272 1727 569 1782 tinebunt?

352 1818 429 1870 Γ’.
472 1817 626 1871 Κατὰ
648 1818 760 1889 γὰρ
797 1818 891 1871 δύο
915 1818 1151 1890 τρόπους
1189 1816 1545 1889 εὑρεθήσεται
1580 1818 1699 1871 καθ’
1733 1818 1862 1870 ἑαυα

2039 1811 2126 1864 lll.
2167 1810 2533 1876 Quamobrem
2582 1810 2801 1867 duobus
2850 1811 3030 1867 modis
3074 1826 3260 1867 secum
3307 1814 3423 1885 ipse
3453 1830 3558 1886 pu-

270 1909 378 1961 τοῦ
408 1908 613 1975 λέγων·
651 1909 848 1977 φάσκει
883 1908 992 1980 γὰρ
1040 1908 1127 1961 τὸν
1159 1911 1336 1978 γάμον
1367 1904 1506 1960 εἶναι
1548 1909 1648 1961 οὐκ
1680 1911 1745 1961 ὲκ
1773 1906 1868 1960 τοῦ

273 1998 458 2065 Θεοῦ,
507 1998 644 2052 ἀλλὰ
690 2000 950 2069 πορνείας
983 1994 1123 2052 εἶναι
1168 1999 1330 2052 αὑτὸν
1389 2000 1484 2051 καὶ
1529 1999 1733 2070 μύσος,
1776 2001 1872 2052 καὶ

275 2090 477 2143 ἑαυτὸν
511 2091 690 2160 γάμου
722 2091 1060 2162 ὑπάρχοντα,
1094 2090 1189 2143 καὶ
1220 2091 1283 2142 ἐκ
1319 2091 1577 2156 γυναικὸς
1608 2107 1869 2159 γεγεννη-

280 2182 471 2253 μένον,
494 2184 587 2236 καὶ
607 2185 671 2234 ὲκ
703 2183 912 2253 σπορᾶς
935 2183 1145 2254 ἀνδρῶν
1169 2186 1389 2254 ἡγεῖται
1419 2182 1706 2248 σώζεσθαι.
1731 2186 1795 2237 Ἀ
1806 2202 1872 2255 ρα

273 2270 379 2329 οὖν
408 2274 568 2328 πάλιν
610 2274 835 2327 ἀνέλυσε
877 2275 976 2345 τὴν
999 2274 1163 2328 αὑτοῦ
1194 2274 1332 2327 κατὰ
1361 2273 1456 2328 τοῦ
1499 2275 1677 2345 γάμου
1707 2275 1873 2345 βλασ-

277 2367 518 2438 φημίαν.
548 2367 610 2420 Εί
632 2367 739 2437 γὰρ
795 2360 951 2429 οὗτος
981 2369 1044 2419 ἐκ
1072 2366 1265 2436 γάμων
1297 2367 1558 2437 ὑπάρχων
1588 2369 1866 2439 σωτηρίαν

276 2456 419 2522 ἔξει,
445 2458 553 2530 ἄρα
593 2457 654 2510 ού
703 2457 978 2528 βδέλυγμα
1004 2460 1033 2510 6
1065 2458 1263 2527 γάμος,
1296 2459 1326 2510 6
1366 2457 1573 2526 γεννῶν
1604 2460 1743 2521 ’τοὺς
1775 2460 1875 2529 τῆς

281 2551 563 2619 σωτηρίας
597 2549 944 2620 μετέχοντας,
975 2550 1074 2620 οἵῳ
1111 2550 1154 2602 δ’
1180 2549 1244 2603 ἂν
1281 2550 1426 2603 θέλοι
1454 2552 1641 2620 τρόπῳ
1669 2550 1871 2619 λέγειν.

280 2642 354 2693 Εἰ
388 2641 442 2691 δὲ
471 2642 700 2711 συσταίη
737 2643 856 2693 κατ’
884 2641 1064 2693 αὐτῶν
1088 2642 1264 2710 λόγος,
1296 2642 1418 2693 Ὅτι
1448 2642 1705 2712 ἀθέμιτός
1728 2645 1874 2696 ἐστιν

278 2733 310 2783 6
350 2732 562 2801 γάμος’
613 2732 721 2802 ἄρα
772 2733 971 2801 μᾶλλον
1000 2735 1028 2785 6
1079 2733 1250 2802 Ἀδὰμ
1294 2734 1619 2804 σωθήσεται,
1657 2735 1729 2805 μὴ
1767 2736 1875 2789 ἀπὸ

170 2870 177 2873 .
278 2826 466 2894 γάμου
505 2823 857 2895 ὁρμώμενος.
895 2825 1009 2877 ἀλλ’
1059 2828 1118 2879 ἐν
1153 2827 1294 2897 χειρὶ
1343 2827 1557 2897 Πατρὸς
1603 2829 1694 2881 καὶ
1744 2828 1872 2880 Υἱοῦ

279 2917 386 2970 καὶ
418 2917 571 2983 ἁγίου
604 2916 920 2988 Πνεύματος
946 2918 1348 2989 πεπλασμένος,
1375 2920 1516 2972 κατὰ
1542 2920 1601 2972 τὸ
1630 2938 1875 2991 γεγραμ-

284 3007 455 3077 μένον
477 3008 496 3038 ⁸
530 3009 622 3060 ὑπ’
662 3009 828 3062 αὑτοῦ
860 3009 954 3061 τοῦ
994 3010 1149 3076 ἁγίου
1184 3011 1400 3081 Ila-apo;
1430 3011 1565 3082 πρὸς
1605 3011 1695 3065 τὸν
1724 3012 1869 3078 Υἱὸν,

277 3100 373 3152 ὅτι
412 3086 764 3167 Ποιήσωμεν
803 3099 1120 3166 ἄνθρωπον
1165 3102 1290 3152 κατ’
1328 3089 1544 3152 ⁵εἰκόνα
1581 3101 1875 3170 ἡμετέραν

278 3192 386 3245 καὶ
417 3193 543 3246 καθ’
594 3192 897 3260 ὁμοίωσιν.
929 3192 1053 3254 Πῶς
1099 3192 1155 3244 δὲ
1204 3191 1268 3244 ού
1302 3190 1534 3255 σώζεται
1562 3195 1590 3245 6
1623 3193 1809 3264 ’Λδὰμ,
1845 3198 1873 3247 ὁ
1903 3179 1942 3231 (ἶ

279 3279 441 3350 παρὰ
493 3281 577 3334 σοὶ
637 3282 1108 3353 ὰπελπιζὸμενος,
1166 3286 1328 3337 ὁπότε
1379 3284 1541 3347 αὐτὸς
1590 3287 1618 3336 ὁ
1670 3284 1873 3353 Κύρπις

282 3372 447 3444 ἡμῶν
467 3374 675 3445 Ἰησοῦς
708 3376 965 3446 Χριστὸς,
997 3375 1164 3427 ἐλθὼν
1193 3375 1376 3437 εἰςτὸν
1404 3375 1629 3445 κόσμον,
1649 3378 1875 3444 νεκροὶς

282 3468 430 3541 μετὰ
463 3469 563 3540 τὴν
606 3469 861 3539 τελευτήν
894 3470 1099 3540 ἐγείρει
1136 3472 1193 3522 ἐν
1230 3469 1379 3538 αὐτῷ
1420 3468 1497 3538 τῷ
1532 3467 1767 3538 σώματι,
1801 3469 1874 3528 ὡς

276 3561 380 3629 τὸν
408 3557 679 3629 Λάζαρον,
720 3561 813 3611 καὶ
840 3559 953 3611 υἱὸν
986 3561 1083 3628 τῆς
1114 3561 1306 3628 χήρας,
1344 3557 1440 3610 καὶ
1465 3556 1565 3627 τὴν
1600 3556 1876 3627 θυγατέρα

275 3648 379 3701 τοῦ
399 3648 874 3719 Ἀρχισυναγώγου
900 3668 913 3714 ;
940 3651 1051 3702 Καὶ
1077 3652 1124 3701 εἰ
1147 3649 1309 3711 αὑτὸς
1336 3648 1436 3700 οὑκ
1454 3644 1522 3719 ἦν
1551 3648 1579 3699 6
1598 3647 1688 3701 τὸν
1705 3647 1877 3718 Ἀδὰμ

280 3736 502 3799 πλάσας
547 3739 612 3789 ἐκ
658 3737 782 3813 χοὸς
830 3738 924 3789 ἀπ’
980 3737 1195 3807 ἀρχῆς,
1258 3736 1376 3799 πῶς
1425 3736 1634 3797 πτύσας
1703 3738 1876 3806 χαμαὶ

278 3829 513 3899 ἐποίησε
556 3829 749 3900 πηλὸν,
787 3831 881 3883 καὶ⁹
906 3830 1131 3881 ἐπέθετο
1152 3830 1247 3882 ἐπὶ
1277 3829 1402 3889 τοὺς
1443 3827 1752 3899 ὀφθαλμοὺς
1782 3828 1875 3881 τοῦ

279 3916 493 3987 τυφλοῦ
523 3918 617 3972 τοῦ
652 3920 717 3971 ὲκ
748 3919 994 3989 γενετῆς,
1021 3918 1117 3972 καὶ
1147 3918 1404 3989 ἐποίησεν
1427 3918 1590 3971 αὐτὸν
1623 3918 1873 3988 βλέπειν;

281 4014 411 4067 ’Ἱνα
445 4013 591 4085 δείξῃ
628 4013 821 4067 ἑαυτὸν
848 4012 945 4084 μὲν
978 4008 1117 4066 εἶναι
1141 4013 1232 4066 τὸν
1257 4012 1510 4082 Πλάστην
1539 4012 1636 4065 σὺν
1663 4011 1741 4081 τῷ
1766 4013 1879 4064 Πα-

279 4109 381 4179 τρ¹ι
405 4108 501 4161 καὶ
527 4105 608 4178 τῷ
635 4106 781 4177 ἁγίῳ.
802 4104 1102 4174 Πνεύματι,
1135 4105 1231 4157 καὶ
1264 4103 1325 4156 τὸ
1362 4102 1579 4165 ἐλλιπὲς
1612 4103 1776 4174 μέρος
1819 4103 1876 4154 ὲν

281 4197 370 4269 τῷ
392 4198 500 4251 άπὸ
544 4198 768 4268 γενετῆς
793 4195 1178 4267 γεγεννημένῳ
1217 4193 1405 4264 τυφλῷ
1432 4195 1523 4248 διὰ
1562 4194 1655 4247 τοῦ
1701 4193 1875 4265 πηλοῦ

283 4289 605 4361 προστιθεὶς
636 4288 715 4359 τῷ
740 4288 979 4341 λείποντι
1008 4286 1185 4358 τόπῳ·
1243 4284 1580 4357 διορθώσεως
1611 4285 1720 4357 γὰρ
1758 4284 1877 4338 ἓνε-

281 4399 387 4437 κεν
423 4380 517 4434 τοῦ
562 4381 842 4444 λείποντος
874 4381 1073 4450 μέρους
1107 4377 1357 4448 φαίνεται
1394 4376 1553 4430 τοῦτο
1583 4376 1878 4445 πεποιηκέ-

1985 1910 2116 1973 gnat
2146 1918 2159 1954 :
2191 1900 2337 1970 quod
2371 1908 2426 1954 et
2460 1901 2682 1969 nuptias
2726 1902 2940 1955 auctori
2980 1900 3092 1956 Deo
3123 1903 3442 1959 tribuendas
3476 1921 3572 1960 ne-

1974 2002 2100 2060 gat,
2143 2008 2345 2061 easque
2389 1991 2656 2061 ﬂagitium
2707 2000 2762 2047 et
2809 1992 3141 2048 adulterium
3186 1996 3465 2063 nominat,
3519 2008 3575 2054 et

1972 2066 2212 2153 seipsum
2258 2082 2616 2137 nihilominus
2659 2099 2690 2138 e
2742 2084 2972 2138 muliere
3008 2093 3337 2154 prognatum
3400 2098 3567 2157 atque

1973 2193 2037 2230 ex
2078 2176 2224 2230 virili
2278 2183 2403 2229 satu
2461 2184 2810 2244 procreatum
2864 2177 3077 2241 servari
3112 2191 3278 2247 posse
3318 2178 3570 2235 conlidit.

1972 2268 2092 2335 Qua
2127 2268 2345 2338 quidem
2381 2269 2593 2321 ratione
2632 2269 2870 2338 priorem
2912 2269 3063 2322 illam
3087 2308 3102 2333 ,
3153 2284 3319 2339 quam
3362 2271 3574 2341 nuptiis

1976 2361 2334 2430 imposuerat,
2372 2360 2762 2414 contumeliam
2793 2361 3038 2415 rescidit.
3073 2359 3130 2414 Si
3163 2361 3309 2415 enim
3341 2362 3434 2416 ille
3457 2361 3575 2431 ipse

1977 2456 2249 2524 originem
2301 2453 2524 2507 trahens
2569 2467 2598 2503 ιι
2642 2452 2851 2521 nuptiis
2910 2452 3143 2505 salutem
3190 2452 3571 2522 consequitur,

1977 2562 2087 2600 non
2116 2546 2285 2615 igitur
2328 2542 2667 2619 detestanda;
2705 2549 2835 2597 sunt
2887 2543 3123 2612 nuptias,
3179 2557 3302 2612 qua:
3349 2558 3448 2597 eos
3494 2544 3576 2612 gi-

1973 2648 2181 2707 gnant,
2222 2637 2422 2707 quibus
2478 2637 2627 2689 salus
2686 2635 2974 2717 tribuenda
3025 2635 3130 2701 sit,
3186 2651 3576 2707 quamcunque

1977 2738 2186 2798 partem
2207 2730 2425 2798 eligant.
2441 2728 2598 2793 Quod
2623 2729 2665 2782 si
2682 2743 2808 2782 vera
2829 2729 2899 2782 sit
2917 2728 3236 2783 earumdem
3256 2730 3530 2785 sententia
3549 2769 3565 2793 ,

1978 2825 2050 2879 Ut
2074 2826 2279 2878 illicitae
2307 2826 2417 2878 sint
2440 2826 2646 2893 nuptiae
2672 2841 2684 2890 ;
2710 2832 2861 2878 tanto
2899 2825 3074 2894 magis
3095 2825 3365 2880 Adamum
3394 2826 3573 2896 ipsum

1977 2931 2077 2986 par
2106 2924 2192 2971 est
2231 2917 2429 2971 salutis
2458 2927 2766 2985 compotem
2798 2917 2934 2980 ﬁeri,
2971 2918 3063 2986 qui
3107 2918 3275 2974 nullis
3304 2934 3575 2992 propaga-

1975 3014 2067 3064 tus
2097 3009 2349 3079 nuptiis,
2430 3007 2612 3063 Patris
2667 3023 2729 3061 ac
2768 3006 2929 3071 Filii,
2984 3015 3037 3063 et
3098 3007 3338 3079 Spiritus
3389 3010 3572 3065 sancti

1980 3118 2144 3157 manu
2191 3110 2277 3155 est
2330 3096 2541 3155 efﬁctus
2575 3119 2585 3151 :
2623 3099 3087 3168 quemadmodum
3150 3100 3433 3172 Scriptura
3485 3108 3570 3158 te-

1980 3204 2180 3259 statur,
2208 3195 2451 3267 cum_ita
2490 3192 2651 3246 Pater
2697 3190 2893 3245 Filium
2936 3193 3223 3262 alloquens
3263 3194 3569 3250 introduci-

1979 3297 2067 3340 tur
2104 3306 2117 3340 :
2155 3287 2443 3339 Faciamus
2470 3285 2731 3338 hominem
2751 3283 2820 3337 ad
2854 3285 3133 3354 imaginem
3173 3294 3222 3340 et
3250 3286 3569 3341 similitudi-

1980 3395 2095 3430 nem
2125 3387 2361 3431 uostram
2396 3377 2437 3427 ⁵.
2464 3376 2566 3441 Qui
2606 3390 2770 3445 porro
2799 3378 3058 3429 convenit
3085 3376 3378 3442 Adamum,
3402 3393 3567 3448 quem

1977 3468 2138 3547 393
2168 3483 2264 3538 pro
2282 3468 2573 3537 desperato
2587 3468 2777 3528 habcs,
2799 3483 2827 3519 τι
2842 3467 3016 3521 salute
3035 3468 3271 3522 alienum
3288 3484 3429 3533 esse,
3447 3486 3573 3525 cum

1979 3559 2245 3614 Dominus
2260 3559 2376 3628 ipse
2388 3568 2577 3613 noster
2592 3556 2751 3613 Jesus
2775 3558 3051 3626 Christus,
3071 3560 3125 3613 in
3145 3559 3290 3614 hunc
3309 3561 3575 3617 mundum

1978 3650 2233 3715 veniens,
2278 3649 2390 3704 vita
2440 3648 2555 3720 jam
2590 3649 2881 3704 defunctos
2905 3649 3155 3705 homines
3191 3664 3421 3720 corpore
3451 3651 3574 3721 ipso

1980 3742 2261 3796 suscitarit
2288 3781 2302 3804 ,
2359 3741 2439 3794 nti
2483 3739 2754 3795 Lazarum
2787 3741 2841 3804 °,
2903 3756 2968 3795 ac
3025 3740 3398 3809 viduaeililium
3429 3741 3473 3808 ⁷,
3514 3750 3570 3797 et

1982 3832 2277 3902 Synagogae
2307 3832 2569 3901 principis
2602 3833 2766 3887 tiliam
2800 3833 2859 3885 9?
2887 3831 3023 3885 Nam
3056 3833 3103 3887 si
3135 3831 3183 3888 is
3223 3846 3569 3902 nequaquam

1978 3924 2246 3977 Adamum
2279 3925 2438 3978 initio
2480 3925 2549 3978 de
2581 3934 2727 3979 terra
2762 3924 3087 3989 formasset,
3128 3939 3228 3978 cur
3253 3923 3307 3977 in
3349 3923 3575 3978 humum

1979 4016 2253 4085 despuens
2287 4014 2461 4067 lutum
2509 4014 2754 4078 faceret,
2790 4014 3021 4083 ejusque
3068 4013 3160 4081 qui
3197 4027 3376 4068 caecus
3414 4024 3575 4068 natus

1980 4106 2157 4160 fuerat
2207 4106 2385 4160 oculis
2442 4106 2715 4170 illinerct,
2771 4106 2936 4174 eique
2989 4105 3168 4160 visum
3233 4104 3576 4159 redderet'?

1979 4194 2098 4260 Quo
2120 4193 2305 4261 'facto,
2351 4194 2706 4249 Conditorem
2755 4210 2815 4249 se
2835 4208 2959 4248 esse
3001 4207 3126 4246 cum
3159 4191 3321 4247 Patre
3349 4207 3414 4247 ac
3456 4191 3577 4264 Spi-

1979 4285 2087 4339 ritu
2118 4291 2311 4339 sancto
2336 4282 2631 4338 manifeste
2658 4282 2981 4346 declaravit,
3006 4295 3131 4334 cum
3161 4287 3370 4351 partem
3398 4279 3571 4346 illam,

1981 4390 2102 4445 quae
2137 4389 2282 4429 caeco
2320 4380 2451 4427 nato
2484 4374 2674 4428 deerat
2695 4415 2708 4437 ,
2736 4388 2965 4440 asperso
2996 4372 3131 4437 luto,
3169 4370 3420 4426 mutilato
3443 4385 3571 4424 cor-

282 4492 402 4529 ναι.
432 4474 495 4527 Εἰ
523 4475 581 4527 δὲ
605 4473 768 4528 πάλιν
802 4472 964 4535 αὐτός
987 4473 1134 4525 ἐστιν
1161 4473 1189 4524 6
1215 4469 1418 4541 Κύριος
1449 4468 1620 4539 Ἀδὲιμ
1645 4467 1872 4534 πλάσας,

1980 4466 2131 4541 poris
2189 4465 2435 4520 membro
2489 4465 2765 4531 restituit;
2818 4471 2877 4517 nt
2920 4464 3065 4518 enim
3125 4477 3378 4517 mancum
3421 4461 3572 4518 istud

282 4567 390 4621 καὶ
414 4565 576 4619 αὑτὸν
596 4566 690 4620 τὸν
713 4562 1139 4637 πρωτόπλοιστον
1159 4560 1436 4622 ἀπολλύει,
1455 4562 1579 4623 τοὺς
1598 4559 1654 4612 δὲ
1680 4558 1872 4620 ἄλλους

1978 4558 2285 4614 membrum
2314 4558 2615 4624 corrigeret
2641 4598 2655 4622 ,
2688 4557 2793 4611 hoc
2822 4556 3003 4626 egisse
3031 4554 3267 4610 videtur.
3291 4552 3409 4609 Jam
3440 4569 3572 4611 vero

284 4658 479 4725 σώζει,
506 4656 550 4714 ὧ
576 4658 744 4729 πολλή
782 4674 874 4711 σου
912 4653 1376 4727 ματαιοφροσύνη,
1414 4652 1679 4706 Τατιανέῐ
1719 4652 1873 4705 ’Λδυ-

278 4753 493 4821 ναμίαν
523 4751 633 4823 γὰρ
658 4750 738 4820 τῷ
762 4748 952 4821 Κυρίῳ
982 4747 1124 4802 κατὰ
1155 4747 1384 4816 δύναμιν
1416 4746 1772 4816 προσάπτεις,
1797 4742 1874 4813 τῷ

279 4846 572 4916 δυναμένῳ
608 4844 698 4897 τὸν
732 4842 1158 4914 πρωτόπλαστον
1201 4839 1390 4903 αὑτοῦ,
1427 4837 1515 4891 διὰ
1536 4837 1667 4907 μίαν
1695 4852 1875 4908 παρα-

280 4938 427 5008 κοὴν
465 4935 868 5007 ἐκϐεϐλημένον
900 4932 995 4985 τοὺ
1027 4932 1382 5003 παραδείσου,
1415 4931 1508 4983 καὶ
1534 4928 1783 5009 παιδείας
1812 4926 1874 4980 οὑ

278 5030 392 5100 τῆς
447 5028 715 5099 τυχούσης
753 5025 1125 5097 μετασχόντα,
1162 5025 1219 5075 ὲν
1281 5022 1465 5093 ἱδρῶτι
1502 5023 1596 5075 καὶ
1645 5021 1879 5092 καμάτῳ

172 5154 181 5159 ι
278 5116 734 5183 διατετελεκότα,
771 5116 867 5169 καὶ
901 5114 1192 5166 κατέναντι
1233 5111 1327 5164 τοῦ
1374 5111 1705 5180 παραδείσου
1745 5127 1876 5163 κατ-

280 5209 568 5284 ῳκηκότα,
598 5209 746 5271 ὅπως
788 5203 1117 5277 μνημονεύοι
1155 5202 1253 5273 τῆς
1297 5203 1507 5272 ἀγαθῆς
1554 5201 1641 5254 διὰ
1671 5202 1770 5272 τῆς
1802 5203 1881 5263 εἰς

286 5303 517 5376 μνήμην
576 5299 866 5371 μετανοίας
919 5297 1147 5362 σώζεινο
1206 5294 1240 5366 ἢ
1292 5294 1575 5364 δυναμένῳ
1616 5293 1745 5364 μὲν,
1805 5292 1879 5364 μὴ

282 5392 536 5448 ἐλεοῦντι
569 5392 649 5445 δέ.
686 5390 763 5443 Δι’
791 5389 857 5459 ήν
890 5387 984 5441 τοῦ
1013 5387 1108 5441 νῦν
1137 5386 1317 5439 αἰτίαν
1341 5384 1364 5415 ⁸
1393 5386 1522 5455 ἄχρι
1562 5383 1669 5436 τῶν
1712 5400 1880 5437 κατα·

282 5485 524 5558 χθονίων
555 5482 792 5555 Χριστὸς
822 5478 1086 5549 κατῆλθε;
1122 5478 1243 5531 Τίνι
1272 5475 1351 5547 τῷ
1381 5475 1526 5545 λόγῳ
1555 5474 1616 5526 τὸ
1643 5474 1766 5544 τριή
1779 5490 1876 5544 με-

288 5594 392 5652 ρον
425 5576 708 5646 κοιμηθεὶς
741 5570 1029 5633 πεπονθὼς
1062 5570 1259 5638 ἀνέστη
1286 5585 1300 5634 ;
1323 5566 1448 5629 Πῶς
1474 5567 1529 5618 δὲ
1553 5564 1876 5636 πληροῦται,

368 5734 382 5766 ¹
409 5730 470 5786 F.
500 5733 739 5786 πάντων.

281 5804 419 5863 τινα
440 5803 498 5857 δὲ
526 5802 726 5855 αἰτίαν.

700 5900 970 5960 ΡΑτιιοι..
1012 5895 1131 5956 Gn.
1166 5893 1330 5956 XLI.

852 5730 871 5760 ¹
909 5727 1067 5782 Deest
1106 5726 1392 5794 repetitum
1455 5725 1515 5776 οὑ
1571 5720 1822 5788 σώζεται,
1847 5738 1872 5774 ι

1980 5736 2064 5792 eg.
2093 5720 2154 5773 οὐ
2193 5719 2257 5794 δέ
2290 5717 2723 5794 τὸ-φυράματος,

874 5798 895 5829 ³
920 5798 1055 5851 Gen.
1086 5812 1123 5861 ι,
1165 5788 1255 5850 96.
1338 5798 1355 5824 "
1381 5794 1540 5849 Joan.
1575 5810 1653 5861 XI,
1680 5794 1768 5847 45.
1845 5794 1864 5824 τ

1977 5788 2037 5847 οἱ
2055 5807 2156 5858 vn,
2185 5791 2272 5845 14.
2352 5792 2375 5823 ⁸
2411 5788 2583 5845 Marc.
2613 5806 2668 5856 ν,
2703 5788 2791 5845 it.

1977 4647 2025 4703 si
2062 4648 2333 4703 Adamum
2378 4645 2645 4703 Dominus
2692 4647 2810 4716 ipse
2854 4645 3177 4711 fabricavit,
3227 4659 3290 4700 ac
3332 4634 3571 4715 primum

1977 4737 2112 4791 illud
2158 4752 2320 4793 suum
2355 4752 2498 4807 opus
2529 4736 2891 4792 nihilominus
2928 4737 3295 4804 exterminat,
3325 4736 3456 4791 dum
3489 4750 3571 4792 re-
3646 4779 3657 4789 .

1975 4831 2158 4903 liquos
2185 4831 2403 4886 interim
2439 4838 2655 4899 servat;
2684 4838 2892 4900 quanta
2922 4830 3061 4894 hac,
3094 4828 3324 4884 Tatiane
3350 4867 3366 4893 ,
3399 4828 3576 4884 stulti-

1981 4924 2054 4978 tia
2087 4924 2207 4979 est!
2237 4922 2675 4977 imbecillitatem
2703 4922 2847 4978 enim
2872 4921 3104 4975 Domino
3132 4930 3394 4990 quantum
3426 4919 3483 4973 in
3514 4926 3571 4974 te

1986 5024 2072 5071 est
2100 5013 2346 5084 amngis;
2372 5014 2467 5084 qui
2507 5028 2633 5068 cum
2684 5012 2963 5068 hominem
2983 5053 2998 5077 ,
3027 5027 3190 5081 quem
3225 5019 3352 5066 ante
3381 5026 3573 5067 omnes

1984 5108 2301 5170 ellinxerat,
2337 5107 2408 5160 ob
2442 5105 2666 5161 unicum
2684 5105 2869 5159 violati
2910 5104 3155 5158 mandati
3186 5104 3396 5158 crimen
3422 5118 3454 5158 c
3482 5118 3572 5172 pa-

1986 5198 2170 5253 radiso
2223 5196 2545 5267 depulsum,
2609 5210 2709 5249 nec
2764 5193 3029 5249 mediocri
3095 5192 3575 5248 animadversione

1987 5291 2349 5360 castigatum,
2388 5296 2447 5343 ut
2492 5293 2706 5341 aetatem
2757 5300 2914 5340 suam
2952 5293 3216 5354 perpetuo
3259 5281 3462 5340 sudore
3510 5298 3574 5340 ac

1984 5381 2176 5436 labore
2222 5379 2555 5448 transigeret
2578 5416 2594 5441 ,
2636 5382 2802 5446 atque
2830 5390 2861 5430 e
2890 5373 3132 5445 paradisi
3164 5373 3388 5444 regione
3412 5374 3575 5445 dege-

1985 5480 2097 5537 ret,
2139 5487 2249 5542 quo
2280 5487 2346 5526 ex
2375 5469 2551 5524 felicis
2577 5466 2840 5523 domicilii
2870 5466 3256 5522 recordatione
3282 5467 3575 5522 vehemen-

1984 5571 2067 5619 ter
2089 5579 2216 5618 eum
2270 5562 2591 5633 paeniteret;
2622 5560 2790 5626 hunc,
2825 5560 3072 5631 inquam,
3101 5572 3322 5614 servare
3344 5559 3571 5614 minimo

2840 5717 2862 5749 ³
2880 5715 2946 5790 F.
2970 5716 3280 5790 εἰρημένον.
3359 5714 3380 5746 ⁸
3402 5712 3461 5769 F.
3484 5712 3574 5767 διὰ

2868 5791 2889 5821 ⁵
2918 5787 3076 5843 Joan.
3101 5787 3192 5850 ix,
3232 5787 3259 5840 1
3285 5801 3405 5855 sqq.

3228 5880 3311 5940 27
