3958 6438
492 407 598 463 843
1918 402 1976 456 S.
2020 399 2077 454 El

2183 399 2369 454 HANII
2564 356 2579 363 ’
3639 408 3719 464 3“

491 520 758 594 potuerit,
808 531 901 575 aut
950 529 1007 574 ut
1042 516 1760 589 potuerit,misericordiam
1795 516 1844 569 ei
1880 516 2077 570 nullam

2194 517 2318 571 "Ira
2344 516 2444 568 καὶ
2489 514 2721 583 νεκρῶν
2758 517 2856 570 καί
2898 515 3128 577 ζώντων
3159 518 3439 586 κυριεύσῃ
3459 534 3475 581 ;
3510 518 3719 574 Ποίωνδὲ

492 574 826 671 adbibueiit.
868 611 1009 679 Quid
1042 574 1201 668 ⁸ριιὶηι
1237 574 1420 664 causa:
1454 607 1554 663 fuit
1594 625 1694 693 cur
1729 608 1984 663 Christus
2017 608 2077 662 ad

2192 606 2410 671 ζώντων
2444 607 2539 660 καὶ
2578 607 2810 681 νεκρῶν,
2839 607 2954 662 ἀλλ’
2987 610 3020 680 ἢ
3064 608 3173 660 τῶν
3203 574 3503 680 χρηιζόντων
3538 609 3622 681 τῆς
3648 574 3749 665 mi-ﬁ

492 704 700 761 inferos
748 718 922 775 usque
976 700 1376 767 descenderet;
1432 707 1545 754 aut
1586 688 1767 754 triduo
1837 700 2077 769 sepultus

2191 698 2284 752 τοῦ
2313 698 2427 753 ἄνω
2462 698 2559 753 καὶ
2590 700 2743 753 κάτω
2770 701 3126 772 ἐπικουρίαςς
3161 701 3285 765 Πῶς
3315 702 3371 755 δὲ
3395 701 3537 755 ἔσται
3558 704 3619 754 τὰ
3637 688 3743 756 tier

492 806 619 867 post
684 796 998 867 passionem
1047 793 1405 864 resurgeret?
1435 791 1539 858 Qui
1576 807 1742 862 porro
1793 791 1939 847 istud
1977 792 2077 845 im-

2193 792 2517 864 φυρὰματος
2544 791 2696 861 ἅγια,
2725 794 2772 845 εί
2798 793 2931 846 αὐτὸ
2966 793 3028 847 τὸ
3052 792 3281 864 φύραμα
3301 795 3396 847 οὐκ
3419 793 3557 846 ἐστιν
3581 794 3726 863 ἅγιον,

492 886 668 956 pietur
705 905 719 939 :l
755 883 819 940 dt
861 884 1085 940 mortuis
1123 885 1352 954 vivisque
1393 883 1692 937 dominetur
1735 881 1793 936 ‘?
1820 881 1922 948 Qui
1955 889 2077 937 sunt

2192 884 2267 948 ὡς
2302 883 2395 937 καὶ¹
2428 883 2580 955 παρὰ
2607 882 2684 953 τῷ
2709 884 2850 955 ἁγίῳ
2866 884 3175 955 ’Δποστόλῳ
3202 885 3496 956 ἐμφέρεται
3521 928 3534 950 ,
3561 885 3727 939 Φάσκει
3781 876 3791 903 ¹

493 978 599 1033 vivi
631 978 707 1034 illi
739 977 1078 1047 mortuique,
1108 976 1215 1032 nisi
1239 975 1330 1046 qui
1363 982 1475 1031 tam
1524 972 1668 1029 infra
1703 989 1867 1045 quam
1917 989 2077 1042 supra

2193 974 2303 1046 γὰρ
2344 975 2438 1029 καὶ
2466 976 2597 1047 περὶ⁵
2630 974 2774 1040 Εὔας
2808 976 2837 1028 ὁ
2886 976 3048 1040 αὐτὸς
3080 976 3395 1041 ἀπόστολος,
3457 979 3533 1032 ὅτι
3561 976 3723 1045 soon-

492 1082 693 1128 terram
724 1086 828 1142 ope
853 1071 1001 1127 illius
1030 1069 1393 1142 indigebant?
1431 1067 1671 1125 Possunt
1705 1084 1832 1123 vero
1861 1084 1983 1138 qua:
2010 1084 2077 1121 ex

2186 1081 2356 1121 σεται
2412 1067 2511 1121 διὰ
2566 1065 2676 1134 τῆς
2732 1069 3147 1137 τεκνογονίας,
3204 1068 3312 1121 ἐὰν
3369 1069 3639 1138 μείνωσιν
3677 1050 3743 1121 ἐν¹

491 1178 671 1217 massa
712 1162 802 1216 illa
837 1163 1095 1233 decerpta
1142 1169 1271 1215 sunt
1322 1175 1446 1216 esse
1499 1166 1688 1215 saneta
1715 1198 1730 1221 ,
1759 1159 1864 1213 nisi
1896 1172 2077 1233 massa

2186 1159 2385 1212 πίστει
2417 1158 2517 1213 καὶ
2549 1157 2929 1227 δικαιοσύνῃ.

490 1259 604 1327 ipsa
635 1258 710 1313 sit
739 1265 929 1313 sancta
952 1299 967 1323 ,
999 1264 1059 1311 ut
1084 1256 1226 1325 apud
1254 1265 1504 1310 sanctum
1541 1255 1864 1326 Apostolum
1897 1253 2165 1324 legimus?
2191 1251 2296 1318 Qui
2325 1254 2394 1310 de
2454 1252 2565 1308 Eva
2600 1254 2833 1324 loquens
2867 1274 2878 1308 :
2914 1244 3243 1319 Saluabitur,
3294 1253 3488 1323 inquit,
3527 1268 3610 1321 per
3632 1252 3734 1307 libe-

488 1367 674 1405 rorum
720 1350 1148 1421 generationem;
1180 1348 1226 1401 si
1254 1348 1309 1400 in
1342 1345 1447 1417 [ida
1476 1363 1537 1400 ac
1556 1344 1781 1415 justitia
1810 1345 2199 1414 prrmanserint
2230 1345 2262 1400 '.

556 1441 648 1495 IV.
700 1440 992 1496 Innumero
1041 1445 1169 1494 sunt
1214 1452 1335 1508 quae
1382 1437 1450 1494 de
1507 1436 1701 1492 eodem
1753 1443 2079 1508 argumento

2252 1436 2325 1488 A'.
2370 1434 2482 1488 Καὶ
2516 1433 2687 1488 πολλὰ
2718 1433 2835 1487 ἐστι
2868 1434 2996 1505 περὶ
3034 1433 3236 1488 τούτων
3266 1433 3463 1502 λέγειν,
3494 1433 3565 1496 ὡς
3602 1432 3736 1486 πιιντ)⁸

487 1529 761 1598 disputari
824 1535 1060 1598 possunt
1110 1546 1123 1581 :
1171 1542 1237 1582 ex
1286 1527 1491 1598 quibus
1549 1526 1804 1597 prudenti
1855 1524 2077 1580 cuilibet

2183 1525 2258 1597 τῷ
2289 1524 2502 1578 σύνεσιν
2531 1524 2857 1596 κεκτημένῳ
2886 1524 3186 1595 φανήσεται
3218 1527 3252 1595 ὴ
3295 1525 3575 1596 πρὶχειρος
3605 1521 3736 1593 βλασ-

430 1640 437 1646 ο
488 1627 772 1689 comperta
819 1634 945 1675 esse
976 1626 1157 1688 potest
1200 1615 1439 1683 Tatiani,
1477 1615 1948 1686 Tatianorumque
1998 1624 2081 1670 te-

490 1713 727 1768 meraria
768 1711 1190 1783 blasphemandi
1239 1711 1484 1774 licentia,
1518 1710 1797 1781 animique
1841 1706 2080 1763 cacitas.

492 1802 567 1857 De
594 1802 798 1873 quibus
820 1803 895 1857 ita
927 1802 1165 1857 breviter
1193 1801 1582 1864 disseruimus,
1619 1811 1680 1856 ut
1720 1802 1939 1857 illorum
1970 1800 2086 1853 vcl-

2180 1616 2382 1687 φημία,
2435 1617 2531 1670 καὶ
2572 1615 2924 1688 ἐσκοτωμένη
2981 1614 3193 1669 διάνοια
3244 1613 3631 1669 τοῦ’Τατιανοῦ
3661 1615 3737 1669 καὶ

2181 1709 2291 1764 τῶν
2354 1710 2449 1762 ἀπ’
2513 1709 2680 1762 αὑτοῦ
2747 1707 3029 1763 Τατιανῶν
3086 1708 3459 1779 καλουμένων.
3510 1707 3632 1779 Περὶ
3677 1699 3737 1760 ὧν

2187 1803 2471 1874 συντόμως
2502 1801 2888 1870 διεξελθόντες,
2921 1803 2991 1857 τὰ
3022 1804 3141 1858 κατ’
3187 1803 3388 1866 αὐτοὺς
3420 1799 3644 1872 βλαϐερὰ
3664 1799 3740 1851 καὶ

478 1900 550 1949 ut
591 1896 830 1949 culicum
880 1895 1063 1949 noxiis
1112 1895 1415 1960 morsibus,
1462 1894 1706 1949 adhibita
1751 1895 1819 1948 iis
1857 1894 1951 1964 qui
1990 1893 2077 1948 icti

2194 1894 2473 1948 κωνώπων
2514 1894 2671 1966 δίκην
2722 1894 2996 1965 δήγματα,
3053 1893 3235 1949 ἐλαίου
3295 1892 3496 1964 ἰκμάδα
3531 1890 3619 1961 τῆς
3662 1888 3739 1942 τοῦ

489 1990 707 2042 fuerant
749 1987 965 2042 Domini
1014 1987 1291 2054 doctrina,
1337 1994 1601 2058 tanquam
1646 1986 1749 2040 olei
1797 1984 2077 2054 cujusdam

2193 1986 2401 2058 Κυρίου
2448 1986 2800 2050 διδασκαλίας
2848 1988 2961 2049 τοῖς
3011 1984 3361 2056 δεδηγμένοις
3405 1985 3506 2038 ὑπὸ
3534 1982 3632 2034 τῶν
3658 1981 3742 2033 Ta.-

488 2081 652 2143 illitu,
708 2079 1035 2135 medicinam
1083 2078 1414 2144 fecerimus,
1469 2079 1618 2133 illius
1668 2077 1902 2132 veritate
1923 2074 2077 2148 395

2191 2079 2376 2134 τιανοῦ
2428 2079 2602 2149 λόγων
2658 2079 3006 2150 ἐπιθέμενοι,
3062 2077 3335 2150 ίασάμεθα
3397 2077 3485 2130 διὰ
3532 2077 3623 2147 τῆς
3668 2072 3742 2127 τοῦ

486 2188 553 2226 ac
605 2172 848 2243 potentia
906 2171 1073 2238 freti,
1127 2172 1223 2242 qui
1279 2171 1417 2243 dixit
1457 2192 1467 2226 :
1512 2168 1636 2223 Non
1690 2169 1807 2223 veni
1860 2168 1965 2222 nisi
2016 2172 2077 2220 att

2190 2172 2397 2243 Κυρίου
2429 2172 2705 2243 ἀληθείας,
2744 2174 2841 2226 καὶ
2868 2172 3150 2244 δυνάμεως
3183 2171 3351 2225 αὑτοῦ
3398 2172 3657 2240 λέγοντος,
3677 2171 3743 2223 ὅτι

488 2283 604 2344 oves
652 2281 770 2336 qua:
824 2265 1092 2335 perierant
1144 2265 1333 2320 domus
1392 2261 1632 2317 Israei'.
1692 2259 1850 2316 Unde
1912 2267 1967 2314 et
2031 2261 2077 2312 in

2195 2265 2317 2317 Οὐκ
2347 2259 2540 2333 ἦλθον
2569 2266 2620 2317 ει
2662 2262 2751 2333 μὴ
2800 2266 2887 2329 είς
2920 2263 2987 2317 τὸ
3018 2263 3319 2331 πρόϐατον
3366 2261 3436 2316 τὸ
3469 2264 3742 2326 πεπλανη-

489 2358 746 2428 parabola
802 2356 941 2412 dixit
980 2377 992 2412 :
1038 2355 1212 2411 Homo
1255 2356 1473 2428 quidam
1524 2352 1795 2409 descendit
1838 2349 1905 2405 ab
1960 2348 2077 2404 Hia-

2184 2357 2376 2427 μένον
2412 2356 2583 2411 οἴκου
2630 2356 2899 2426 Ἰσραήλ,
2936 2356 3028 2409 Διὸ
3058 2357 3154 2410 καὶ
3189 2357 3245 2409 ἐν
3288 2355 3618 2427 παραϐολαῖς
3654 2353 3745 2406 ἐλε-

489 2448 724 2503 rusatem
790 2449 847 2502 in
901 2446 1116 2503 Iericho
1171 2447 1228 2502 δι
1274 2461 1437 2517 quem
1509 2447 1564 2499 in
1632 2443 1875 2498 latrones
1942 2440 2077 2495 inci-

2189 2466 2303 2519 γεν,
2367 2451 2448 2503 ὅτι
2484 2451 2830 2517 ’Ἄνθρωπός
2862 2467 2954 2515 τις
2998 2430 3352 2504 κατέϐαινεν
3388 2449 3509 2505 ἀπὸ
3559 2448 3742 2515 Ἰερου-

490 2540 641 2597 disse
683 2540 968 2603 narrabat,
1020 2548 1079 2594 ut
1117 2547 1171 2594 et
1208 2552 1386 2603 ovem,
1435 2544 1491 2591 et
1538 2536 1817 2590 hominem
1869 2532 1964 2604 qui
2016 2531 2077 2586 ab

2189 2540 2399 2610 σαλὴμ
2434 2544 2524 2607 είς
2565 2540 2822 2609 Ἰεριχώ·
2860 2540 2916 2593 ὃν
2960 2540 3025 2609 δὴ
3073 2541 3166 2593 καὶ
3200 2541 3431 2612 λῃσταῖς
3468 2540 3745 2610 περιπεσεῖν

493 2632 836 2689 Hierusalem
890 2633 948 2686 in
994 2630 1218 2686 Jericho
1267 2629 1651 2692 descenderat,
1705 2627 1856 2681 illum
1902 2626 2077 2697 ipsum

2187 2632 2446 2703 διηγεῖτο,
2477 2632 2564 2685 ἴνα
2592 2630 2741 2704 δείξῃ
2778 2634 2838 2685 τὸ
2873 2631 3169 2703 πρόϐατον,
3204 2634 3298 2686 καὶ
3330 2633 3426 2686 τὸν
3452 2632 3559 2686 ἀπὸ
3588 2631 3748 2701 ἰερουο

491 2727 719 2780 doceret
764 2738 910 2786 esse,
943 2723 1038 2793 qui
1068 2723 1138 2776 ab
1186 2721 1441 2792 ampliori
1471 2719 1740 2790 dignitate
1784 2717 2077 2779 ceciderat,

2191 2725 2373 2798 σαλὴμ
2402 2726 2840 2798 καταϐεϐηκότα,
2876 2726 2967 2779 τὸν
3002 2726 3111 2779 άπὸ
3148 2727 3247 2798 τῆς
3275 2726 3440 2797 δόξης
3467 2727 3563 2797 τῆς
3590 2725 3744 2796 μείζο-

491 2825 546 2873 et
583 2817 652 2870 ab
686 2830 796 2870 uno
827 2815 1066 2886 paStoris
1090 2813 1177 2871 sui
1208 2812 1470 2867 mandato
1498 2811 1750 2866 divulsus
1781 2818 2077 2865 erraverat.

2188 2834 2279 2881 νος
2330 2819 2413 2881 εἰς
2459 2817 2757 2873 ἐλάττωσιν
2796 2818 3208 2889 κατενεχθέντα,
3262 2819 3363 2873 καὶ
3410 2818 3503 2871 τὸν
3534 2816 3632 2870 ἀπὸ
3667 2816 3745 2883 τῆς

494 2906 571 2960 Ex
607 2921 716 2976 quo
752 2914 1005 2961 sanctum
1033 2902 1302 2957 Adamum
1337 2909 1621 2972 parentem
1653 2909 1906 2955 nostrum
1940 2900 2077 2954 inter

2192 2914 2319 2985 μιᾶς
2348 2912 2571 2984 ἐντολῆς
2603 2910 2698 2967 τοῦ
2750 2912 2881 2967 ἰδίου
2910 2912 3170 2982 ποιμένος
3210 2911 3630 2966 ἀποσπασθέντα
3670 2907 3746 2962 καὶ

493 3000 646 3054 vivus
673 3012 1054 3061 numeramus,
1085 3002 1309 3068 propter
1342 3010 1501 3066 quem
1528 3002 1584 3050 et
1611 3009 1712 3050 nos
1739 3009 1937 3050 omnes
1962 2993 2077 3063 ejus

2189 3004 2607 3075 πεπλανημένον
2629 3018 2642 3032 ·
2690 3003 2813 3058 ὅθεν
2849 3006 2944 3057 καὶ
2989 3003 3080 3057 τὸν
3134 3002 3289 3072 ἆγιον
3332 3003 3511 3074 Ἀδάμ
3554 3002 3636 3055 τὸν
3664 3016 3748 3052 παι

491 3102 744 3162 posteros
793 3091 1051 3145 Christus
1098 3088 1340 3154 advenit,
1378 3096 1437 3143 ut
1477 3088 1545 3144 iis
1590 3087 1686 3159 Qui
1728 3087 1908 3158 ipsum
1949 3086 2077 3141 olim

2187 3094 2322 3166 τέρα
2351 3095 2408 3147 ἐν
2459 3093 2594 3158 ζῶσι
2628 3095 3109 3165 πεπιστεύκαμεν·
3161 3093 3231 3147 δι’
3280 3094 3342 3147 ὃν
3376 3096 3467 3150 xm?
3516 3094 3633 3155 τοὺς
3660 3088 3749 3150 ἀπ’

488 3190 884 3256 cognoverant,
923 3198 1026 3239 nec
1055 3197 1086 3236 a
1114 3181 1404 3238 divinitate
1433 3181 1555 3252 ejus
1586 3181 2001 3246 aberraverant,
2029 3188 2077 3236 et

2190 3187 2357 3241 αὐτοῦ
2391 3187 2538 3256 ἡμᾶς
2589 3187 2798 3251 πάντας
2839 3187 3074 3258 Χριστὸς
3123 3181 3275 3258 ἦλθε,
3316 3189 3437 3251 τοῖς
3491 3186 3586 3256 μὲν
3612 3183 3750 3237 πάλαι

488 3276 562 3334 ob
595 3277 859 3331 nonnulla
890 3274 1094 3331 delicta
1122 3289 1223 3331 sua
1254 3274 1400 3345 apud
1430 3273 1638 3330 inferos
1670 3272 2077 3337 detinebantur,

2193 3278 2358 3333 αὐτὸν
2386 3278 2736 3347 γινώσκουσι,
2781 3280 2874 3333 καὶ
2919 3279 2994 3350 μὴ
3026 3280 3383 3350 πλανηθεῖσιν
3416 3280 3526 3334 άπὸ
3559 3280 3647 3351 τῆς
3671 3277 3749 3331 αὖ·

488 3369 820 3440 injnriarum
870 3366 1207 3422 oblivionem
1241 3365 1586 3430 concederet,
1623 3379 1856 3435 eamque
1884 3372 1937 3420 ct
1988 3363 2077 3418 ad-

2193 3370 2286 3425 τοῦ
2306 3371 2580 3441 θεότητος,
2616 3371 2803 3426 ἕνεκεν
2835 3372 2893 3427 δὲ
2924 3373 3256 3444 σφαλμάτων
3283 3373 3343 3427 ἐν
3379 3373 3480 3446 ᾄδῃ
3516 3374 3618 3442 ίθό)
3645 3386 3749 3425 κατ-

490 3465 602 3520 huc
635 3460 950 3518 viventibus
990 3474 1088 3530 per
1127 3459 1529 3529 pmnitentiam,
1578 3464 1633 3512 et
1699 3456 1843 3526 apud
1877 3454 2077 3512 inferos

2191 3463 2514 3536 εσχημένοις
2543 3463 2848 3535 ἀμνηστίαν
2909 3462 3271 3536 χαρίσασθαι’
3319 3469 3440 3527 τοῖς
3484 3466 3579 3535 μὲν
3612 3462 3749 3516 ἐτιὲν

491 3556 821 3627 degentibus
845 3568 942 3623 per
970 3549 1411 3606 misericordiam
1432 3564 1497 3604 ac
1528 3548 1766 3605 salutem
1795 3548 2077 3604 tribueret.

2188 3554 2383 3624 κόσμῳ
2413 3553 2502 3607 διὰ
2539 3555 2850 3625 μετανοίας,
2883 3558 2996 3620 τοῖς
3039 3555 3097 3609 δὲ
3141 3557 3197 3607 ἐν
3239 3555 3351 3627 ᾄδῃ
3377 3555 3446 3611 δι’
3479 3555 3648 3617 ἐλέους
3674 3552 3747 3604 καὶ

2190 3645 2484 3717 σωτηρίας.

564 3731 632 3786 ν.
678 3733 775 3788 Est
806 3729 1054 3801 profecto
1097 3726 1246 3799 quod
1286 3726 1611 3798 intelligenti
1652 3726 1852 3781 mirum
1896 3725 2077 3781 videa—

2258 3735 2336 3791 E’.
2376 3737 2469 3790 Διὸ
2498 3738 2593 3792 καὶ
2623 3736 2904 3810 θαυμάσαι
2933 3736 3055 3793 ἐστι
3084 3739 3177 3793 τὸν
3211 3739 3398 3796 εἰδότα
3427 3741 3560 3812 (94),
3588 3741 3655 3802 ὼς
3673 3738 3751 3790 καὶ

488 3835 602 3891 tur,
649 3825 705 3879 id
761 3821 909 3894 quod
960 3839 991 3877 e
1047 3820 1313 3876 librorum
1368 3819 1716 3907 monimentis
1762 3819 2077 3885 didicimus,

2187 3830 2247 3882 ἐν
2288 3828 2490 3900 βίϐλοις
2546 3832 2903 3903 ηὑρήκαμεν,
2947 3829 3041 3885 τὸν
3088 3831 3293 3902 Κύριον
3355 3833 3516 3904 ἡμῶν
3578 3829 3747 3901 Ἰησοῦν

489 3920 784 3976 hominum
836 3924 1087 3973 nostrum
1128 3914 1314 3970 Jesum
1354 3912 1635 3968 Christum
1698 3912 1753 3967 in
1816 3912 2077 3983 Golgotba

2186 3920 2419 3993 Χριστὸν
2454 3922 2513 3974 ἐν
2556 3921 2636 3992 τῷ
2670 3921 2708 3974 Γ
2711 3921 2909 3994 ολγοθᾷ
2935 3923 3336 3996 ἐσταυρῶσθαι,
3375 3926 3478 3978 οὐκ
3509 3924 3637 3996 ἄλλῃ
3666 3938 3749 3974 που

488 4030 613 4071 esse
652 4012 999 4077 crucifixum,
1045 4008 1305 4063 nimirum
1351 4007 1411 4062 in
1438 4021 1505 4061 eo
1542 4005 1891 4076 potissimum
1936 4007 2077 4077 loco,

2185 4012 2302 4066 ἀλλ’
2346 4013 2379 4083 ἢ
2431 4011 2561 4067 ἔνθα
2602 4012 2785 4067 ἔκειτο
2820 4014 2881 4067 τὸ
2928 4015 3022 4069 τοῦ
3079 4016 3251 4087 Ἀδὰμ
3290 4017 3479 4089 σῶμα.
3526 4011 3746 4083 Ἐξελθὼν

487 4103 547 4159 in
580 4117 690 4173 quo
720 4100 914 4155 Adami
957 4113 1160 4168 corpus
1180 4098 1412 4168 jaceret.
1444 4094 1545 4150 llic
1583 4098 1728 4151 enim
1763 4112 1793 4152 ο
1827 4097 2077 4166 paradiso

2185 4105 2296 4176 γάρ
2338 4108 2404 4159 ἐκ
2438 4104 2537 4159 τοῦ
2590 4106 2945 4178 παραδείσου,
2998 4108 3092 4162 καὶ
3120 4109 3471 4179 κατῳκηκὼς
3498 4108 3748 4163 κατέναντι

488 4196 825 4267 digrediens,
854 4192 945 4247 diu
983 4208 1050 4248 ex
1083 4193 1316 4246 adverso
1359 4190 1506 4245 illius
1546 4189 1835 4245 habitavit.
1877 4189 2077 4246 Deinde

2185 4196 2351 4251 αὐτοῦ
2383 4197 2563 4268 πολλῴ
2590 4197 2668 4269 τῷ
2695 4198 2892 4270 χρόνῳ,
2927 4201 3021 4253 καὶ
3049 4200 3137 4253 διὰ
3186 4199 3401 4254 πολλῶν
3429 4201 3539 4254 τῶν
3564 4196 3750 4271 ἡμεριῖιν

488 4291 651 4361 longo
681 4297 870 4359 postea
914 4293 1159 4356 tempore
1189 4287 1243 4339 in
1288 4283 1463 4348 illum,
1486 4298 1649 4354 quem
1678 4283 1790 4337 dixi
1822 4283 2077 4339 Hieroso-

2183 4288 2426 4355 διελθὼν,
2474 4288 2704 4362 ὕστερον
2734 4286 2865 4362 ἦλθε
2908 4290 3003 4344 καὶ
3036 4292 3096 4345 ἐν
3135 4290 3215 4361 τῷ
3247 4291 3402 4363 τόπῳ
3453 4292 3638 4360 τούτῳ,
3671 4289 3746 4341 Ἰε-

488 4379 787 4450 iymorum,
818 4378 998 4432 locum
1050 4372 1302 4438 secessit,
1363 4372 1459 4428 ubi
1506 4382 1562 4428 et
1613 4374 1724 4428 vita
1773 4373 1997 4431 functus
2025 4375 2077 4430 in

2188 4381 2504 4455 ροσολύμων
2552 4382 2612 4435 δέ
2671 4400 2855 4454 φημι,ο
2889 4383 2951 4438 τὸ
3008 4381 3187 4455 χρεὼν
3240 4383 3629 4446 ἀποδεδωκὼς,
3675 4378 3748 4434 καὶ

486 4469 757 4541 Golgotha
799 4468 1049 4539 sepultus
1080 4474 1185 4521 est.
1222 4466 1343 4532 Qua
1368 4480 1437 4520 ex
1461 4480 1521 4519 re
1545 4465 1745 4520 merito
1780 4466 1936 4523 locus
1962 4469 2077 4539 ipse

2185 4475 2366 4527 ἐκεῖσε
2396 4473 2570 4543 ἐτάφη
2602 4475 2660 4528 ἐν
2689 4473 2769 4544 τῷ
2797 4474 2947 4545 τόπῳ
2969 4474 3047 4546 τῷ
3074 4474 3330 4547 Γολγοθᾷ.
3364 4475 3534 4531 ’Όθεν
3557 4472 3748 4530 εἰκότως

481 4576 688 4619 nomen
729 4561 976 4629 accepit,
1032 4556 1387 4612 ut-calvarite
1430 4556 1844 4625 interpretando
1868 4555 2079 4615 dicere-

486 4663 599 4709 tur.
623 4653 798 4723 Cujus
825 4648 1210 4722 appellationis
1244 4647 1395 4701 nulla
1434 4646 1489 4699 in
1518 4661 1585 4701 eo
1618 4648 1739 4702 loco
1774 4648 2080 4704 similitudo

374 4768 385 4779 ο
486 4748 754 4805 cernitur.
791 4743 926 4799 Nam
956 4756 1058 4797 nec
1084 4741 1139 4795 in
1170 4740 1314 4795 clivo
1336 4738 1522 4808 aliquo
1552 4740 1691 4793 situs
1726 4748 1833 4803 est,
1866 4748 1928 4794 ut
1952 4756 2082 4811 pro-

486 4849 676 4915 pterea
731 4838 985 4893 catcarire
1032 4832 1303 4888 vocabulo
1349 4830 1708 4886 nominetur:
1765 4832 2079 4903 cujusrnodi

486 4933 684 5005 capitis
731 4934 785 4987 in
823 4931 1064 4984 humano
1091 4940 1323 4997 corpore
1361 4922 1521 4980 sedes
1563 4932 1678 4993 est;
1719 4940 1897 4994 neque
1944 4927 2080 4998 ligu-

488 5042 606 5082 ram
640 5024 805 5081 habet
826 5022 989 5078 editae
1034 5018 1341 5091 cujuspiam
1372 5018 1646 5087 specula;
1675 5033 1738 5074 ac
1767 5034 1837 5074 ne
1865 5021 2080 5097 caeteris

486 5119 705 5191 quidem
779 5113 1302 5185 circumiacentibus
1361 5111 1498 5167 locis
1551 5111 1717 5166 altius
1768 5113 2077 5183 consurgit.

485 5212 698 5284 Quippe
748 5226 813 5266 ex
851 5208 1082 5265 adverso
1133 5212 1217 5260 est
1248 5202 1445 5258 Oliveti
1480 5218 1640 5259 mons
1691 5202 1933 5272 editior;
1981 5205 2076 5261 sed

2112 4590 2159 4647 υ
2184 4564 2246 4618 τὸ
2277 4563 2569 4636 ἐπώνυμον
2601 4568 2631 4619 ὁ
2667 4566 2831 4630 τόπος
2874 4566 3023 4638 ἔσχε,
3059 4568 3312 4637 κρανίου
3345 4566 3747 4640 ἑρμηνευόμενος

2189 4656 2374 4724 τόπος,
2402 4652 2470 4728 ἧς
2495 4657 2792 4737 ὀνομασίας
2818 4659 2880 4712 τὸ
2911 4659 3096 4730 σχῆμα
3140 4657 3235 4712 τοῦ
3283 4660 3457 4714 τόπου
3487 4652 3748 4729 ἐμφέρειὰν

2188 4766 2310 4803 τινα
2340 4751 2438 4821 οὐχ
2462 4750 2863 4805 ὑποδείκνυσιν.
2888 4752 3024 4806 Οὔτε
3049 4752 3158 4824 γὰρ
3188 4754 3245 4806 ἐν
3271 4753 3422 4823 ἄκρᾳ
3446 4752 3551 4805 τινὶ
3581 4751 3749 4805 κεῖται,

2188 4842 2275 4895 ἵνα
2326 4842 2576 4910 κρανίον
2596 4840 2755 4895 τοῦτο
2803 4843 3205 4914 ἐρμηνεόηται,
3260 4844 3338 4908 ὡς
3392 4846 3488 4898 ἐπὶ
3531 4843 3747 4911 σώματος

2188 4932 2400 5006 κεφαλὴ
2428 4934 2594 4999 τόπος
2619 4934 2859 5005 λέγεται,
2894 4935 3017 4990 οὔτε
3069 4937 3334 5001 σκοπιᾶς·
3382 4938 3480 4991 καὶ
3514 4935 3619 5006 γάρ
3646 4930 3747 4985 οὔτε

2187 5025 2245 5079 ἐν
2277 5025 2399 5096 ὕψει
2428 5029 2607 5081 κεῖται
2654 5027 2807 5098 παρὰ
2847 5029 2973 5092 τοὺς
2997 5027 3191 5093 ἄλλους
3226 5029 3450 5093 τόπους.
3488 5030 3746 5095 Ἀντικρυς

2186 5117 2297 5189 γάρ
2345 5120 2464 5171 ἐστι
2517 5118 2579 5171 τὸ
2629 5118 2724 5172 τοῦ
2781 5118 3071 5185 Ἐλαιῶνος
3122 5121 3246 5192 [ρος
3291 5121 3635 5192 ὑψηλότερον,
3671 5114 3747 5168 καὶ

2184 5209 2295 5277 ἀπὸ
2329 5210 2574 5281 σημείων
2606 5211 2750 5263 ὀκτὼ
2778 5214 2811 5282 ἡ
2846 5210 3085 5283 Γαϐαὼμ
3119 5213 3451 5285 ὑψηλοτάτη.
3497 5211 3644 5265 Ἀλλὰ
3668 5207 3744 5261 καὶ

556 5370 575 5402 ³
607 5369 767 5424 Rom.
796 5384 906 5435 xiv,
938 5369 995 5424 9.
1092 5367 1113 5396 ¹
1142 5363 1162 5417 ι
1191 5366 1334 5421 Tim.
1368 5383 1428 5432 ll,
1474 5366 1561 5421 15.
1639 5367 1658 5397 ³
1699 5364 1890 5420 Matth.
1924 5381 2014 5429 xv,
2040 5364 2074 5418 2

2207 5366 2228 5398 ⁸
2258 5366 2394 5422 Luc.
2429 5385 2482 5433 x,
2520 5332 2591 5423 ϐο
2613 5382 2737 5438 sqq.

558 5500 668 5571 (95)
711 5500 958 5571 Ἕνεκεν
991 5499 1059 5553 δὲ
1098 5497 1474 5571 σφαλμάτῳν
1516 5496 1587 5549 ἐν
1635 5496 2075 5571 (idn.__Notanda

490 5566 780 5640 Epiphanii
814 5574 1116 5640 sententia:
1146 5566 1362 5625 veteres
1394 5566 1586 5622 Patres
1614 5576 1740 5622 ante
1763 5566 2071 5640 Christum,

529 5638 767 5693 ui’salva
805 5638 907 5692 [ide
951 5647 1329 5707 peccaverant,
1368 5649 1656 5707 propterea
1692 5639 1832 5707 apud
1866 5638 2074 5692 inieras

488 5656 740 5765 aeternos
773 5721 918 5765 esse,
952 5709 1127 5762 donec
1159 5724 1188 5761 a
1212 5710 1436 5764 Christo
1469 5710 1857 5763 liberarentur.

530 5719 740 5765 etentos
773 5721 918 5767 esse,
952 5709 1127 5762 donec
1159 5724 1188 5761 a
1212 5710 1436 5764 Christo
1469 5710 1857 5763 liberarentur.

560 5780 674 5849 (95)
711 5777 807 5849 Διρ
846 5775 954 5849 καὶ.
988 5777 1288 5849 θαυμάσαι
1312 5774 1446 5833 ἐστι
1474 5778 1580 5849 τὸν
1602 5779 1818 5831 εἰδότα.
1864 5776 2071 5831 Tritam

490 5844 868 5919 de'titilgutha:
910 5844 1027 5900 sive
1058 5848 1317 5902 Calvariaa
1345 5848 1709 5917 appellatione
1742 5849 2071 5904 sententiam

2178 5500 2450 5573 sequitur,
2486 5508 2545 5573 ut
2572 5502 2642 5554 ab
2671 5500 2864 5573 Adami
2895 5504 3110 5572 sepulto
3143 5503 3428 5567 cadavere,
3481 5518 3544 5558 ac
3578 5497 3742 5573 cranio

2177 5570 2413 5626 deducta
2454 5570 2544 5626 sit.
2577 5573 2647 5624 At
2675 5572 2915 5643 (.‘yrillus
2958 5570 3172 5629 catech.
3207 5590 3304 5628 xm
3340 5573 3648 5643 prophetire
3674 5570 3740 5643 sic

2177 5655 2205 5693 a
2240 5643 2465 5715 Christo
2492 5638 2845 5715 nominatum
2866 5644 3145 5699 existimat
3176 5645 3318 5715 [nunc
3340 5638 3733 5715 locumnquod,

2176 5720 2237 5765 ut
2281 5714 2357 5766 ait
2401 5713 2700 5782 Apostolus
2721 5754 2736 5777 ,
2785 5710 2948 5782 caput
2990 5714 3094 5768 viri
3126 5718 3199 5769 sit
3232 5712 3521 5776 Christus,

2177 5793 2355 5837 autem
2389 5782 2532 5837 Deus
2565 5782 2615 5844 (Ι
2644 5782 2770 5838 Cor.
2801 5800 2877 5847 ιιι,
2909 5784 2982 5853 5).
