3958 6426
418 442 528 502 845

1378 435 1749 496 ADVERSUS
1777 434 2122 493 IIERESES
2158 438 2290 496 LIB.
2337 440 2399 496 II.
2439 439 2604 499 TOM.
2646 441 2690 497 I.

3570 426 3682 499 ate

417 564 450 632 ὴ
487 542 632 630 ἄκρα
660 556 693 626 ή
731 552 860 609 ποτὲ
888 554 1208 626 ὑπάρχουσα
1236 554 1292 607 ἐν
1321 552 1479 617 Σιὼν,
1503 551 1602 606 νῦν
1627 552 1683 605 δὲ
1712 551 2004 623 τμηθεῖσα,

2132 567 2165 606 n
2195 552 2386 623 primis
2426 554 2633 611 arduus
2682 558 2767 611 est
2795 551 3073 610 Gabaonis
3111 552 3271 611 mons
3319 564 3512 610 octavo
3561 554 3692 612 inde

422 650 517 706 καὶ
545 646 686 719 αὑτὴ
714 645 1020 717 ὑψηλοτέρα
1051 644 1265 715 ὑπῆρχε
1293 642 1387 697 τοῦ
1415 642 1601 698 τόπου.
1650 642 1821 696 Πόθεν
1850 637 1943 696 οὖν
1972 644 2006 713 ή

423 741 711 812 ἐπωνυμία
761 739 857 793 τοῦ
885 738 1181 809 κρανίου;
1240 735 1376 789 Ἀλλ’
1424 735 1613 806 ἐπειδὴ
1663 733 1758 789 τοῦ
1798 751 2009 806 πρωτο-

424 833 666 888 πλάστου
713 828 1000 901 ἀνθρώπου
1050 830 1166 882 ἐκεῖ
1215 827 1275 882 τὸ
1329 824 1554 899 κρανίον
1603 825 1862 898 εὓρηται,
1919 827 2011 879 καὶ

425 926 544 979 ἐκεῖ
573 923 633 977 τὸ
676 922 926 993 λείψανον
966 920 1304 982 ἐναπέκειτο,
1337 917 1525 973 τούτου
1571 918 1731 972 ’ἑνεκα
1762 918 2009 987 κρανίου

425 1015 586 1078 τόπος
612 1013 946 1085 ἐπεκέκλητο
963 1030 979 1045 ο
1006 1013 1093 1081 ἐφ’
1120 1006 1181 1066 οὗ
1210 1010 1541 1082 σταυρωθεὶς
1571 1013 1599 1064 ὁ
1630 1008 1830 1080 Κύριος
1854 1008 2012 1079 ήμῶν

439 1102 646 1175 Ἰησοῦς
687 1102 939 1174 Χριστὸς,
975 1101 1064 1155 διὰ
1100 1100 1193 1154 τοῦ
1226 1100 1513 1172 ρεὑσαντος
1546 1101 1639 1155 ἀπ’
1688 1098 1855 1153 αὑτοῦ
1888 1096 2014 1152 ὓδα-

427 1214 518 1260 τος
548 1196 643 1249 καὶ
679 1195 932 1265 αἵματος,
981 1191 1071 1246 διὰ
1105 1193 1204 1263 τῆς
1242 1192 1534 1262 νυχθείσης
1562 1191 1726 1245 αὑτοῦ
1752 1191 2011 1262 πλευρᾶς,

425 1284 845 1358 αἰνιγματωδῶς
911 1283 1080 1350 ἔδειξε
1121 1284 1220 1355 τὴν
1254 1282 1412 1355 ἡμῶν
1443 1283 1736 1353 σωτηρίαν,
1781 1282 1887 1336 ἀπὸ
1918 1284 2015 1353 τῆς

427 1377 605 1449 ἀρχῆς
648 1374 743 1428 τοῦ
788 1374 1110 1445 φυράματος
1158 1371 1464 1444 ἀρξάμενος
1495 1370 1764 1444 ραντίζειν
1792 1372 1862 1426 τὰ
1911 1372 2011 1425 λεί-

424 1468 574 1537 ψανα
620 1465 715 1519 τοῦ
762 1464 1127 1536 προπάτορος,
1178 1462 1267 1518 ἵνα
1310 1464 1404 1518 καὶ
1447 1464 1579 1534 ἡμῖν
1629 1463 1881 1535 ὑποδείξῃ
1923 1463 2015 1517 τὸν

429 1555 729 1628 ῥαντισμὸν
780 1554 875 1608 τοῦ
940 1553 1105 1608 αὑτοῦ
1149 1554 1413 1625 αἵματος,
1467 1555 1550 1617 εἰς
1602 1554 1868 1625 κάθαρσιν
1916 1555 2017 1625 τῆς

431 1645 588 1717 ήμῶν
632 1644 936 1709 κοινώσεως
985 1647 1076 1698 καὶ
1127 1644 1305 1715 ψυχῆς
1340 1647 1730 1717 μετανοοὺσης
1752 1686 1766 1708 ,
1798 1646 1893 1699 καὶ
1939 1648 2018 1711 εἰς

428 1739 736 1810 ὑπόδειγμα
788 1738 1074 1810 φυράσεως
1137 1738 1233 1792 καὶ
1288 1737 1631 1808 καθαρισμοῦ
1694 1738 1865 1810 ῥύπου
1910 1738 2018 1792 τῶν

428 1831 716 1902 ἡμετέρων
745 1831 1162 1902 ἁμαρτημάτων
1190 1829 1499 1901 γενόμενον,
1524 1824 1586 1883 τὸ
1619 1829 1849 1901 ἐκχυθὲν
1876 1829 2020 1901 ὕδωρ

2110 643 2293 715 lapide
2317 645 2548 703 distans.
2597 642 2884 703 Postremo
2917 641 3092 703 clivus
3141 647 3305 702 etiam
3357 645 3468 711 ille,
3501 646 3595 715 qui
3634 648 3690 703 in

2112 731 2279 791 Sione
2305 737 2583 806 quondam
2608 737 2842 801 exstitit,
2876 735 2970 791 sed
2996 736 3213 791 excisus
3259 735 3422 790 hodie
3455 744 3559 801 est,
3591 737 3694 791 l’uit

2111 824 2391 897 Golgothae
2417 826 2511 882 illo
2544 828 2665 882 loco
2706 825 3012 883 Sublimior.
3041 825 3326 881 Undenam
3360 827 3524 898 igitur
3577 827 3692 881 cal—

2107 919 2274 975 ’νοτία
2307 934 2505 974 nomen
2543 918 2820 974 obtinuit?
2849 917 3004 984 Quod
3049 917 3306 972 nimirum
3337 918 3495 987 primi
3524 914 3672 972 homi

2114 1012 2201 1068 nis
2246 1010 2358 1067 illic
2404 1013 2643 1067 calvaria
2674 1018 2887 1083 reperta
2932 1011 3025 1073 sit,
3057 1010 3286 1080 ejusque
3326 1010 3574 1080 reliquiae
3601 1008 3697 1065 de-

2115 1101 2296 1169 fossae,
2356 1102 2428 1160 ob
2456 1104 2510 1159 id
2545 1104 2795 1159 εαιυηνίιε
2840 1104 2993 1158 locus
3031 1102 3334 1173 appellatus
3368 1110 3471 1157 est.
3506 1099 3563 1155 In
3586 1115 3697 1171 quo

2118 1193 2380 1252 Dominus
2408 1206 2595 1253 noster
2619 1195 2781 1253 Jesus
2810 1196 3064 1251 Christus
3089 1194 3343 1249 sublatus
3367 1194 3421 1247 in
3449 1206 3692 1255 erucem,

2117 1302 2213 1357 per
2241 1303 2440 1359 aquam
2468 1289 2614 1343 illam
2642 1296 2697 1344 et
2721 1288 3045 1358 sanguinem
3066 1303 3129 1342 ex
3160 1286 3282 1356 ejus
3311 1285 3591 1357 perforato
3620 1284 3698 1337 la-

2118 1388 2229 1433 tere
2265 1364 2645 1448 proﬂuentem,
2680 1379 2829 1434 velut
2861 1378 3148 1448 imaginem
3183 1375 3498 1446 quamdam,
3524 1383 3697 1429 totum

2118 1470 2314 1524 salutis
2369 1479 2573 1525 nostra:
2616 1471 2894 1541 negotium
2923 1464 3087 1540 395
3128 1466 3511 1530 adumbravit,
3567 1464 3698 1519 dum

2121 1560 2281 1633 primi
2317 1562 2558 1630 parentis
2605 1562 2865 1631 reliquias
2911 1561 2981 1614 ab
3024 1560 3144 1629 ipso
3186 1573 3383 1613 massae
3423 1556 3701 1627 principio

2121 1652 2300 1721 rigare
2330 1654 2518 1723 coepit,
2563 1660 2621 1707 ut
2651 1653 2717 1707 ad
2747 1650 3135 1722 detergendam
3165 1651 3342 1704 labem
3376 1646 3704 1703 Meditatem-

2121 1760 2227 1812 que
2257 1753 2526 1808 nostram,
2569 1760 2633 1799 ac
2671 1744 2988 1814 paenitentis
3041 1743 3236 1797 animle
3266 1740 3704 1811 repurgationem

2125 1837 2209 1891 sui
2268 1838 2552 1908 sanguinis
2606 1837 2981 1907 aspersionem
3031 1834 3382 1899 ostenderet,
3422 1839 3585 1901 atque
3636 1831 3706 1886 ad

428 1924 528 1977 ἐπὶ
568 1923 659 1977 τὸν
708 1922 1066 1993 ὑποκείμενον
1096 1921 1175 1993 τῷ
1216 1922 1387 1992 τόπῳ,
1438 1923 1533 1976 καὶ
1560 1922 1903 1993 τεθαμμένον
1944 1922 2022 1983 είς

2130 1928 2505 1983 subactionem
2566 1928 2860 1998 quamdam
2905 1927 3467 1994 commistionemque'
3498 1921 3707 1993 signiti-

427 2011 629 2068 ἐλπίδα
674 2012 839 2066 αὑτοῦ
878 2029 937 2065 τε
989 2012 1082 2064 καὶ
1117 2009 1277 2082 ἡμῶν
1305 1998 1413 2063 τῶν
1459 2010 1521 2075 ἐξ
1559 2010 1724 2065 αὑτοῦ
1763 2028 2017 2081 γεγεννη-

432 2101 633 2174 μένων.
664 2100 756 2156 Διὸ
801 2102 895 2156 καὶ
939 2100 1170 2154 ἐνταῦθα
1220 2100 1525 2171 ἐπληροῦτο
1574 2100 1634 2154 τὸ
1687 2100 2014 2172 εἰρημένον·

435 2195 691 2263 Ἔγειρε,
721 2195 753 2247 ό
788 2192 1113 2258 καθεύδων,
1140 2191 1232 2244 καὶ
1261 2189 1499 2246 ἀνάστα
1524 2191 1594 2245 ἐκ
1622 2187 1742 2245 τῶν
1768 2192 2016 2262 νεκρῶν,

430 2283 535 2338 καὶ
580 2283 900 2352 ἐπιφαύσει
944 2298 1043 2336 σοι
1094 2287 1127 2337 ό
1170 2284 1444 2352 Χριστός.
1489 2283 1552 2336 El
1598 2282 1707 2353 γὰρ
1746 2284 1840 2337 καὶ
1892 2285 2020 2353 περὶ

432 2357 595 2446 ἡμῶν
617 2373 767 2443 λέγει
809 2373 916 2427 τῶν
955 2373 1377 2445 νενεκρωμένων
1404 2375 1517 2436 τοῖς
1544 2371 1747 2445 ἔργοις,
1779 2374 1874 2427 καὶ
1913 2373 2020 2427 τῶν

433 2465 805 2520 καθευδόντων
828 2467 888 2518 ὲν
927 2465 1079 2536 βάθει
1127 2465 1294 2520 ὕπνου
1324 2464 1424 2536 τῆς
1455 2464 1726 2534 ἀγνωσίας
1745 2481 1758 2495 ·
1789 2464 1904 2518 ἀλλ’
1930 2460 2023 2519 οὖν

434 2574 502 2625 γε
532 2558 740 2611 ἐκεῖθεν
769 2560 802 2628 ἡ
833 2557 1098 2629 ἀρχὴτῆς
1127 2556 1376 2623 αἱνίξεως
1407 2555 1651 2628 περιέχει
1680 2555 1772 2611 τὸν
1797 2557 2021 2629 τρόπον,

436 2649 535 2704 καὶ
582 2648 680 2719 οὑχ
713 2648 921 2711 ἅπλῶς,
964 2648 1085 2702 οὐδὲ
1136 2648 1355 2721 ἀργῶς·
1409 2649 1663 2717 Ἀνέστη
1696 2648 1832 2718 γὰρ,
1866 2649 2022 2718 φησὶ,

438 2742 640 2796 πολλὰ
660 2740 907 2810 σώματα
930 2738 1050 2794 τῶν
1070 2739 1253 2810 ἁγίων
1302 2738 1400 2806 (ὡς
1427 2738 1539 2811 ἔχει
1563 2738 1625 2792 τὸ
1647 2739 2025 2809 Εὑαγγέλιον),

438 2833 542 2887 καὶ
591 2831 884 2901 εἰσῆλθον
926 2832 1048 2886 σὺν
1100 2829 1261 2895 αὐτῷ
1306 2833 1395 2896 εἰς
1450 2830 1564 2899 τὴν
1593 2830 1773 2898 ἁγίαν
1823 2831 2023 2894 πόλιν,

442 2924 539 2978 καὶ
563 2923 632 2976 τὰ
657 2921 803 2993 ἑξῆς.

2124 2021 2377 2086 caudam,
2411 2034 2475 2074 ac
2513 2028 2828 2076 nostrarum
2860 2018 3128 2083 sordium,
3171 2016 3275 2071 hoc
3302 2021 3386 2071 est
3414 2014 3702 2078 scelerum,

2126 2110 2513 2181 expiationem,
2556 2125 2754 2181 aquam
2794 2110 2941 2165 illam
2981 2111 3035 2164 in
3085 2107 3393 2176 subjectum
3432 2104 3708 2158 hominem

2127 2204 2439 2275 ibidemque
2466 2205 2739 2274 sepultum
2768 2203 3076 2258 destillasse
3107 2204 3471 2263 monstraret;
3503 2210 3569 2250 ac
3596 2200 3709 2249 t‘am

2129 2296 2330 2365 ipsum.
2376 2309 2539 2365 quam
2590 2311 2693 2350 nos
2751 2294 2873 2362 ejus
2919 2302 3167 2363 posteros
3211 2289 3278 2345 ad
3319 2303 3471 2359 spem
3522 2294 3713 2341 conse-

2127 2383 2356 2455 quendm
2405 2384 2597 2439 salutis
2651 2384 2907 2454 erigeret.
2947 2380 3218 2448 Quocirca
3266 2376 3377 2432 illic
3415 2373 3713 2444 Scriptura:

2127 2474 2335 2530 dictum
2381 2476 2514 2530 illud
2553 2476 2836 2544 impletum
2863 2481 2988 2529 est:
3027 2471 3343 2542 Surge,-qui
3388 2467 3612 2528 dormis.
3656 2471 3711 2519 et

2127 2565 2358 2619 excitare
2392 2582 2425 2618 a
2466 2565 2716 2628 mortuis,
2745 2574 2795 2618 et
2829 2561 3152 2617 illuminabit
3184 2570 3232 2615 te
3271 2558 3572 2616 Christus'.
3616 2554 3713 2609 Li-

2131 2660 2218 2705 cet
2251 2652 2395 2706 enim
2432 2651 2499 2706 ad
2529 2666 2631 2708 nos
2666 2652 2813 2707 istud
2842 2644 3143 2722 pertineat,
3164 2650 3258 2721 qui
3282 2656 3338 2705 et
3367 2647 3527 2702 malis
3551 2644 3714 2700 factis

2134 2744 2335 2796 mortui
2368 2757 2581 2809 sumus,
2614 2750 2669 2798 et
2699 2742 2969 2797 altissimo
3012 2740 3335 2812 ignorantiae
3361 2752 3554 2794 somno
3580 2751 3713 2792 con-

2135 2833 2318 2901 sopiti,
2368 2834 2727 2889 nihilominus
2759 2833 2909 2888 illinc
2937 2832 3177 2903 ﬁguratae
3210 2830 3378 2901 hujus
3427 2826 3715 2886 sententia:

2134 2923 2527 2978 arcessendum
2555 2933 2638 2979 est
2668 2925 2905 2987 initium,
2939 2931 2999 2977 ut
3021 2939 3130 2978 non
3154 2932 3384 2989 temere,
3411 2937 3518 2979 nec
3538 2923 3716 2978 otiose

442 3017 795 3087 pronuntiata
835 3015 1127 3070 videatur:
1167 3013 1524 3070 Surrexerunt
1576 3014 1716 3068 enim
1774 3013 1942 3066 multa
1997 3030 2225 3085 corpora
2268 3028 2575 3073 sanctorum
2608 3019 2691 3089 (ut
2725 3021 2780 3074 in
2825 3017 3119 3089 Evangelia
3170 3019 3436 3090 scriptum
3482 3016 3614 3087 est),
3664 3025 3717 3073 et

440 3109 761 3165 introierunt
789 3125 907 3162 cum
940 3111 1055 3177 ipso
1082 3108 1137 3161 in
1171 3118 1413 3162 sanctam
1447 3106 1776 3173 civitatem’,
1813 3115 1917 3162 etc.

515 3200 860 3271 Πανταχόθεν
889 3201 1068 3255 τοίνυν
1100 3199 1583 3273 άποκρουσάμενος
1623 3200 1717 3254 τοῦ
1770 3199 2022 3263 κώνωπος

2205 3201 2339 3254 Cum
2386 3200 2552 3272 igitur
2590 3200 2783 3254 culicis
2820 3200 2980 3256 istius
3010 3215 3227 3256 morsus
3259 3201 3457 3255 divinae
3499 3200 3718 3257 miseri-

358 3284 365 3289 ⁷
440 3292 635 3347 τούτου
666 3292 733 3349 τὰ
769 3293 1041 3365 δήγματα,
1087 3292 1153 3344 δι’
1183 3292 1365 3347 ἐλαίου
1412 3294 1512 3363 τῆς
1540 3291 1635 3346 τοῦ
1668 3292 1803 3347 Θεοῦ
1850 3291 2038 3363 φιλαν-

443 3384 719 3457 Θρωπίας,
746 3386 841 3439 καὶ
870 3385 1077 3457 Κυρίου
1109 3383 1265 3456 ἡμῶν
1294 3384 1574 3457 ὲνδημίας,
1606 3386 1704 3438 καὶ
1729 3383 1905 3456 φωτὸς
1935 3381 2031 3436 τοῦ

2133 3290 2335 3346 cordia:
2363 3291 2507 3356 oleo,
2544 3305 2607 3346 ac
2638 3290 2853 3345 Domini
2881 3290 3057 3346 nostri
3107 3291 3410 3347 Salvatoris
3448 3292 3735 3360 adventu,‘

2132 3392 2185 3439 et
2213 3384 2459 3438 veritatis
2483 3383 2812 3454 evangelicae
2832 3382 2953 3437 luce
2983 3382 3441 3453 propulsaverim,
3474 3382 3539 3437 ad
3579 3382 3716 3440 alias

441 3476 782 3544 Εὑαγγελίου
836 3476 936 3543 τῆς
986 3475 1265 3546 ἀληθείας,
1324 3477 1417 3529 ἐπὶ
1459 3476 1560 3540 τὰς
1605 3476 1732 3548 ἑξῆς
1792 3474 1935 3531 κατὰ
1976 3475 2022 3529 τί

2135 3475 2389 3537 haereses,
2423 3472 2628 3538 divina,
2667 3489 2765 3544 pro
2796 3489 2861 3530 eo
2896 3489 2959 3529 ac
3002 3474 3173 3542 soleo,
3205 3472 3377 3529 fretus
3403 3488 3503 3544 ope
3529 3481 3718 3545 patro-

440 3567 638 3632 εἰωθὸς
659 3567 820 3621 πάλιν
853 3567 1135 3639 προελθεῖν
1164 3568 1220 3620 ὲν
1234 3569 1302 3639 τῇ
1330 3566 1425 3656 τοῦ
1455 3568 1591 3622 Θεοῦ
1624 3568 1850 3640 δυνάμει
1878 3584 2039 3622 σπου-

437 3657 721 3729 δάσωμεν.

536 3753 553 3783 ί
587 3751 785 3822 Ephes.
809 3770 862 3817 ν,
894 3754 979 3807 14.
1058 3756 1078 3785 ³
1115 3753 1308 3810 Matth.
1340 3770 1511 3820 xxvn,
1548 3755 1637 3810 52.

2134 3567 2387 3637 cinioque
2417 3565 2751 3638 progrediar.

448 3935 3691 3983 Μ

767 4081 946 4135 nu:
996 4072 1270 4133 me"er
1306 4077 1436 4131 ΚΑΙ
1486 4077 1589 4129 EN
1636 4076 1721 4144 Τῼ
1763 4073 1973 4143 ΤΡΙΤῼ
2017 4072 2209 4141 ΤΟΜῼ
2256 4072 2475 4140 ΤΟΥΤῼ
2519 4073 2650 4124 ΤΟΥ
2681 4069 3067 4125 ΔεΠΕΡοΥ
3092 4050 3396 4123 ΒιΒΑιοῩ

1756 4225 2072 4297 ΤΕΤΑΡΤῼ
2106 4225 2187 4278 AE
2223 4224 2407 4290 ONTI,

618 4391 779 4448 Κατὰ
799 4390 914 4459 τὴν
936 4388 1036 4444 ἀπ’
1074 4386 1268 4455 ἀρχῆς
1295 4383 1414 4438 τῶν
1451 4385 1645 4451 τόμων
1682 4380 1787 4435 τοῦ
1820 4376 2070 4450 ἀριθμοῦ
2098 4379 2468 4433 ἀκολουθίαν
2488 4394 2500 4410 ·
2533 4377 2603 4431 ἐν
2633 4370 2682 4444 ᾧ
2713 4376 2872 4431 εἰσιν
2894 4353 3157 4446 αζρέσεις
3204 4371 3525 4430 δεκαοκτώ.

1438 4605 1605 4676 396
1649 4605 2030 4666 SYNOPSIS
2066 4604 2271 4668 TOMI
2309 4603 2395 4663 Ill
2429 4601 2643 4662 LIBRI
2674 4601 2753 4673 II,

662 4738 789 4814 Qui
822 4738 888 4800 in
917 4746 1234 4800 tomorum
1271 4734 1452 4796 initio
1489 4735 1834 4798 constituta
1868 4734 2036 4795 serie
2067 4741 2334 4814 quartus
2363 4741 2481 4808 est,
2513 4733 2931 4811 continetque
2975 4729 3252 4793 haereses
3281 4729 3510 4792 XVIII.

2062 4887 2133 4898 ..-

528 4974 607 5027 Αυ.
659 4970 1054 5039 Ἐγκρατῖται,
1084 4967 1132 5019 οἳ
1167 4965 1507 5034 ἀπόσπασμα
1560 4961 1887 5031 τυγχάνουσι
1935 4963 2022 5016 Τα

2211 4964 2251 5018 l.
2294 4963 2611 5025 Encratitw,
2646 4932 2859 5012 Tatiani
2889 4954 3135 5025 quaedam
3158 4954 3301 5009 velut
3330 4951 3619 5022 appendix.
3649 4948 3718 5005 lli

449 5062 661 5128 τιανοῦ,
701 5060 792 5115 τὸν
823 5059 999 5130 γάμον
1028 5055 1412 5119 ἀποϐάλλουσι,
1442 5052 1536 5106 τοῦ
1564 5053 1778 5107 Σατανᾶ
1812 5052 2042 5121 φάσκον-

451 5173 550 5221 τες
579 5155 768 5209 τοῦτον
792 5148 951 5206 εἶναι.
1000 5150 1188 5203 Πᾶσαν
1236 5147 1293 5200 δὲ
1333 5144 1767 5217 ἀπαγορεύουσιν
1808 5143 2040 5215 ἔμψυχος

454 5247 681 5317 φαγίαν.

530 5338 604 5392 B'.
645 5331 1170 5406 Καταφρυγαστῶν
1191 5373 1208 5399 ,
1269 5331 1363 5385 καὶ
1420 5325 1886 5392 Μοντανιστῶν,
1947 5326 2039 5383 καὶ

462 5421 1081 5494 Τεισκονδρουγιιτῶν,Δ
1115 5422 1310 5484 οἵτινες
1345 5417 1586 5472 Παλαιὰν
1618 5417 1712 5471 καὶ
1745 5417 1890 5472 Νέαν
1915 5419 2040 5472 Δια-

456 5519 634 5590 θήκην
658 5517 906 5588 δέχονται
926 5532 939 5545 ·
966 5516 1185 5587 ἑτέρους
1216 5512 1271 5566 δὲ
1301 5512 1584 5584 προφήτας
1612 5508 2037 5581 παρεισφέρουσι

462 5605 602 5679 μετὰ
633 5606 759 5670 τοὺς
789 5605 1089 5676 προφήτας,
1121 5600 1398 5656 Μοντάνον
1436 5596 1559 5651 τινὰ
1587 5594 1899 5666 αὐχοῦντες,
1947 5596 2040 5649 καὶ

458 5697 808 5770 Πρίσκιλλαν,
838 5698 933 5749 καὶ
962 5693 1321 5765 Μαξιμίλλαν.

526 5786 604 5841 I".
643 5785 1050 5848 Πεπουζιανοί,
1084 5788 1133 5839 οἱ
1163 5784 1256 5840 καὶ
1283 5780 1748 5847 Κυϊντιλλιανοὶ,
1787 5777 1868 5843 οἷς
1913 5796 2038 5834 συν-

457 5878 724 5936 άπτονται
740 5877 1131 5950 Ἀρτοτυρῖται.
1151 5875 1244 5928 Ἐκ
1266 5871 1470 5928 τούτων
1501 5870 1600 5941 μέν
1630 5871 1734 5925 εἱσι
1762 5868 1869 5927 τῶν
1896 5868 2040 5925 κατὰ

2139 5055 2359 5126 nuptias
2406 5053 2691 5115 damnant,
2739 5063 2877 5118 quas
2913 5045 3126 5100 Satanae
3157 5044 3423 5098 tribuunt.
3467 5043 3548 5098 Ab
3592 5043 3717 5098 ani.

2140 5153 2414 5199 malorum
2461 5139 2708 5196 omnium
2737 5152 2840 5193 usu
2873 5134 3256 5192 abstinendum
3282 5148 3405 5188 esse
3447 5134 3713 5189 sentiunt.

2206 5316 2269 5373 Il.
2312 5315 2772 5385 Cataphrygastw,
2810 5310 3151 5366 Montanium
3172 5316 3226 5363 et
3258 5306 3716 5379 Tascondrugilw,

2137 5410 2231 5480 qui
2267 5416 2559 5477 utrumque
2588 5405 3001 5460 Testamentum
3036 5390 3379 5471 approbant;
3420 5397 3515 5454 sed
3544 5414 3717 5454 novos

2135 5499 2431 5570 prophetas
2477 5496 2544 5551 ad
2595 5502 2845 5564 receptos
2885 5500 2942 5548 et
2984 5492 3245 5561 antiquos
3295 5488 3597 5559 adjiciunt;
3653 5504 3719 5544 ac

2137 5588 2453 5643 Montanum
2481 5583 2793 5657 quemdam,
2817 5591 2871 5640 et
2900 5582 3230 5646 Priscillam,
3269 5596 3332 5636 ac
3363 5580 3714 5635 Maximillam

2138 5680 2455 5751 praedicant.

2215 5772 2298 5828 III.
2340 5772 2652 5841 Pepuziani,
2682 5770 2778 5841 qui
2809 5776 2871 5825 et
2904 5767 3251 5833 Quintilliani
3281 5764 3560 5826 dicuntur,
3594 5759 3717 5830 qui-

2140 5868 2246 5925 bus
2291 5865 2561 5924 accedunt
2610 5869 2665 5920 et
2701 5861 3037 5935 Artotyritae,
3084 5855 3458 5930 superioribus
3495 5851 3715 5922 quidem
