3958 6462
452 415 554 472 857

1857 413 1913 467 S.
1957 412 2013 465 El

2127 411 2301 465 [IANII
3575 418 3660 476 8&8

450 537 580 598 iilis,
602 535 707 591 hoc
729 542 812 592 est
837 532 1296 608 Cataphrygihus,
1319 534 1714 588 annumeraudi
1743 541 1888 588 sunt.
1922 532 2013 588 Sec

2133 531 2382 602 Φρύγας·
2420 531 2580 602 ’ἐτερα
2616 532 2672 584 δέ
2711 533 2837 604 παρ’
2874 504 3114 597 ἐκείνους
3150 533 3532 604 δογματίζουσι,
3575 539 3661 592 115'-

449 627 518 682 ab
562 628 630 683 iis
674 635 855 683 tamen
893 625 1108 682 diversa
1151 625 1412 682 nonnulla
1451 625 1717 683 sentiunt.
1751 626 1827 680 Ac
1851 623 2030 694 Pepu-

454 734 570 773 zam
597 718 874 774 desertum
899 717 1172 786 quoddam
1197 717 1456 788 oppidum
1479 716 1750 772 Galatiam
1782 716 1924 772 inter
1977 725 2032 770 et

449 809 850 880 Cappadociam
901 809 1068 864 situm
1115 809 1318 866 divinis
1376 809 1680 865 honoribus
1727 809 2026 872 extollunt,

447 922 677 978 eamque
717 906 1154 977 Hierosolymam
1185 921 1310 963 esse
1333 907 1544 964 dicunt.
1573 907 1898 964 Mulieribus
1942 922 2032 964 sa-

447 1015 572 1055 eros
604 998 956 1068 magistratus
984 1011 1048 1054 ac
1077 999 1386 1054 sacerdotia
1417 999 1692 1056 deferunt.
1717 999 1898 1056 Certis
1927 999 2030 1054 ini-

450 1092 654 1145 tiantnr
676 1089 976 1161 mysteriis,
999 1089 1202 1160 quibus
1222 1091 1510 1160 puerulum
1540 1091 1882 1146 confodiunt.
1909 1088 2032 1144 Fin-

445 1189 579 1253 gunt
607 1181 836 1252 Pepuzaa
863 1180 1147 1236 Christum
1181 1183 1312 1236 olim
1339 1182 1615 1247 Quintillae
1647 1183 1940 1238 videndum
1971 1197 2029 1236 se

448 1268 748 1339 praebuisse
781 1268 1036 1324 muliebri
1088 1270 1289 1340 specie.
1333 1269 1468 1325 Tam
1508 1269 1680 1328 Vetus
1715 1287 1880 1343 quam
1917 1270 2029 1326 No-

444 1376 570 1414 vum
604 1358 1018 1415 Testamentum
1051 1359 1331 1425 adhibent,
1365 1360 1436 1416 ita
1471 1370 1650 1418 tamen
1685 1371 1745 1418 ut
1769 1363 2028 1433 pleraque

446 1467 546 1524 pro
575 1451 744 1506 animi
779 1450 1010 1505 libidine
1037 1459 1396 1508 commutent.

517 1541 608 1598 IV.
653 1539 1250 1610 Tessarescwdecatitw,
1275 1543 1369 1614 qui
1394 1551 1538 1598 stato
1558 1544 1684 1598 anni
1705 1543 1792 1599 die
1819 1542 2025 1600 Pascha

447 1635 752 1691 celebrant.
785 1631 858 1687 Ut
885 1647 1269 1705 quamcunque
1296 1637 1349 1690 in
1387 1634 1528 1690 diem
1558 1651 1648 1690 xlv
1675 1636 1817 1690 luna:
1841 1634 2027 1690 incur-

447 1728 604 1792 rerit,
635 1727 754 1784 sive
799 1724 1120 1790 Sabbatum,
1155 1727 1270 1782 sive
1301 1725 1581 1782 Dominica
1629 1727 1809 1792 fuerit,
1841 1741 1904 1783 ea
1937 1727 2025 1782 die

441 1817 708 1890 jejunent,
739 1832 802 1872 ac
828 1817 1112 1888 pervigilia
1145 1817 1441 1874 celebrent.

514 1993 580 2050 ν.
645 1994 798 2066 Alogi
862 2009 891 2048 a
947 1995 1106 2050 nobis
1157 1996 1229 2050 ita
1282 1995 1584 2060 nominati,
1634 1997 1725 2066 qui
1794 1995 2022 2052 Joannis

443 2083 818 2156 Evangelium,
867 2101 931 2140 ac
971 2086 1164 2154 Λόγον,
1215 2088 1317 2141 hoc
1366 2095 1452 2141 cst
1485 2085 1720 2142 Verbum
1770 2086 1942 2143 Deum
1992 2103 2023 2141 a

444 2173 602 2230 Patre
633 2191 849 2246 semper
871 2174 1136 2245 genitum.
1163 2176 1490 2244 cmlitusque
1510 2175 1673 2246 397
1698 2175 2020 2238 demissum,

371 2316 377 2323 .
441 2265 602 2335 cujus
629 2265 682 2320 in
731 2265 1027 2336 Evangelii)
1071 2266 1166 2319 illo
1209 2266 1412 2321 mentio
1440 2267 1518 2330 lit,
1559 2265 1883 2336 repudiarit;
1922 2281 2024 2322 nec

437 2353 668 2436 Joannis
697 2355 966 2410 duntaxat
1007 2354 1383 2425 Evangelinm,
1432 2357 1526 2412 sed
1573 2367 1626 2412 et
1656 2357 2021 2428 Apocalypsin

439 2445 712 2518 rejiciunt.
843 2448 850 2452 '

511 2533 598 2588 Vl.
641 2517 930 2590 Adamiam‘
963 2535 1030 2592 ab
1073 2534 1282 2590 Adamo
1325 2534 1514 2592 nescio
1552 2551 1661 2608 quo
1700 2537 1912 2592 vivente
1937 2541 2024 2594 sic

439 2623 593 2689 dicti,
619 2624 912 2681 ridiculum
943 2625 1124 2695 potius
1141 2641 1304 2698 quam
1325 2626 1622 2683 verisimile
1673 2627 1868 2699 dogma
1894 2645 2022 2700 pro-

441 2716 684 2772 ﬁtentur.
708 2714 848 2770 Nudi
871 2716 1094 2786 quippe,
1117 2720 1308 2788 quales
1331 2733 1398 2772 ex
1425 2729 1581 2773 utero
1599 2721 1790 2774 matris
1813 2722 2020 2792 egressi

438 2817 588 2875 sunt,
635 2809 738 2864 viri
773 2807 996 2879 perinde
1040 2822 1104 2861 ac
1157 2807 1415 2864 mulieres
1466 2811 1819 2876 conveniunt,
1861 2824 2022 2883 atque

438 2902 514 2957 ita
561 2899 912 2963 lectionibus,
962 2898 1306 2954 orationibus
1368 2915 1433 2955 ac
1481 2903 1696 2958 caeteris
1741 2903 2020 2974 religionis

435 2992 627 3047 oﬂiciis
687 2991 1020 3064 funguntur;
1083 2999 1138 3046 et
1196 2991 1446 3048 videlicet
1502 2995 1896 3049 monachorum
1954 3010 2020 3050 ac

434 3085 834 3146 continentium
881 3083 1132 3149 instituta
1174 3091 1475 3152 sectantur,
1515 3088 1846 3158 nuptiasque
1885 3103 2018 3143 con-

433 3175 714 3230 demnant.
744 3172 1045 3229 Ecclesiam
1081 3186 1213 3227 vero
1237 3187 1390 3228 suam
1433 3176 1752 3246 paradisum
1798 3193 2013 3232 nuneu-

431 3273 582 3336 pant.

505 3353 612 3410 γη.
657 3355 918 3426 Sampswi
949 3356 1066 3412 sive
1099 3355 1317 3410 Είσεεωί
1359 3356 1426 3410 ad
1465 3355 1605 3410 hanc
1635 3356 1776 3410 diem
1805 3357 1858 3410 in
1884 3357 2016 3411 Ara-

431 3449 520 3502 hia
540 3449 775 3519 degunt,
821 3463 987 3517 supra
1025 3447 1296 3504 Mortuum
1335 3463 1507 3512 mare,
1551 3446 1694 3502 Elxae
1723 3447 2012 3517 cujusdam

429 3539 920 3612 pseudOprophelze
971 3537 1248 3610 discipuli.
1298 3539 1340 3592 E
1371 3541 1530 3610 cujus
1569 3541 1737 3610 stirpe
1769 3538 2014 3596 Marthus

429 3639 486 3687 et
517 3629 809 3696 Marthina,
843 3630 1060 3686 feminae
1098 3630 1219 3685 dua:
1246 3640 1402 3685 aetate
1440 3641 1628 3685 nostra
1657 3629 2010 3701 prodierunt;

430 3737 570 3793 quas
627 3721 854 3776 dearum
905 3721 1082 3777 instar
1136 3721 1362 3777 haeresis
1415 3723 1520 3777 ista
1567 3723 1758 3779 coluit.
1810 3722 2009 3779 Eadem

431 3831 596 3888 porro
624 3830 748 3870 cum
774 3814 1047 3870 Ebionzeis
1077 3815 1304 3871 omnino
1333 3815 1597 3872 sentiunt.

457 4046 471 4052 _
506 3989 638 4045 Vlll.
683 3989 1032 4044 Theodotiani
1060 4005 1089 4042 a
1118 3988 1404 4044 Theodoto
1431 3989 1680 4044 Coriario
1710 3989 2008 4060 Byzantino

429 4085 583 4139 dicti.
615 4084 722 4150 Qui
757 4081 964 4138 Graecis
1005 4082 1219 4138 artibus
1261 4082 1508 4152 adprime
1553 4083 1656 4136 fuit
1697 4083 2005 4136 institutus.

430 4175 533 4231 Hic
562 4191 688 4230 cum
727 4175 853 4230 aliis
889 4175 1220 4246 quibusdam
1249 4175 1305 4229 in
1335 4190 1398 4230 ea
1430 4190 1550 4246 quae
1582 4183 1696 4230 tum
1730 4176 2004 4241 emt-iebat,

427 4266 816 4338 persecutione
846 4267 1302 4337 comprehensus,
1336 4281 1462 4320 cum
1489 4267 1625 4322 socii
1661 4267 1782 4335 ejus
1817 4282 2008 4321 omnes

427 4357 749 4428 martyrium
790 4356 1079 4420 obiissent,
1120 4357 1276 4412 solus
1323 4357 1483 4411 ﬁdem
1514 4356 1768 4425 ejuravit.
1803 4354 1886 4411 Ob
1919 4357 2004 4410 id-

425 4463 534 4518 que
572 4448 792 4518 probris
825 4447 1121 4517 appetitus,
1161 4448 1215 4502 id
1249 4447 1602 4518 echgitavit.
1637 4455 1694 4502 ut
1719 4447 1999 4502 Christum

427 4541 636 4595 nudum
682 4555 804 4595 esse
850 4539 1127 4594 hominem
1175 4548 1467 4602 assereret,
1520 4556 1590 4594 ne
1635 4539 1854 4594 crimini
1901 4539 2003 4594 sibi
2037 4563 2083 4618 Β

428 4631 577 4686 istud
603 4638 926 4690 verteretur,
963 4629 1110 4698 quod
1133 4630 1254 4699 ejus
1289 4629 1625 4685 divinitatem
1658 4639 1933 4701 negasset.

495 4719 590 4778 IK.
633 4721 1094 4778 Melchisedeciani
1136 4720 1588 4776 Melchisedecum
1637 4723 1710 4774 ita
1743 4738 2009 4777 veneran-

424 4823 536 4877 tur,
575 4820 635 4866 ut
665 4811 921 4866 virtutem
959 4825 1088 4866 esse
1125 4807 1417 4881 quamdam
1452 4809 1724 4878 jactitent,
1755 4825 1865 4864 non
1903 4809 2008 4864 ho-

421 4907 622 4962 minem
657 4905 927 4960 duntaxat
957 4921 970 4959 :
1001 4911 1055 4959 et
1092 4903 1146 4957 in
1185 4903 1306 4973 ejus
1333 4903 1551 4956 nomine
1591 4899 1774 4957 facere
1823 4917 1886 4956 ac
1926 4902 2000 4956 di-

419 5013 542 5079 cere
572 4996 758 5052 omnia
785 5009 1130 5066 nequaquam
1162 4994 1434 5048 dubitant.

488 5086 558 5141 Χ.
599 5084 1039 5142 Bardesiahistw.
1083 5084 1444 5139 Bardesianus
1488 5085 1590 5140 iste
1623 5100 1652 5139 e
1690 5083 1998 5155 Mesopota-

417 5177 527 5230 mia
562 5177 834 5234 oriundus
865 5178 1137 5232 sinceram
1165 5175 1324 5230 iidem
1360 5175 1516 5228 initio
1548 5178 1863 5245 complexus
1887 5187 1995 5239 est,

417 5269 782 5340 ac_sapientia
811 5269 1086 5338 praestitit.
1133 5266 1238 5321 Sed
1269 5282 1299 5318 ιι
1345 5268 1574 5320 veritate
1609 5276 1796 5336 postea
1843 5283 1996 5321 rece-

2135 619 2341 684 πουζάν
2375 637 2496 674 τινα
2547 621 2700 675 πόλιν
2734 622 2940 693 ἔρημον
2967 622 3071 676 άνά
3125 623 3291 694 μέσον
3319 624 3564 690 Γαλατίας
3589 631 3667 684 καὶ

2133 711 2530 775 Καππαδοκίας
2575 711 2978 780 ἐκθειάζοντες,
3031 716 3125 767 καὶ
3170 715 3234 786 δὴ
3277 715 3468 788 ταύτην
3502 719 3665 790 Ἰερου-

2135 800 2316 872 σαλὴμ
2350 799 2642 872 ἡγούμενοι
2668 819 2681 832 ο
2717 803 2930 872 γυναιξλ⁴
2974 803 3032 856 δέ
3071 803 3408 870 ἀποδιδόντες
3431 807 3489 859 τὺ
3511 805 3668 880 ἄρχειν

2132 909 2190 946 τε
2235 891 2330 945 καὶ
2369 893 2690 962 ἱερατεύειν.
2732 893 3006 948 Μυοῦνται
3049 895 3274 962 δὲ,τινά
3335 896 3489 952 παῖδα
3531 915 3668 952 κατα.

2132 983 2446 1047 κεντοῦντες
2508 985 2646 1038 νέον.
2703 984 2816 1038 Καὶ
2878 983 2943 1056 δὴ
2995 987 3060 1056 τῇ
3125 985 3416 1058 Κυϊντίλλῃ
3466 984 3670 1056 Χριστδν

2131 1077 2309 1129 ἐκεῖσε
2343 1077 2400 1128 ἐν
2444 1075 2700 1150 Πεπούζῃ
2749 1077 3198 1147 ἀποκεκαλύιρθαι
3237 1077 3296 1130 ἐν
3343 1077 3450 1148 ἰδέᾳ
3485 1077 3672 1146 θηλείας

2135 1166 2574 1238 μυθοποιοῦνται.
2623 1169 2930 1240 Κέχρηνται
2977 1169 3034 1222 δὲ
3076 1168 3334 1232 ὡσαύτως
3376 1169 3569 1240 Παλαιᾷ
3593 1170 3674 1222 καὶ

2131 1262 2308 1332 Καινῇ
2337 1261 2600 1335 Διαθήκῃ,
2643 1262 2786 1316 κατά
2819 1261 2910 1315 τὸν
2953 1261 3076 1314 νοῦν
3104 1262 3194 1315 τὸν
3229 1262 3360 1316 ἴδιον
3387 1261 3675 1332 μεταποιού-

2133 1369 2304 1422 μενοι.

2199 1530 2272 1584 Δ⁹.
2323 1527 3057 1598 Τεσσαρεσκαιδεκατῖται,
3101 1529 3150 1581 οἱ
3197 1526 3326 1600 μίαν
3355 1526 3556 1598 ἡμέραν
3592 1524 3672 1580 τοῦ

2129 1621 2281 1684 ἔτους
2317 1621 2380 1674 τὸ
2429 1619 2623 1692 Πάσχα
2657 1619 3024 1682 ἐκτελοῦντες.
3088 1618 3176 1672 Ἐν
3219 1618 3382 1689 ὁποία
3427 1617 3470 1670 δ’
3517 1616 3678 1688 ἡμέρᾳ

2127 1711 2344 1784 ἐμπέσῃ
2383 1713 2416 1782 ἡ
2453 1710 2551 1781 τῆς
2599 1710 2826 1782 σελήνης
2858 1709 3447 1782 τεσσαρεσκαιδεκάτη,
3495 1710 3602 1778 ἦτοι
3625 1709 3676 1782 ἐν

2127 1802 2394 1874 Σαϐϐάτῳ
2445 1803 2565 1874 ἤτοι
2617 1804 2676 1856 ἐν
2705 1804 2983 1875 κυριακῇ,
3016 1801 3234 1873 ἐκείνην
3263 1819 3323 1855 τε
3358 1800 3678 1873 νηστεύοντες

2053 1881 2095 1936 Β
2129 1894 2222 1946 καὶ
2253 1893 2654 1962 ἀγρυπνοῦντες
2679 1894 3044 1965 ἑορτάζουσιν.

2197 1984 2270 2037 Ε⁹.
2318 1985 2557 2053 Ἀλογοι
2605 1985 2698 2053 ἀφ’
2729 1985 2887 2056 ἡμῶν
2936 1983 3246 2056 κληθέντες,
3279 1985 3330 2038 οἱ
3369 1985 3432 2037 τὸ
3461 1984 3678 2052 Εὐαγγέ-

2123 2076 2236 2128 λιον
2297 2076 2542 2129 Ἰωάννου
2593 2076 2688 2129 καὶ¹
2733 2076 2823 2129 τὸν
2856 2077 2914 2128 ἐν
2949 2075 3096 2146 αὐτῷ
3129 2075 3334 2130 ἀνωθεν
3359 2076 3464 2129 ἀπὺ
3493 2075 3679 2146 Πατρὸς

2125 2170 2210 2221 ἀεὶ
2243 2167 2374 2220 Θεὸν
2405 2167 2579 2236 Λόγον
2609 2167 3103 2239 παρεκὸἀλλοντες,
3133 2167 3192 2221 τὸ
3214 2167 3542 2236 Εὐαγγέλιον
3567 2165 3682 2222 αὐτὸ

2124 2259 2188 2330 δὴ
2231 2259 2292 2312 τὸ
2321 2257 2462 2312 κατά
2501 2259 2755 2330 Ἰωάννην
2787 2259 2863 2330 μὴ
2897 2258 3195 2330 δεχόμενοι,
3229 2259 3370 2330 μήτε
3401 2259 3499 2330 τὴν
3535 2258 3680 2314 αὐτοῦ

2137 2347 2528 2418 Ἀποκάλυψιν.

2197 2536 2286 2601 εἷ’.
2331 2533 2657 2603 Ἀδαμιανοί
2689 2535 2795 2588 ἀπό
2820 2551 2962 2598 τινος
3001 2534 3172 2606 Ἀδάμ
3208 2535 3412 2601 ζῶντος
3441 2535 3682 2608 καλούμε-

2123 2642 2224 2689 νοι,
2281 2624 2478 2697 χλεύης
2522 2625 2555 2696 ἦ
2596 2625 2849 2696 ἀληθείας
2900 2625 3096 2697 μᾶλλον
3146 2627 3207 2680 τὸ
3250 2628 3432 2698 δόγμα
3470 2629 3678 2698 ἔχοντες.

2123 2716 2323 2787 Γυμνοὶ
2352 2717 2480 2788 γὰρ,
2509 2717 2583 2780 ὡς
2614 2720 2676 2770 ἐκ
2713 2718 2936 2789 μητρὸς,
2991 2717 3182 2788 ἄνδρες
3215 2735 3276 2770 τε
3317 2721 3416 2774 καὶ
3452 2720 3682 2788 γυναῖκες

2122 2808 2216 2860 ἐπὶ
2251 2807 2310 2860 τὸ
2353 2809 2484 2860 αὐτὸ
2518 2809 2861 2876 συνάγονται,
2887 2807 3182 2874 καὶ-οῦτως
3207 2809 3305 2874 τὰς
3347 2809 3681 2880 ἀναγνώσεις,

2124 2901 2218 2954 καὶ
2254 2899 2438 2970 εὐχὰς,
2465 2899 2567 2972 ,καὶ
2601 2901 2708 2954 πᾶν
2749 2899 2926 2954 ὁτιοῦν
2965 2899 3299 2953 ἐπιτελοῦσι·
3342 2900 3508 2972 δῆθεν
3538 2899 3684 2972 μονά-

2123 2983 2306 3049 ζοντες
2339 3002 2396 3038 τε
2443 2988 2536 3040 καὶ
2577 2987 3031 3059 ἐγκρατευόμενοι
3063 2988 3234 3054 ὄντες,
3288 2991 3386 3044 καὶ
3419 2991 3588 3060 γάμον
3617 2989 3682 3060 μὴ

2121 3077 2420 3148 δεχόμενοι,
2477 3080 2527 3130 οἱ
2590 3080 2687 3150 τὴν
2747 3080 2925 3132 αὐτῶν
2993 3080 3316 3152 Ἐκκλησίαν
3383 3083 3683 3153 παράδεισον

2121 3167 2256 3238 ήγού
2263 3185 2434 3237 μενοι.
2989 3181 2996 3189 '

2187 3349 2261 3400 Z’.
2294 3345 2610 3416 Σαμ-ψαῒοι,
2647 3347 2696 3400 οί
2739 3349 2832 3401 κα)⁸
2872 3348 3218 3413 Ἑλκεσαῒοι,
3265 3349 3350 3404 ἔτι
3398 3351 3554 3422 δεῦρο
3596 3351 3682 3419 τὴν

2130 3438 2389 3508 Ἀραϐίαν
2423 3438 2514 3508 (οἱ)
2542 3439 2940 3504 κατοικοῦντες,
2967 3439 3312 3514 καθύπερθεν
3349 3445 3450 3514 τῆς
3485 3443 3680 3514 Napi;

2117 3529 2392 3600 θαλάσσης
2444 3528 2704 3600 κειμένην
2745 3529 2924 3601 χώραν
2949 3545 2964 3561 ·
3013 3533 3206 3597 οἵτινες
3243 3535 3356 3588 ἀπὸ
3403 3535 3498 3588 τοῦ
3538 3533 3680 3598 Ἦλξά

2114 3635 2258 3682 τινος
2281 3618 2728 3689 ψευδοπροφήτου
2751 3620 3122 3690 ἠπατημένοι·
3151 3616 3210 3676 οῦ
3237 3622 3318 3674 ἔτι
3342 3622 3505 3695 δεῦρο
3524 3625 3584 3676 ἐκ
3597 3619 3681 3674 τοῦ

2112 3711 2306 3778 γένους
2329 3709 2553 3780 ὡρμᾶτο
2581 3709 2841 3780 Μαρθοῦς
2870 3711 2966 3762 καὶ
2997 3711 3268 3783 Μαρθίνη,
3298 3717 3562 3782 γυναῖκες
3581 3712 3680 3767 δύο.

2113 3800 2585 3870 προσκυνούμεναι
2626 3799 2850 3870 ὑπὸτῆς
2882 3799 3171 3871 αἱρέσεως,
3213 3803 3288 3866 ὡς
3328 3803 3487 3858 θεαί·
3522 3821 3682 3874 παρα-

2117 3894 2360 3963 πλησίως
2391 3893 2499 3947 τῶν
2537 3894 2866 3950 Ἐὁιωναίων
2894 3897 2961 3950 τά
2994 3897 3170 3950 πάντα
3198 3896 3440 3967 ἔχοντες.

2181 3987 2264 4038 H'.
2298 3977 2690 4049 Θεόδοτιανοί,
2715 3989 2764 4040 οἱ
2785 3988 2894 4040 ἀπὸ
2909 3986 3002 4042 τοῦ
3021 3988 3274 4041 Θεοδότου
3297 3989 3570 4052 Σκυτέως,
3601 3985 3681 4039 τοῦ

2111 4073 2220 4126 ἀπὶ
2246 4071 2564 4136 Βυζαντίου.
2601 4068 2768 4140 Οὗτος
2801 4077 2857 4130 ἐν
2891 4077 3110 4150 παιδεία
3155 4075 3447 4150 Ἑλληνικῇ
3479 4079 3682 4146 γέγονεν

2112 4166 2300 4236 ἄκρος.
2330 4165 2482 4234 ’Ἅμα
2511 4165 2570 4218 δέ
2595 4165 2776 4230 ἄλλοις
2809 4168 2950 4220 τισὶν
2969 4169 3027 4220 ἐν
3059 4168 3296 4240 ἡμέραις
3326 4168 3425 4222 τοῦ
3456 4169 3573 4221 τότε
3598 4182 3682 4234 γε·

2110 4257 2334 4326 νομένου
2367 4257 2608 4328 διωγμοῦ
2651 4258 2808 4327 μόνος
2844 4257 3118 4324 ἐκπεσὼν,
3153 4259 3382 4312 ἐκείνων
3415 4275 3680 4332 μαρτυρτγ

2111 4350 2340 4412 σάντων,
2375 4348 2462 4402 διὰ
2491 4349 2550 4402 τὸ
2571 4349 2944 4414 ὀνειδίζεσθαι,
2978 4352 3270 4422 ἐπινοήσας
3293 4353 3457 4422 ψιλὸν
3485 4351 3680 4424 ἄνθρω-

2109 4455 2209 4491 πον
2238 4437 2416 4506 λέγειν
2441 4439 2531 4491 τὸν
2557 4427 2809 4510 Χριστὸν,
2847 4441 2933 4494 ἵνα
2961 4442 3032 4512 μὴ
3064 4442 3168 4496 ὑπὸ
3188 4441 3447 4514 ἔγκλημα
3471 4443 3680 4513 γένηται

2111 4527 2244 4580 Θεὸν
2275 4528 2666 4598 ἀρνησάμενος.
2703 4528 2876 4593 οὕτως
2902 4528 3158 4594 ἐδίδαξεν.

2177 4725 2254 4782 6'.
2301 4726 2852 4794 Μελχισεδεκιανο),
2893 4729 2940 4782 οἱ
2990 4728 3082 4782 τὸν
3129 4728 3466 4802 Μελχισεδὲκ
3509 4731 3678 4803 γεραί-

2073 4835 2314 4892 -ροντες,
2365 4817 2486 4870 τινά
2519 4817 2941 4890 δύναμιν-αὐτὸν
2985 4819 3306 4888 φάσκοντες,
3356 4824 3457 4876 καὶ
3499 4822 3571 4894 μὴ
3595 4822 3678 4876 ἄν·

2107 4908 2323 4980 θρωπον
2342 4906 2515 4977 ψιλὸν,
2543 4909 2636 4961 καί
2659 4911 2740 4970 εἰς
2763 4907 2824 4960 τὸ
2843 4907 3032 4962 τούτου
3060 4908 3234 4981 ὄνομα
3262 4912 3444 4965 πάντα
3467 4911 3675 4978 ἀνάγειν

2109 5000 2203 5052 καί
2232 4997 2412 5066 λέγειν
2437 4997 2849 5068 τετολμηκότες.

2179 5091 2235 5142 l'.
2287 5087 2813 5156 Βαρδησιανισταί.
2867 5091 3234 5162 Βαρδησιανὺς
3275 5087 3434 5158 οὗτος
3481 5097 3545 5147 ἐκ
3588 5091 3677 5160 τῆς

2104 5179 2531 5250 Μεσοποταμίας
2557 5180 2804 5250 ὡρμᾶτο,
2830 5181 2898 5233 τὰ
2925 5181 3118 5253 πρῶτα
3160 5183 3258 5254 μὲν
3289 5185 3390 5252 τῆς
3433 5183 3676 5255 ἀληθινῆς

2106 5270 2340 5333 πίστεως
2365 5271 2646 5342 ὑπάρχων,
2668 5271 2760 5324 καὶ
2785 5274 2842 5324 ἐν
2867 5273 3025 5344 σοφίᾳ
3050 5274 3370 5344 διαπρέπων
3386 5292 3401 5304 ·
3435 5275 3674 5334 ἐκκλίνας

419 5352 553 5410 dens
589 5359 781 5412 eadem
819 5374 944 5412 cum
991 5355 1280 5412 Valentino
1321 5357 1533 5418 docuit,
1581 5371 1779 5425 praeter
1820 5373 1990 5427 pauca

2127 5357 2158 5409 ἑὲ
2187 5359 2286 5430 τῆς
2331 5358 2609 5429 ἀληθείας,
2641 5359 3035 5430 παραπλησίως
3073 5361 3413 5436 Οὑαλεντίνῳ
3451 5363 3673 5434 ἐδογμά-

419 5446 688 5510 quaedam,
721 5448 777 5500 in
811 5449 1010 5517 quibus
1033 5448 1101 5502 ab
1125 5449 1218 5502 illo
1244 5447 1542 5518 discrepat.

491 5608 578 5664 Xl.
625 5611 898 5670 Noctiaui.
951 5617 1156 5675 Nactus
1201 5621 1288 5674 hie
1349 5621 1700 5692 Smyrnensis
1753 5638 1818 5677 ex
1861 5625 1986 5678 Asia

423 5694 542 5754 luit.
573 5701 676 5770 Qui
711 5705 766 5757 in
797 5707 966 5760 altum
1009 5711 1256 5766 sublatus
1305 5727 1430 5766 cum
1475 5713 1595 5765 aliis
1633 5714 1984 5782 quihusdam,

529 5815 548 5844 ¹
585 5817 643 5874 F.
681 5821 909 5894 ἅρματι.

2101 5465 2238 5512 τισε,
2261 5451 2430 5522 χωρὶς
2467 5450 2625 5504 ἐνίων
2665 5450 2884 5518 ὀλίγων,
2911 5445 2988 5506 ὧν
3021 5453 3335 5524 διαφέρεται
3378 5457 3518 5529 πρζις
3539 5457 3670 5508 Οὐα-

2100 5538 2353 5593 λεντῖνον.

2170 5633 2630 5700 1Λ¹.·Νοητιανοί.
2664 5634 2870 5704 Non—cog
2885 5631 3039 5700 οὗτος
3065 5638 3171 5691 ἀπὸ
3187 5639 3444 5710 Σμύρνης
3467 5639 3666 5709 ὑπῆρχε

2096 5721 2194 5789 τῆς
2229 5720 2432 5783 Ἀσίας.
2471 5721 2558 5774 Ἐν
2579 5720 2785 5791 ἅρματι
2803 5725 2816 5752 ¹
2848 5722 2905 5775 δὲ
2931 5725 3166 5794 ἐνεχθεὶς
3196 5727 3291 5780 σὺν
3311 5725 3495 5791 ἄλλοις
3517 5726 3667 5793 τισὶν,
