3958 6422
348 378 450 437 ΜΣ)

1166 370 1535 430 ADVERSUS
1569 372 1908 430 HEBESES
1947 373 2074 430 LIB.
2117 372 2180 431 II.
2219 373 2385 431 TOM.
2426 372 2465 428 I.
2509 372 2782 429 IIAERES.
2824 370 3031 427 XLVII.

3503 366 3606 421 850

352 494 658 565 Υἱοπάτορα
689 492 779 545 τὸν
804 491 1036 563 Χριστὸν
1066 491 1290 558 ἐδίδαξε,
1321 493 1412 546 τὸν
1445 492 1606 547 αὐτὸν
1636 487 1777 547 εἶναι
1811 493 1925 545 Πα-

2053 491 2346 547 ’atriﬁlium
2380 505 2627 547 asserere
2654 489 2933 545 Christum
2957 500 3127 540 ausus
3167 489 3290 548 est,
3321 478 3604 537 eumdem-

345 588 479 658 τέρα
511 585 606 639 καὶ
634 583 761 637 Υἱόν
803 585 897 638 καὶ
943 583 1099 651 ἆγιον
1125 584 1371 654 Πνεῦμα.
1425 584 1647 638 Ἑαυτὸν
1682 585 1738 638 δὲ
1774 585 1926 655 ἔλεγε

348 675 603 740 Μωῡσέα,
652 676 747 730 καὶ
791 676 881 729 τὸν
926 674 1091 729 αὑτοῦ
1140 675 1360 744 ἀδελφὺν
1420 676 1603 745 ἔλεγεν
1651 674 1784 731 εἶναι
1838 677 1927 731 τὸν

361 764 589 832 Σηρῶν.

421 858 519 911 IB'.
555 856 905 923 Οὐαλήσιοι.
963 850 1141 922 Οὗτοι,
1187 856 1365 920 καθὼς
1393 858 1791 930 ὑπειλήφαμεν,
1832 860 1927 932 τὴν

347 947 596 1001 Βάκαθον
637 948 1036 1013 κατοικοῦντες,
1093 950 1485 1023 μητροκωμίαν
1530 951 1792 1021 Ἀραϐίας
1830 954 1929 1023 τῆς

344 1038 722 1108 Φιλαδελφίας,
744 1041 794 1092 οἱ
816 1041 941 1103 τοὺς
963 1042 1480 1112 παρατυγχάνοντας
1508 1042 1924 1113 ἀποτέμνοντες.

344 1130 570 1195 Πλείαυς
589 1131 647 1184 δὲ
662 1131 840 1184 αὐτῶν
856 1132 1095 1202 εὐνοῦχοι
1114 1133 1449 1203 ὑπάρχουσιν
1464 1134 1924 1204 ἀποτετμημένοι.

344 1221 486 1275 Τινὰ
517 1222 574 1275 δὲ
605 1221 768 1294 ἔτερα
794 1223 1137 1276 διδάσκουσιν
1169 1224 1436 1296 αἱρέσεως
1468 1223 1698 1295 ἔμπλεα,
1732 1226 1928 1296 ἀφανί-

344 1312 534 1375 ζοντες
576 1312 668 1365 τὸν
712 1313 872 1383 νόμον
930 1314 1022 1366 καὶ
1072 1314 1196 1377 τοὺς
1238 1316 1521 1385 προῳήτας
1547 1318 1591 1381 ί,
1635 1317 1731 1369 καί
1777 1335 1930 1380 τινας

344 1401 742 1472 αἰσχρουργίας
766 1402 959 1473 ἐτέρας
995 1404 1476 1475 παρεισφέροντες.

416 1578 825 1646 ῙΓ¹.·Καθαροὶ,
846 1582 894 1633 οί
920 1580 1033 1650 ἅμα
1052 1580 1288 1651 Ναϐάτῳ
1312 1582 1672 1649 συναγθέντες
1692 1581 1770 1652 τῷ
1795 1582 1928 1634 Ῥω-

346 1669 514 1740 μαίῳ,
562 1670 812 1732 καὶτοὺς
862 1671 1125 1741 διγάμους
1169 1673 1444 1737 παντελῶς
1484 1674 1929 1747 ἁποϐαλλόξαενοι,

342 1760 445 1813 καὶ
475 1761 759 1829 μετάνοιαν
800 1762 873 1832 μὴ
906 1761 1206 1833 δεχόμενοι.

2033 598 2138 651 que
2167 580 2385 637 Patrem
2433 597 2497 638 ac
2525 580 2744 643 Filium,
2788 586 2842 634 et
2875 577 3143 648 Spiritum
3186 583 3440 630 sanctum
3484 588 3607 629 esse

2032 672 2296 742 proﬁteri.
2342 672 2412 729 Se
2438 689 2565 729 vero
2600 672 2839 744 Moysen,
2874 669 3095 724 fratrem
3144 680 3305 722 suum
3338 664 3607 720 Aaronem

2032 765 2237 821 dicere.
2850 818 2857 823 .

2105 855 2222 911 XII.
2276 856 2491 911 Valesii.
2539 853 2625 919 Ili,
2655 863 2919 924 quantum
2953 855 3223 923 suspicor,
3261 851 3490 905 Bacatlii
3514 851 3612 905 ba-

2035 950 2229 1013 bitant,
2282 951 2375 1019 qui
2419 956 2501 1003 est
2561 948 2772 1002 Arabiae
2814 946 3282 1016 Philadelphensis
3314 944 3610 1015 primarius

2032 1038 2208 1095 vicus.
2244 1040 2411 1094 Iidem
2446 1036 2769 1093 accedentes
2796 1036 2964 1107 398
2990 1037 3057 1092 ad
3085 1052 3205 1092 sese
3245 1043 3493 1092 castrare
3521 1049 3611 1089 so-

2033 1132 2165 1186 lent.
2195 1133 2271 1186 Ac
2304 1132 2549 1203 plerique
2579 1133 2722 1187 inter
2748 1132 2871 1188 illos
2913 1128 3151 1185 eunuchi
3175 1135 3304 1183 sunt
3348 1137 3403 1182 et
3455 1142 3613 1193 exse-

2034 1225 2127 1277 cti.
2163 1223 2376 1277 llabent
2403 1232 2457 1279 et
2483 1224 2587 1279 alia
2619 1222 2865 1294 quaedam
2914 1221 3118 1275 erroris
3155 1219 3473 1291 plenissima
3508 1219 3609 1273 do-

2033 1325 2233 1385 gmata,
2278 1324 2439 1386 atque
2475 1316 2616 1371 inter
2656 1316 2760 1370 alia
2814 1317 2982 1383 legem
3034 1328 3098 1366 ac
3147 1313 3442 1382 prophetas
3491 1312 3612 1380 reji-

2034 1408 2206 1461 cinnt.
2256 1406 2539 1462 Postremo
2586 1404 3017 1461 innumerabiles
3066 1403 3133 1456 ad
3187 1404 3277 1456 illa
3338 1402 3611 1457 fmditates

2036 1496 2319 1565 adjiciunt.

2108 1584 2246 1638 XIII.
2292 1585 2535 1639 Camari.
2574 1585 2839 1639 Novatum
2894 1584 3201 1638 Romanum
3242 1581 3417 1637 secuti
3462 1588 3610 1637 sunt.

2037 1675 2101 1727 lli
2134 1676 2384 1744 digamos
2418 1678 2637 1744 penitus
2686 1677 3072 1745 proscribunt;
3112 1673 3485 1744 pmnitcntiam
3529 1687 3608 1726 re-

2035 1762 2283 1832 pudiant.

424 1852 520 1905 IA'.
540 1853 875 1921 Ἄγγελικοί.
913 1846 1072 1906 Οὗτοι
1102 1855 1382 1917 παντελῶς
1403 1854 1671 1921 ἐξέλιπον.
1698 1854 1932 1925 Αὐχοῦν-

2106 1852 2243 1907 XIV.
2288 1854 2545 1924 Angelici.
2589 1853 2653 1908 Ili
2710 1870 2980 1924 nusquam
3035 1853 3195 1909 hodie
3248 1852 3613 1922 reperiuntur.

338 1959 443 2006 τες
480 1942 537 1995 δὲ
578 1938 720 2013 ἦσαν
770 1943 1069 2015 ἀγγελικὴν
1109 1944 1252 2014 ἔχειν
1283 1945 1466 2011 τάξιν·
1519 1944 1669 2014 ἣδιὲι
1700 1945 1762 1997 τὸ
1805 1946 1931 2007 τοὺς

340 2034 618 2105 ἀγγέλους
653 2035 1118 2105 προσκεκλῆσοαι.

418 2126 521 2181 IE'.
554 2126 980 2191 Ἀποστολικοὶ,
1002 2131 1050 2181 οἱ
1081 2128 1589 2182 καὶᾺποτακτικοὶ
1626 2130 1719 2182 καὶ
1757 2129 1931 2192 αὐτοὶ,

338 2218 391 2268 οἱ
435 2216 563 2287 περὶ
588 2217 687 2287 τὴν
722 2217 968 2270 Πισιδίαν
1000 2218 1178 2287 μόνον,
1229 2220 1625 2282 ἀποτακτικοὺς
1654 2218 1932 2291 δεχόμενοι

341 2304 734 2370 καθ’ἐαυτούς.
770 2308 1288 2379 Παραπλησιάζουσι
1308 2309 1363 2362 δὲ
1383 2314 1493 2372 τοῖς
1517 2308 1895 2380 Ἐγκρατίταις
1914 2326 1926 2339 ·

341 2396 487 2451 ἄλλα
521 2397 581 2451 δὲ
609 2401 740 2470 παρ’
762 2400 961 2462 αὐτοὺς
994 2398 1302 2469 φρονοῦσιν.

427 2569 543 2634 ις’.
575 2571 986 2634 Σαϐελλιανοὶ,
1003 2574 1051 2624 οξ
1075 2573 1141 2626 τά
1164 2574 1325 2643 ὅμοια
1340 2573 1657 2643 Νοητιανῶν
1680 2572 1935 2637 δοξάζοι-

338 2675 470 2722 τεςο
510 2660 661 2731 παρὰ
686 2662 777 2714 τὸν
801 2662 1007 2731 Νοητὸν
1038 2663 1179 2717 Πατέ
1191 2667 1290 2733 ρα²
1314 2665 1640 2719 πεπονθέναι
1662 2665 1932 2734 λέγοντες,

340 2752 684 2822 προερορικὺν
700 2752 861 2805 πάλιν
888 2754 1249 2823 ἀναχεόμενον
1277 2755 1367 2808 τὸν
1395 2755 1581 2823 Λόγον.

428 2928 523 2981 IZ'.
550 2928 956 2998 Ὠριγενιανοὶ,
981 2932 1124 2994 τινὸς
1158 2932 1483 3003 Ὠριγένους.
1508 2934 1858 3005 Αίσχροποιοὶ
1880 2935 1937 2987 δὲ

336 3014 501 3073 οὗτοί
530 3021 687 3083 εἰσιν,
714 3021 1221 3092 ἀρῤητοποιοῦντες,
1251 3024 1345 3077 καὶ
1376 3023 1444 3077 τὰ
1472 3024 1678 3079 ἑαυτῶν
1708 3025 1936 3095 σώματα

341 3110 533 3182 φθορᾷ
565 3112 968 3182 παραδιδόντες.

2036 1947 2282 2017 Angelici
2325 1961 2456 2001 vero
2512 1947 2729 2003 ordinis
2772 1963 2829 2001 se
2880 1962 3003 2002 esse
3040 1946 3472 2017 proﬁtebantur;
3523 1952 3617 1995 aut

2034 2047 2182 2091 certe
2219 2040 2364 2107 quod
2398 2038 2629 2107 angelos
2663 2038 3003 2093 invocarent.

2107 2126 2221 2184 XV.
2263 2130 2576 2197 Apostolici,
2601 2129 2693 2199 qui
2715 2138 2769 2184 et
2787 2130 3100 2198 Apotaclici,
3132 2130 3247 2184 sive
3268 2112 3616 2181 Renuntiuto-

2035 2239 2116 2275 res
2147 2222 2202 2275 in
2231 2220 2433 2276 Pisidia
2471 2222 2736 2276 duntaxat
2779 2221 3149 2275 inveniuntur.
3206 2218 3271 2273 Hi
3318 2219 3465 2275 solos
3495 2220 3619 2273 illos

2037 2311 2356 2377 admittunt,
2387 2313 2479 2382 qui
2510 2328 2572 2367 se
2600 2312 2759 2368 bonis
2786 2312 3038 2367 omnibus
3069 2310 3467 2366 abdicaverint.
3498 2310 3617 2363 Cte-

2035 2413 2210 2455 terum
2281 2402 2683 2457 Encratitarum
2744 2403 2952 2458 similes
3018 2413 3176 2467 sunt,
3238 2403 3339 2457 etsi
3401 2401 3616 2457 diversa

2036 2493 2282 2562 quardam
2309 2495 2377 2550 ab
2416 2495 2524 2550 illis
2552 2503 2823 2549 statuunt.

2110 2583 2247 2638 XVI.
2294 2583 2587 2640 Sabelliani
2621 2601 2743 2639 cum
2774 2586 3055 2641 Noetianis
3087 2586 3140 2639 in
3187 2587 3443 2640 omnibus
3490 2600 3621 2655 pro-

2039 2673 2330 2742 pemodum
2396 2676 2770 2741 consentiunt,
2823 2677 2928 2731 nisi
2973 2676 3117 2747 quod
3177 2676 3390 2731 Patrem
3439 2678 3618 2747 ipsum

2034 2774 2241 2836 negant
2286 2782 2408 2821 esse
2462 2784 2722 2838 passum;
2763 2768 2832 2824 ab
2871 2784 3045 2840 coque
3098 2770 3433 2839 prolatitium
3479 2769 3619 2822 dun-

2039 2861 2191 2907 taxat
2229 2869 2450 2908 manare
2490 2854 2748 2911 Verbum.

2110 2943 2271 2998 XVII.
2328 2945 2635 3017 Origeniani
2692 2963 2722 3000 a
2780 2947 3017 3018 quodam
3072 2947 3308 3018 Origene
3363 2948 3617 3003 derivati.

2041 3031 2367 3103 Turpissimi
2411 3036 2500 3090 isti
2547 3044 2695 3104 sunt,
2736 3054 2799 3093 ac
2837 3039 3103 3094 nefariam
3136 3051 3190 3093 et
3224 3048 3617 3110 pratposteram

2043 3124 2322 3179 libidinem
2381 3136 2658 3192 exercent,
2694 3144 2906 3201 suaque
2952 3146 3184 3200 corpora
3239 3140 3617 3201 corrumpunt.

398 3199 516 3255 lH'.
544 3202 921 3272 Ὠριγενιανοὶ
938 3205 1107 3271 ἄλλοι,
1125 3207 1433 3278 Ὠριγένους
1447 3207 1539 3261 τοῦ
1559 3209 1651 3261 καὶ
1669 3207 1933 3279 Ἀδαμανο

2109 3214 2293 3272 XVIII.
2359 3217 2669 3289 Origcniani
2727 3199 2831 3275 alii
2877 3222 2945 3277 ab
3006 3199 3239 3292 0rigene
3294 3199 3622 3277 Adamantio

341 3293 601 3358 τίου,τοῦ
620 3297 938 3364 συντάκτου,
952 3300 999 3351 οἱ
1021 3299 1119 3369 τὴν
1139 3300 1248 3353 τῶν
1263 3300 1469 3371 νεκρῶν
1487 3300 1782 3354 ἀνάστασιν
1802 3301 1935 3353 ἁποο

341 3381 706 3453 ϐαλλόμενοι·
732 3385 967 3456 Χριστὸν
992 3385 1049 3438 δὲ
1073 3388 1297 3459 κτίσμα,
1322 3389 1414 3441 καὶ
1442 3387 1501 3441 τὸ
1530 3389 1685 3455 ἆγιον
1702 3387 1936 3458 Πνεῦμα

270 3468 291 3485 “
342 3474 1095 3547 εἰσηγούμενοι,παράδεισόν
1118 3496 1177 3531 τε
1198 3480 1290 3533 καὶ
1305 3480 1363 3532 οὒ
1374 3482 1586 3551 ρανοὺς,
1602 3481 1697 3533 καὶ
1715 3479 1783 3532 τὰ
1804 3480 1936 3533 ἄλλα

345 3567 536 3622 πάντα
569 3566 995 3640 ἀλληγοροῦντες
1013 3586 1028 3600 ·
1054 3570 1291 3641 Χριστοῦ
1313 3571 1370 3623 δὲ
1400 3571 1499 3642 τὴν
1531 3556 1809 3642 βασιλείαν
1839 3587 1937 3624 πε-

345 3658 599 3713 παῦσθαι
620 3658 932 3731 ληροῦντες,
976 3662 1074 3715 καὶ
1108 3661 1243 3732 ὁμοῦ
1269 3664 1395 3725 τοὺς
1428 3662 1691 3731 ἀγγέλους
1724 3662 1937 3734 παυθή-

347 3750 583 3804 σεσθαι·
658 3751 893 3822 Χριστὸν
941 3752 998 3805 δὲ
1076 3755 1173 3808 σὺν
1262 3753 1491 3823 διαϐόλῳ
1558 3752 1942 3823 βασιλευθησο-

350 3842 513 3915 μένῳ
527 3844 566 3897 ³.

2043 3306 2329 3377 scriptore.
2368 3307 2428 3360 Ili
2476 3319 2822 3375 mortuorum
2874 3313 3334 3369 resurrectionem
3373 3321 3618 3384 negant;

2045 3407 2152 3452 tam
2179 3400 2482 3465 Christum,
2533 3419 2694 3472 quam
2727 3404 2991 3474 Spiritum
3021 3413 3271 3460 sanctum
3320 3406 3525 3460 creatis
3568 3407 3620 3459 in

2049 3490 2214 3545 rebus
2248 3502 2567 3559 numerant;
2619 3496 2954 3564 paradisum.
2990 3511 3053 3550 ac
3085 3497 3277 3556 caelos.
3317 3505 3623 3565 czeteraque

2046 3579 2229 3632 omnia
2272 3580 2338 3632 ad
2375 3582 2665 3653 allegorias
2696 3583 2938 3639 referunt
2963 3603 2993 3639 ιν
3018 3585 3220 3640 Christi
3258 3601 3483 3657 regnum
3512 3594 3621 3639 ter-

2049 3671 2367 3727 minandum
2403 3690 2547 3737 esse,
2584 3676 2968 3747 desiturosque
2991 3678 3241 3733 similiter
3273 3678 3496 3748 angelos
3522 3678 3626 3732 do-

2048 3768 2211 3826 cent;
2244 3763 2605 3836 eumdentque
2638 3782 2760 3821 cum
2807 3769 3023 3824 diabolo
3067 3767 3344 3825 Christum
3398 3768 3623 3823 alterius

2047 3866 2169 3917 csse
2202 3868 2371 3924 regno
2401 3857 2825 3926 subjiciendum.

434 4006 448 4035 ⁸
483 4022 573 4073 π).
596 4005 981 4077 σαφηνίζοντες
1006 4007 1098 4059 τοῦ
1126 4007 1290 4077 νόμου
1322 4008 1415 4061 καὶ
1443 4007 1551 4061 τῶν
1577 4008 1891 4079 προφητῶν.
1967 4010 1987 4039 ²
2010 4009 2164 4064 Corr.
2202 4016 2350 4085 παρὰ
2389 4016 2546 4068 τοῦτο
2600 4018 2791 4085 μόνονς
2839 4018 2928 4069 τὸν
2960 4020 3094 4071 "at.
3176 4023 3196 4052 ⁸
3221 4015 3279 4068 F.
3314 4013 3626 4086 βασιλευθη-

355 4074 606 4144 σόμενον.

2164 4217 2561 4227 —_~~..—.-———._‘
2574 4219 3175 4230 _~..~——_—_.-———
3185 4221 3256 4232 .—

3263 4220 3610 4234 ——_——‘4

818 4325 1199 4414 ΤΟΜΟΣ
1268 4326 1708 4414 ΠΡΩΤΟΣ
1788 4327 2018 4414 ΤΟΥ
2096 4326 2671 4417 ΔΕΥΤΕΡΟΥ
2724 4331 3187 4420 ΒΙΒΛΙΟΥ.

1422 4602 1741 4691 LIBRI
1824 4600 1912 4688 ῘΙ
1989 4600 2393 4693 TOMUS
2471 4602 2543 4690 I.

822 4844 1009 4898 ΚΑΤΑ
1047 4844 1509 4907 ΕΓΚΡΑΤΙΤΩΝ,

911 4935 1019 4988 KZ’
1047 4932 1087 5001 ἢ
1122 4933 1218 4988 καὶ
1248 4932 1385 4988 MZ'.

421 5025 497 5080 Δί.
516 5025 864 5096 Ἐγκρατίταί
884 5039 1029 5087 τινες
1051 5022 1194 5076 οὕτω
1208 5023 1550 5093 καλούμενοι,
1574 5020 1715 5079 οὗτοι
1737 5026 1827 5081 τόν
1844 5029 1946 5080 Τα-

357 5118 544 5173 mm
563 5116 912 5187 διαδέχονται,
940 5116 1099 5185 φύσει
1132 5115 1223 5169 ὑπ’
1258 5114 1422 5168 αὐτοῦ
1454 5116 1861 5187 πεπλανημένοι
1882 5136 1939 5172 τε

360 5209 460 5261 καὶ
490 5208 863 5279 ἠπατημένον
892 5208 1054 5280 ἕτερα
1082 5207 1139 5261 δὲ
1158 5207 1308 5277 παρὰ
1333 5206 1521 5259 τοῦτον
1548 5210 1937 5279 φρονήσαντες,

360 5300 461 5353 καὶ
475 5302 553 5364 εἰς
572 5300 795 5371 μείζονα
809 5299 969 5352 πάλιν
987 5297 1298 5371 ὲρεσχελίαν
1318 5299 1546 5361 ἑαυτοὺς
1564 5299 1939 5364 ὲκδεδωκότες.

361 5390 703 5462 Πληθύνουσι
722 5391 780 5444 δὲ
804 5383 948 5445 οὗτοι
980 5392 1074 5444 καὶ
1094 5392 1173 5454 εἰς
1204 5388 1362 5460 δεῦρο
1387 5390 1444 5441 ὲν
1473 5392 1539 5460 τῇ
1568 5391 1807 5458 Πισιδίᾳ,
1846 5395 1939 5445 καὶ

363 5485 425 5533 ἐν
442 5483 728 5555 τῇΦρυγίᾳ
746 5486 813 5553 τῇ
832 5483 1160 5554 Κεκαυμένῃ
1178 5481 1315 5551 (95),
1329 5482 1470 5537 οὕτω
1491 5482 1947 5554 λεγομένῃ.”1σως

380 5597 550 5682 ,.(9_5)
603 5599 698 5652 Ἐν
727 5599 803 5682 τῇ
827 5602 1048 5682 Φρυγίᾳ
1079 5599 1155 5668 τῇ
1182 5602 1534 5682 κεκαυμένῃ.
1571 5602 1643 5653 Ea
1675 5609 1758 5656 cst
1786 5602 1947 5682 apud

366 5667 694 5743 _S_trabo_nem
727 5667 899 5743 Laut
927 5667 1197 5743 Liydorum
1220 5712 1233 5731 .
1271 5667 1657 5743 Mysorumquc
1690 5667 1850 5743 regio
1878 5672 1944 5725 ad

366 5730 719 5812 Maeandrum.
748 5739 831 5812 At
868 5730 1174 5812 Stephanus
1222 5730 1727 5812 Καέακεκαυιὶένην
1752 5730 1946 5812 ῖςώραν

365 5801 446 5857 ait
475 5820 596 5862 esse
621 5807 718 5873 τῆς
747 5801 998 5876 Ἐφεσίας
1028 5827 1093 5865 cx
1126 5828 1221 5866 xm
1251 5812 1538 5868 Strabonis
1559 5801 1719 5867 libro.
1751 5801 1943 5866 (hateri

2302 4850 2467 4921 399
2499 4848 2869 4907 onsnsus
2909 4850 3365 4913 ICNCRA'I‘ITAS.

2266 4943 2397 5008 Qua!
2430 4954 2508 4996 est
2551 4943 2764 4998 hwresis
2794 4943 2894 4996 XX
2913 4942 3025 4997 VII
3045 4946 3152 4997 sive
3177 4942 3415 4998 XLVII.

2127 5034 2164 5085 I.
2207 5033 2308 5098 Qui
2356 5032 2647 5086 Encratitze
2706 5041 3005 5095 vocantur,
3055 5032 3285 5087 Tatiano
3347 5049 3627 5089 successe-

2057 5132 2203 5188 runt,
2243 5124 2401 5193 cujus
2428 5125 2710 5178 erroribus
2744 5124 2931 5177 imbuti
2968 5133 3117 5187 sunt,
3153 5124 3489 5195 eosdemque
3525 5142 3626 5180 no-

2054 5216 2135 5269 vis
2173 5213 2523 5284 opinionibus
2565 5214 2937 5277 cumularunt,
2983 5222 3035 5281 et
3074 5214 3309 5283 majores
3344 5231 3517 5287 nugas
3561 5231 3627 5270 ac

2055 5306 2246 5361 deliria
2284 5305 2577 5360 commenti
2637 5313 2782 5359 sunt.
2848 5303 3049 5359 llorum
3097 5306 3287 5374 ingens
3341 5316 3425 5363 est
3469 5307 3629 5363 hodie

2056 5410 2317 5449 numerus
2369 5395 2421 5448 in
2478 5393 2704 5455 Pisidia,
2754 5409 2926 5463 eaque
2975 5393 3222 5463 Phrygia:
3272 5405 3443 5466 parte,
3505 5415 3626 5468 qum

2055 5485 2263 5540 Adusta
2295 5484 2516 5539 dicitur.
2564 5484 2718 5548 Quod
2746 5486 2793 5537 ei
2839 5484 3046 5553 regioni
3098 5501 3294 5542 nomen
3348 5499 3497 5543 certe
3534 5487 3626 5542 Dei

2040 5604 2335 5677 Phrygiam
2382 5620 2505 5661 esse
2551 5612 2798 5677 censent.
2854 5602 3070 5677 Invenio
3098 5612 3152 5657 et
3185 5601 3502 5677 Laodiceam
3528 5619 3627 5677 co-

2047 5672 2339 5745 gnomento
2376 5675 2864 5744 κατακεκαυμένην
2917 5675 2969 5728 iu
3020 5673 3319 5744 Lycaonia,
3371 5674 3482 5728 sive
3514 5672 3624 5727 Ga-

2049 5744 2198 5810 latia,
2227 5746 2366 5800 haud
2401 5747 2587 5815 procul
2623 5745 2690 5798 ab
2726 5744 2957 5800 Isauria.
