3958 6446
354 327 454 386 851

1778 328 1837 387 s.
1876 327 2221 414 ΕιηριιΑΝιι

3514 326 3611 384 852

352 440 588 499 consilio
636 440 864 499 forsitan
907 442 1137 497 inditum
1191 449 1296 508 est,
1334 443 1480 527 quod
1510 445 1635 501 talis
1680 459 1743 501 ac
1783 447 1920 513 tanti

2047 443 2155 517 γὰρ
2182 444 2321 497 κατὰ
2342 442 2476 496 Θεοῦ
2507 442 2819 513 οἰκονομίαν
2845 457 2859 472 ⁸
2899 442 2993 499 καὶ
3018 413 3190 506 ούτως
3210 443 3244 513 ἡ
3271 446 3469 519 πατρίς
3492 443 3638 504 τοῖν,

351 535 562 589 erroris
587 533 856 609 pravitate
883 532 1031 589 illius
1064 533 1255 588 incolae
1286 534 1692 605 quodammodo
1722 535 1930 599 conﬂa-

351 608 649 694 graverint.
706 621 804 677 Est
857 622 1001 676 enim
1052 622 1352 677 bmresibus
1408 623 1652 693 adprime
1704 622 1928 678 referta.

352 714 619 770 Praeterea
662 729 792 768 vero
834 716 890 767 in
930 714 1076 768 Asia:
1127 715 1446 783 provinciis,
1507 722 1561 770 et
1608 715 1663 768 in
1697 714 1929 778 Isauria,

343 805 691 878 Pamphylia,
742 806 952 869 Cilicia,
1008 804 1241 872 Galatia,
1297 806 1594 865 Encratita:
1648 808 1931 878 pronagati

351 906 515 963 sunt;
547 898 656 951 imo
684 905 738 952 et
783 896 836 951 in
874 896 1124 951 Romano
1150 905 1348 963 tractu,
1392 905 1447 952 et
1484 898 1831 953 Antiocheno
1876 898 1934 957 in

354 988 535 1062 Syria,
572 991 698 1045 licet
727 1005 836 1044 non
871 990 1074 1061 nbiqne
1108 991 1433 1061 pervaserit.

419 1253 584 1326 5,00
612 1251 893 1322 Principia
938 1254 1105 1308 etiam
1152 1251 1229 1305 illi
1262 1251 1419 1321 plura
1466 1252 1834 1314 constituunt,
1881 1258 1936 1305 et

351 1348 493 1402 inter
522 1361 586 1402 ea
616 1345 898 1400 diabolum
930 1344 1196 1406 referunt,
1229 1358 1390 1415 quem
1425 1342 1518 1398 Dei
1542 1343 1804 1413 operibus
1835 1342 1936 1396 ad-

349 1440 581 1504 versari,
616 1453 717 1495 nec
751 1438 828 1493 illi
868 1454 991 1493 esse
1034 1436 1316 1493 subditum
1357 1437 1571 1502 volunt,
1608 1436 1705 1491 sed
1740 1435 1935 1506 praeci-

350 1545 456 1599 pua
478 1529 721 1599 quadam
760 1536 1029 1598 potestate
1057 1528 1345 1598 praeditum
1389 1542 1550 1597 agere
1591 1541 1714 1597 quze
1759 1526 1937 1581 libue-

349 1618 448 1682 rit,
478 1632 588 1672 non
620 1618 829 1671 malitia
868 1617 1246 1688 depravatum.
1286 1616 1423 1670 Cum
1456 1615 1704 1673 Ecclesia
1734 1617 1938 1687 quippe

352 1710 583 1767 minime
632 1709 1008 1776 consentiunt,
1047 1709 1143 1765 sed
1188 1724 1217 1763 a
1252 1710 1500 1764 veritatis
1527 1709 1778 1762 doctrina
1814 1710 1937 1762 lon-

2033 553 2173 606 νομα
2201 535 2390 606 εἴληφε
2419 533 2699 587 καλεῖσθαι
2729 535 2787 587 ὲν
2817 533 2897 606 τῷ
2920 534 3129 606 κόσμῳ,
3148 535 3238 595 διὰ
3252 535 3607 591 τὺκεκαῦσθαι

2033 628 2158 692 τοὺς
2199 629 2490 697 οἰκήτορας
2532 625 2640 679 ἀπὸ
2679 625 2781 695 τῆς
2826 625 3157 698 διαστροφῆς
3237 628 3333 696 τῆς
3370 627 3610 699 τοιαύτης

2034 719 2128 774 καὶ
2149 719 2420 790 τοσαύτης
2445 718 2674 789 πλάνης.
2708 719 2907 771 Πολλά)⁴
2937 716 3313 789 γάριαίρέσεις
3332 722 3390 775 ὲν
3414 722 3492 792 τῷ
3515 740 3611 791 χω-

2039 810 2156 883 ρίῳ.
2208 812 2332 879 Εἰσὶ
2371 811 2428 864 δὲ
2476 810 2568 865 καὶ
2610 812 2667 863 ὲν
2709 810 2900 883 μέρεσι
2941 810 3042 881 τῆς
3089 811 3299 879 Ἄσίας,
3337 814 3436 867 καὶ
3476 815 3531 869 ὲν
3550 816 3613 884 τῇ

2048 902 2324 974 Ἰσαύρων,
2374 902 2465 955 καὶ
2493 900 2827 973 Παμφύλων,
2881 900 2975 955 καὶ
3020 901 3260 963 Κιλίκων
3301 905 3402 974 γῇ,
3431 906 3523 957 καὶ
3561 906 3615 959 ὲν

2035 993 2303 1066 Γαλατίᾳο
2349 994 2451 1065 ἤδη
2495 993 2552 1055 δὲ
2589 995 2683 1048 καὶ
2727 992 2817 1045 ὲῐτὶ
2847 992 2908 1048 τὸ
2945 993 3052 1047 τῶν
3095 994 3383 1066 Ῥωμαίων
3418 995 3611 1066 μέρος·

2036 1085 2169 1140 ἀλλὰ
2220 1088 2314 1151 καὶ
2358 1087 2451 1140 ἐπὶ
2490 1085 2591 1156 τῆς
2630 1085 2737 1149 τῶν
2777 1084 3089 1155 Ἀντιοχέων
3132 1086 3231 1155 τῆς
3270 1086 3492 1159 Συρίας.
3548 1089 3616 1147 oo

2037 1176 2199 1231 παντὶ
2225 1178 2244 1207 ⁷
2283 1176 2341 1230 δὲ
2375 1179 2409 1248 ἡ
2433 1179 2660 1248 τοιαύτη
2692 1178 2927 1248 αἵρεσις.

2104 1269 2378 1323 Φάσκουσι
2410 1270 2466 1325 δὲ
2507 1270 2601 1329 καὶ
2653 1261 2800 1327 οὗτοι
2836 1270 3010 1341 ἀρχάς
3044 1285 3196 1332 τινας
3239 1264 3400 1334 εἶναι,
3451 1269 3547 1337 τήν
3566 1287 3621 1320 τε

2035 1360 2131 1415 τοῦ
2179 1361 2429 1415 διαϐόλου
2481 1362 2870 1432 ἀντικειμένην
2898 1361 3034 1433 πρὸς
3075 1360 3147 1417 τὰ
3178 1359 3272 1414 τοῦ
3301 1360 3437 1413 Θεοῦ
3479 1364 3622 1431 ποιή-

2040 1470 2202 1524 ματα,
2253 1453 2346 1506 καὶ
2388 1453 2464 1525 μὴ
2516 1453 2973 1525 ὑποτάσσομένην
3010 1452 3159 1526 eaq.-
3200 1452 3338 1506 ἀλλὰ
3377 1452 3621 1523 ἰσχύοντα

2037 1546 2131 1598 καὶ
2156 1544 2482 1615 πράττοντα,
2524 1545 2600 1610 ὡς
2630 1545 2773 1600 κατά
2818 1545 2953 1599 ίδίαν
2998 1543 3267 1619 ἐξουσίαν,
3300 1545 3394 1606 καὶ
3421 1545 3521 1615 οὐχ
3549 1546 3619 1610 ὡς

2039 1639 2097 1690 ὲν
2122 1639 2482 1708 παρεκτροπῇ
2509 1637 2819 1708 γενόμενον.
2854 1637 2928 1691 Ού
2962 1635 3070 1707 γὰρ
3094 1636 3237 1691 κατὰ
3257 1636 3360 1707 τὴν
3400 1635 3622 1706 Ἐκκλη-

2042 1728 2161 1781 σίαν
2194 1727 2464 1797 λέγουσιν,
2498 1716 2636 1782 ἀλλὰ
2660 1728 2835 1791 ἄλλως
2860 1726 3012 1795 παρὰ
3036 1726 3097 1780 τὸ
3122 1727 3223 1795 τῆς
3247 1727 3512 1802 ἀληθείας
3532 1740 3618 1797 κη-

353 1803 476 1871 gius
509 1801 787 1856 aberrant.
829 1800 975 1856 Inter
1022 1801 1312 1871 primarias
1366 1799 1683 1871 Scripturas
1734 1800 1937 1855 habent

2047 1836 2229 1890 ρυγμα
2268 1792 2278 1797 ἰ
2304 1819 2615 1890 Κέχρηνται
2642 1819 2700 1872 δὲ
2727 1792 2968 1889 Γραφαίς
3002 1792 3374 1887 πρωτοτύποίς
3402 1820 3522 1879 ταῖς
3541 1792 3617 1875 λέ-

352 1889 586 1947 Andreae
609 1905 673 1946 ac
693 1890 921 1948 Joannis
972 1893 1106 1947 Acta
1126 1932 1141 1958 ,
1204 1907 1421 1947 necnon
1445 1891 1690 1958 Tbomae,
1721 1904 1772 1946 et
1803 1910 1935 1963 apo-

352 1984 591 2054 cryphos
638 1983 796 2039 alios.
846 1983 888 2039 E
923 1983 1113 2041 Vetere
1162 1983 1517 2040 Testamento
1549 1999 1671 2057 quae
1715 1984 1935 2038 libuerit

352 2074 582 2145 eligunt.
627 2073 955 2145 Nuptiarum
1004 2084 1283 2131 auctorem
1331 2075 1611 2131 diabolum
1646 2074 1936 2132 manifeste

352 2167 712 2223 constituunt.
744 2167 1014 2224 Animatis
1045 2169 1194 2224 vesci
1227 2168 1543 2238 prohibent,
1577 2184 1685 2223 non
1721 2176 1936 2238 tempe-

352 2261 547 2315 rantia:
584 2260 786 2323 studio,
839 2275 1015 2331 neque
1047 2261 1311 2330 peculiari
1369 2276 1438 2316 ex
1501 2260 1756 2315 instituto
1792 2261 1934 2325 vitm,

350 2352 449 2409 sed
479 2352 617 2407 falso
643 2352 881 2427 quodam
914 2361 968 2406 et
1002 2351 1254 2407 allectato
1293 2363 1464 2419 metu,
1507 2370 1575 2407 ne
1622 2353 1692 2407 ob
1725 2353 1937 2425 anima-

351 2454 534 2500 torum
601 2461 760 2503 usum
819 2445 922 2502 sibi
980 2445 1085 2516 ipsi
1151 2445 1563 2501 damnationem
1629 2453 1936 2503 arcessant.

351 2538 565 2606 Aquam
631 2534 700 2590 ad
758 2535 1019 2607 mysteria
1071 2537 1246 2590 solam
1294 2534 1577 2592 adhibent.
1624 2533 1759 2588 Nam
1811 2536 1939 2590 vino

352 2628 574 2699 penitus
629 2629 927 2693 abstinent,
969 2636 1025 2683 et
1053 2628 1389 2683 diabolicum
1442 2628 1747 2698 appellant;
1791 2628 1938 2697 quod

351 2722 449 2793 q'ui
483 2722 698 2784 bibant,
741 2736 875 2776 eove
905 2729 1153 2786 utantur,
1194 2721 1475 2790 improbos
1523 2731 1578 2776 et
1617 2734 1939 2792 peccatores

352 2823 482 2870 esse
528 2816 799 2865 statuunt.
841 2806 1184 2863 Mortnorum
1220 2810 1685 2867 resurrectionem
1722 2826 1939 2883 appro-

354 2902 507 2966 bant,
536 2901 674 2955 adeo
702 2910 760 2954 ut
794 2900 1019 2955 furiosa:
1051 2901 1340 2970 cujusdam
1373 2903 1601 2960 insaniae
1634 2903 1792 2973 plena
1825 2905 1939 2957 haec

352 3009 479 3050 esse
502 2993 754 3047 videatur
779 2992 1029 3048 haeresis.
1057 2992 1153 3049 Est
1182 2993 1315 3049 illud
1346 3009 1481 3050 sane
1517 2994 1815 3064 cujuslibet
1850 3010 1939 3059 sa-

351 3083 557 3154 pientis
600 3091 655 3138 et
700 3083 1087 3139 observatione
1121 3092 1176 3138 et
1203 3084 1566 3140 admiratione
1592 3064 1839 3157 dignum,
1873 3101 1938 3140 ex

354 3178 616 3233 omnibus
651 3192 771 3246 qua:
800 3176 871 3231 ab
908 3176 1181 3232 haereticis
1215 3176 1321 3232 dici
1374 3174 1604 3249 ﬁerique
1634 3178 1938 3239 cernimus.

355 3271 493 3325 nihil
525 3268 633 3325 sibi
661 3278 927 3324 constans
957 3283 1024 3323 ac
1052 3275 1487 3325 consentaneum
1520 3284 1665 3334 esse,
1700 3281 1794 3324 aut
1834 3271 1942 3324 ulla

353 3362 603 3418 veritatis
640 3362 821 3434 specie
849 3359 1149 3433 probabile.

433 3542 494 3598 ll.
536 3541 751 3597 Etenim
780 3542 823 3597 si
851 3551 956 3593 tam
979 3539 1170 3607 Vetus,
1195 3554 1359 3609 quam
1391 3538 1601 3592 Novum
1627 3537 1947 3594 Testamen-

250 3652 257 3655 ‘
360 3648 475 3694 tum
520 3633 818 3704 recipiunt,
851 3630 1129 3701 quomodo
1156 3630 1376 3685 diversa
1422 3630 1512 3683 illa
1550 3628 1821 3699 principia
1848 3643 1946 3698 po-

358 3739 581 3793 nentur,
628 3726 753 3783 cum
785 3725 949 3782 ambo
993 3726 1135 3780 inter
1170 3738 1232 3780 se
1259 3722 1617 3778 Testamenta
1659 3721 1726 3777 de
1755 3722 1946 3791 singu-

358 3820 461 3875 lari
519 3817 809 3874 divinitate
855 3816 1230 3878 consentiant,
1287 3813 1523 3882 ejusque
1574 3812 1947 3883 cognitionem

361 3909 697 3984 praadicent?
738 3907 822 3963 Ad
855 3909 992 3972 haec,
1021 3908 1067 3962 si
1122 3915 1465 3961 mortuorum
1515 3915 1598 3960 cst
1634 3905 1818 3959 futura
1858 3920 1948 3959 re-

360 4002 656 4069 surrectio,
705 4002 796 4072 qui
836 4001 1056 4055 tandem
1097 3999 1342 4078 honestae
1390 3998 1593 4067 nuptiae
1621 3995 1788 4051 tribui
1829 3995 1948 4050 dia-

360 4096 487 4151 bolo
524 4101 779 4164 possunt,
822 4108 947 4147 cum
999 4090 1306 4162 praesertim
1336 4088 1479 4143 Deus
1521 4088 1792 4143 edixerit:
1821 4087 1948 4143 Cre-

360 4186 490 4239 scite
529 4192 578 4239 et
610 4182 1040 4252 multiplicamini
1066 4181 1118 4248 ις
1163 4188 1219 4234 et
1254 4181 1308 4232 in
1344 4178 1639 4249 Evangelio
1679 4177 1949 4233 Dominus

363 4278 439 4332 ita
471 4277 824 4349 praeceperit:
857 4273 990 4341 Qua:
1043 4271 1178 4325 Deus
1225 4269 1500 4333 coniunxit
1540 4270 1695 4324 homo“
1741 4286 1844 4323 non
1876 4286 1949 4323 se-

363 4371 590 4439 parat';
622 4366 718 4423 sed
755 4373 809 4421 et
852 4364 1183 4434 Apostolus:
1229 4360 1583 4417 Ποηοναίιίιεις
1635 4362 1855 4429 nuptiae,
1900 4371 1949 4414 et

2041 1909 2301 1979 γομέναις
2343 1908 2588 1980 Ἀνδρέου
2627 1907 2721 1979 καὶ
2763 1908 3010 1962 Ἰωάννου
3034 1905 3301 1975 Πράξεσι,
3328 1907 3426 1969 καὶ
3441 1906 3624 1977 Scotti.

2041 1999 2136 2051 καὶ
2191 1997 2531 2069 ἀποκρύφοις
2572 1998 2686 2050 τισὶ
2710 2036 2724 2061 ,
2757 1997 2851 2050 καὶ
2885 1991 2966 2061 οἷς
3004 1996 3283 2067 βούλονται
3331 1997 3515 2064 λόγοις
3536 1997 3629 2066 τῆς

2047 2089 2291 2153 Παλαιᾶς
2315 2084 2613 2160 Διαθήκης.
2637 2088 2742 2144 Τὸν
2774 2088 2831 2141 δὲ
2856 2088 3033 2161 γάμον
3057 2088 3244 2157 σαφῶς
3265 2087 3362 2142 τοῦ
3391 2087 3631 2149 διαϐόλου

2039 2181 2332 2251 ὁρίζονται.
2380 2178 2642 2251 Ἐμψυχα
2761 2178 3140 2257 βδελύσσονται
3178 2176 3630 2250 ἀπαγορεύοντες.

2040 2273 2138 2343 οὐχ
2174 2272 2359 2327 ἕνεκεν
2408 2270 2758 2342 ἐγκρατείας,
2807 2268 2931 2323 οὔτε
2976 2270 3279 2335 πολιτείας,
3318 2269 3461 2331 ἀλλὰ
3494 2269 3626 2323 κατά

2040 2363 2204 2433 φόϐον
2226 2404 2240 2423 ,
2306 2363 2398 2417 καὶ
2459 2362 2709 2432 ἱνδαλμὸν
2736 2360 2843 2415 ποῦ
2893 2361 2969 2432 μὴ
3022 2360 3492 2429 καταδικασθῆναι
3532 2359 3634 2411 ἀπὸ

2040 2454 2143 2525 τῆς
2180 2453 2289 2507 τῶν
2346 2452 2606 2524 ἐμψύχων
2649 2452 3025 2523 μεταλήψεως.
3086 2452 3402 2523 Κέχρηνται
3446 2450 3503 2503 δὲ
3547 2447 3631 2501 καί

2040 2542 2192 2596 αὐτοὶ
2237 2541 2554 2614 μυστηρίοις
2583 2538 2649 2593 δι’
2681 2538 2888 2602 ὕδατος.
2939 2535 3102 2593 Οἶνον
3135 2538 3192 2591 δὲ
3229 2537 3370 2603 ὅλως
3392 2538 3453 2592 ού
3478 2554 3625 2609 μετα-

2040 2633 2409 2704 λαμϐάνουσι·
2461 2633 2764 2702 φάσκοντες
2810 2625 2951 2682 εἶναι
2993 2628 3331 2684 διαὼλικόν·
3376 2630 3472 2683 καὶ
3516 2628 3630 2692 τοὺς

2042 2725 2315 2787 πίνοντας,
2365 2723 2458 2777 κα)⁸
2508 2725 2634 2785 τοὺς
2682 2721 2996 2793 χρωμένους
3049 2721 3288 2791 ἀνόμους
3345 2718 3490 2779 εἶναι
3544 2722 3630 2771 καὶ

2043 2817 2381 2888 ἁμαρτάδας.
2440 2813 2765 2867 Πιστεύουσι
2803 2812 2861 2866 δὲ
2887 2812 3008 2864 οιαὶ
3054 2810 3266 2883 νεκρῶν
3319 2810 3631 2864 ἀνάστασιν.

2054 2908 2144 2969 Ὡς
2176 2902 2316 2958 εἶναι
2354 2903 2504 2974 παρὰ
2545 2905 2658 2966 τοῖς
2701 2901 2845 2955 οὓτω
2880 2898 3327 2973 πεπλανημένοις
3366 2899 3438 2951 τὰ
3466 2896 3629 2967 πάντα

2045 2998 2244 3069 μανίας
2282 2995 2513 3067 ἔμπλεα.
2570 2994 2681 3065 Καὶ
2710 2992 2821 3064 γὰρ
2859 2992 3006 3046 ἔστιν
3043 2992 3172 3044 ἰδεῖν
3214 2990 3309 3051 καὶ
3341 2988 3633 3060 θαυμάσαι,

1990 3140 2010 3153 ,
2047 3089 2144 3143 καὶ
2183 3091 2263 3152 εἰς
2294 3085 2555 3156 ἔκπληξιν
2580 3084 2756 3138 ἐλθεῖν
2797 3084 2891 3138 τὸν
2921 3082 3209 3155 ἄνθρωπον
3242 3083 3377 3154 περὶ
3404 3081 3632 3144 πάντων,

1972 3154 2010 3194 ί¹
2046 3177 2122 3236 ὧν
2151 3183 2199 3235 οἱ
2229 3154 2501 3251 ἀλλότριοι
2532 3176 2754 3247 λέγουσί
2787 3193 2847 3229 τε
2872 3176 2965 3241 καὶ
2998 3154 3334 3247 στράττουσιν
3360 3192 3374 3203 ·
3412 3174 3634 3228 ἀσυστά-

2043 3293 2151 3340 τως
2179 3274 2287 3327 τῶν
2321 3272 2537 3327 πάντων
2593 3271 2724 3343 παρ’
2769 3270 2954 3333 αὐτοῖς
2982 3267 3291 3338 λεγομένων
3335 3284 3400 3320 τε
3438 3267 3532 3322 καὶ
3559 3281 3633 3333 γι-

2044 3364 2322 3435 νομένων,
2374 3363 2469 3415 καὶ
2511 3359 2782 3434 μηδεμίαν
2822 3358 3062 3430 ἔμφασιν
3099 3356 3360 3427 ἀληθείας
3404 3357 3635 3425 ἐπιδεχο-

2050 3458 2251 3529 μένων.

2120 3551 2192 3603 B'.
2223 3547 2288 3615 El
2310 3548 2420 3618 γὰρ
2439 3546 2735 3618 κέχρηνται
2759 3543 2973 3614 Παλαιᾷ
2993 3545 3088 3596 καὶ
3105 3542 3220 3612 Νέᾳ
3233 3540 3507 3612 Διαθήκῃ,
3529 3537 3634 3599 πῶς

2047 3642 2214 3714 ἀρχαὶ
2230 3640 2479 3710 διάφοροι
2493 3639 2552 3690 εὑ
2559 3635 3012 3709 ρεθήσονται,τῶν
3023 3633 3116 3688 δύο
3128 3632 3417 3703 Διαθηκῶν
3430 3646 3637 3701 συμφω-

2047 3729 2254 3783 νουσῶν
2278 3730 2405 3799 περὶ
2430 3728 2560 3799 μιᾶς
2583 3726 2857 3797 θεότητος,
2882 3724 2976 3778 καὶ
3002 3724 3102 3795 τὴν
3123 3721 3324 3792 γνῶσιν
3346 3736 3635 3793 κηρύττου-

2050 3821 2158 3875 σῶν
2174 3821 2195 3852 ⁸
2216 3840 2230 3888 ;
2255 3819 2318 3874 Εἰ
2335 3819 2391 3872 δὲ
2404 3818 2490 3889 εἴη
2505 3817 2599 3871 καὶ
2612 3815 2821 3887 νεκρῶν
2837 3816 3156 3878 ἀνάστασις,
3173 3812 3288 3875 πῶς
3303 3811 3391 3866 ἔτι
3406 3815 3435 3867 ὁ
3452 3810 3635 3882 σεμνὸς

2047 3918 2226 3988 γάμος
2260 3913 2353 3967 τοῦ
2385 3912 2633 3967 διαϐόλου
2671 3909 3027 3982 εὑρεθήσεται
3061 3946 3076 3971 ,
3109 3907 3268 3961 ὁπότε
3290 3906 3430 3969 Θεὸς
3458 3905 3628 3971 λέγει’

2051 4008 2397 4074 Abt-{dreath
2419 4006 2517 4059 καί
2550 4005 2935 4073 πληθύνεσθε
2953 4019 2967 4032 ·
3019 4002 3112 4055 καὶ
3137 3999 3232 4053 τοῦ
3264 3998 3467 4070 Κυρίου
3491 3999 3545 4049 ἐν
3563 3994 3632 4064 τῷ

2050 4096 2369 4167 Εὑαγγελίῳ
2410 4095 2693 4163 λέγοντος·
2763 4094 2822 4147 Ἀ
2864 4095 2897 4146 ὀ
2929 4091 3075 4158 Θεὸς
3107 4089 3502 4156 συνέζευξεν,
3537 4088 3632 4140 ἂν·

2051 4192 2282 4258 θρωπος
2302 4187 2391 4257 μὴ
2417 4184 2729 4256 χωριζέτω·
2762 4184 2856 4239 καὶ
2881 4182 2978 4237 τοῦ
3008 4181 3333 4236 Ἀποστόλου
3357 4181 3626 4250 λέγοντος’

2058 4283 2251 4351 Τίμιος
2282 4283 2315 4334 ό
2342 4277 2549 4350 γάμος,
2581 4278 2681 4331 καὶ
2706 4279 2745 4348 ἡ
2770 4277 2939 4346 κοίτη
2967 4277 3279 4346 ἁμίαντος;
3312 4275 3410 4338 Εἰς
3434 4271 3630 4325 ἑαυτῶν

2051 4375 2107 4428 δὲ
2134 4373 2360 4444 γνώμην
2388 4372 2482 4426 καὶ
2513 4371 2859 4444 παράστασιν
2890 4364 3212 4441 μυθολογίας
3240 4367 3335 4421 καὶ
3371 4366 3481 4420 τῶν
3499 4367 3518 4397 ⁹
3551 4381 3630 4416 πι-

368 4468 515 4510 torus
562 4452 939 4508 immaculatus
963 4452 1006 4504 ³.
1053 4449 1256 4506 Verum
1296 4450 1361 4503 ad
1411 4451 1722 4519 opinionem
1769 4466 1943 4513 suam,

2058 4465 2257 4517 νόντων
2289 4463 2380 4515 τὸν
2408 4456 2572 4524 οἶνον,
2604 4459 3069 4531 ἐπιλαμϐάνονται
3093 4475 3213 4512 τινα
3251 4452 3628 4529 θηρολεκτοῦν-

367 4547 485 4601 sive
524 4544 704 4614 p0tius
749 4542 988 4596 fabulam
1024 4539 1401 4602 asserendam,
1442 4555 1649 4610 eosque
1680 4540 1963 4613 damnan-V

366 4639 489 4701 dos,
515 4636 610 4707 qui
632 4637 819 4688 vinum
843 4633 1125 4695 adhibent,
1161 4632 1442 4686 nonnullis
1466 4632 1771 4688 abutuntur
1799 4631 1952 4687 Scri-

367 4739 544 4802 pturte
567 4727 725 4788 locis,
753 4740 818 4778 ac
836 4739 998 4777 voces
1025 4730 1389 4793 aucupantur,
1418 4723 1619 4792 quibus
1648 4738 1679 4775 a
1705 4723 1956 4777 dazmone

367 4822 675 4897 profectum
714 4818 860 4873 istud
891 4817 1070 4888 ipsum
1108 4815 1506 4870 demonstrent.
1544 4813 1680 4868 Nam
1720 4824 1775 4869 et
1817 4812 1957 4869 Noe-

370 4933 514 4980 Inus,
567 4914 844 4985 inquiunt,
893 4918 1253 4981 posteaquam
1304 4908 1488 4962 vinum
1529 4909 1686 4973 bibit,
1718 4907 1956 4965 nudatus

369 5017 453 5066 est
472 5009 516 5062 ⁸.
549 5007 651 5061 Lot
688 5005 875 5061 ebrius
903 5019 1029 5059 cum
1066 5001 1283 5056 ﬁliabus
1332 5002 1450 5057 suis
1482 5001 1801 5071 imprudens
1832 5017 1952 5055 con-

373 5102 567 5156 cubuit
589 5100 632 5153 ⁸.
667 5098 867 5153 Eadem
915 5097 982 5150 ad
1024 5094 1408 5150 fabricandum
1447 5095 1683 5149 vitulum
1717 5094 1958 5149 ebrietas

373 5192 645 5265 impulit“.
671 5192 791 5258 Quo
812 5191 902 5245 illa
930 5188 1226 5259 Scriptura:
1251 5187 1412 5241 thl‘ba
1430 5185 1852 5258 pertinent:Cui
1875 5199 1957 5242 tu-

378 5289 573 5342 multus
592 5291 617 5342 ?
656 5288 742 5340 cui
782 5287 1016 5356 pugnae?
1046 5284 1130 5337 cui
1164 5282 1419 5339 molestia:
1463 5297 1525 5335 ac
1552 5279 1958 5349 fabulationes?

371 5378 459 5430 cui
502 5375 662 5448 40],
707 5376 1049 5429 contritiones
1110 5374 1356 5444 frustra?
1418 5373 1569 5442 cujus
1628 5371 1777 5427 lividi
1836 5382 1958 5427 sunt

375 5468 555 5524 oculi?
602 5458 793 5519 Nonne
839 5483 1017 5520 eorum
1064 5467 1154 5536 qui
1192 5474 1674 5531 commemorantur
1713 5465 1768 5519 in
1796 5465 1961 5519 vino?

2051 4571 2162 4618 τες,
2190 4552 2283 4605 καί
2302 4568 2465 4620 φασιν
2486 4553 2551 4604 ὲκ
2573 4549 2666 4604 τοῦ
2687 4549 2925 4621 πονηροῦ
2948 4550 3009 4602 τὸ
3034 4545 3277 4601 τοιοῦτον
3304 4543 3447 4600 εἶναι
3467 4543 3624 4604 τέλος.

2056 4646 2217 4698 Ἔπιε
2245 4643 2378 4715 γάρ,
2403 4643 2557 4714 φησὶ,
2598 4641 2723 4695 Νῶε
2746 4641 2855 4696 ἀπὸ
2882 4641 2978 4694 τοῦ
3010 4641 3172 4705 οἴνου,
3203 4640 3298 4693 καὶ
3325 4634 3624 4709 ἐγυμνώθη.

2053 4738 2163 4791 Καὶ
2212 4736 2360 4801 Λὼτ,
2396 4736 2551 4807 φησὶ,
2590 4733 2900 4806 μεθυσθεὶς,
2937 4732 3273 4803 θυγατράσιν
3311 4730 3468 4792 ἰδίαις
3499 4724 3627 4780 κατὰ

2053 4829 2279 4896 ἄγνοιαν
2312 4824 2600 4897 συνεμίγη.
2648 4826 2760 4879 Καὶ
2796 4824 2884 4878 διὰ
2914 4824 3083 4894 μέθης
3114 4823 3337 4891 γέγονεν
3371 4823 3404 4892 ή
3441 4834 3624 4891 μοσχο-

2059 4919 2231 4972 ποιία.
2268 4918 2375 4971 Καί
2410 4934 2575 4987 φησιν
2613 4917 2646 4987 ή
2676 4916 2891 4988 Γραφή·
2931 4916 3053 4971 Τίνι
3081 4916 3327 4982 θόρῠϐος
3347 4929 3367 4977 ;
3389 4913 3505 4965 τίνι
3520 4906 3627 4979 μά·

2057 5027 2192 5081 χαις
2244 5012 2362 5065 τίνι
2401 5008 2605 5077 ἀηδίαι
2642 5008 2742 5063 καί
2777 5008 3033 5078 letum;
3062 5009 3183 5062 τίνι
3229 5007 3626 5075 συντρίμματα

2055 5102 2340 5171 διακενῆς
2353 5118 2373 5165 ;
2420 5102 2587 5167 τίνος
2619 5099 2895 5155 πελιδνοὶ
2927 5104 2982 5155 οἱ
3030 5100 3327 5170 ὀφθαλμοί
3345 5116 3363 5159 ;
3398 5098 3478 5153 Οὐ
3520 5093 3626 5148 τῶν

2056 5189 2447 5261 χρονιζόντων
2471 5189 2541 5242 ἐν
2568 5186 2790 5254 virete;
2823 5189 2894 5242 οὐ
2924 5186 3042 5245 τῶν
3066 5186 3497 5255 ἐξιχνευόιντων
3518 5178 3624 5232 ποῦ

2056 5285 2228 5336 πότοι
2249 5281 2516 5351 γίνονται
2536 5296 2554 5341 ,'
2592 5281 2704 5336 Καὶ
2727 5279 2862 5340 ἄλλα
2880 5277 3106 5333 τοιαῦτά
3128 5294 3253 5331 τινα
3281 5272 3624 5345 ἐξιχνεύοντες

2060 5373 2460 5445 συσσωρεύουσι
2482 5373 2572 5437 διά
2594 5375 2693 5446 τὴν
2721 5371 2928 5426 ἑαυτῶν
2963 5368 3298 5449 πιθανότητα
3323 5386 3336 5399 ο
3378 5367 3474 5419 οὐκ
3497 5361 3618 5415 εἱδόο

2057 5482 2169 5535 τες,
2204 5466 2287 5520 ὅτι
2316 5467 2423 5531 πᾶν
2452 5464 2514 5520 τὸ
2538 5464 2778 5537 ἄμετρον
2807 5460 3083 5533 πανταχοῦ
3117 5459 3381 5531 λυπηρὸν,
3412 5455 3501 5511 καὶ
3527 5451 3620 5518 ἔξω

446 5646 468 5679 ι
499 5640 641 5709 Gen.
668 5636 851 5709 1,28;
879 5655 952 5705 ιι,
996 5643 1045 5699 l.
1123 5645 1145 5674 ¹
1175 5641 1368 5697 Matth.
1400 5658 1516 5708 xu,
1548 5642 1601 5696 6.
1681 5643 1700 5677 ³
1723 5640 1889 5697 Hebr.
1912 5656 1943 5694 χ

2075 5640 2130 5696 ὁ.
2206 5641 2229 5674 δ
2260 5639 2396 5699 Gen.
2429 5657 2504 5706 ix,
2533 5639 2624 5695 21.
2700 5637 2722 5670 '
2746 5636 2883 5694 Gen.
2913 5642 3027 5704 ‘31:,
3067 5637 3157 5694 33.
3223 5630 3425 5690 ‘Exod.
3460 5638 3614 5688 xum

372 5713 425 5768 4.
507 5711 529 5744 '
557 5708 623 5766 F.
662 5707 866 5774 πάντη.
943 5710 966 5742 ⁸
994 5710 1153 5768 Deest
1181 5709 1406 5784 aliquid.
1482 5718 1502 5747 ⁸
1534 5710 1595 5766 F.
1659 5711 1798 5767 κατὰ
1828 5711 1957 5766 τῶν.
