3958 6420
231 341 348 400 857

943 337 1313 396 ADVERSUS
1352 338 1696 394 IIEBESES
1734 338 1864 395 LIB.
1907 339 1970 394 Il.
2013 339 2177 408 ΤΟΜ,
2219 341 2262 400 I.
2301 341 2577 398 IIzERES.
2613 341 2842 399 XLVIII.

3420 343 3526 401 858

236 466 337 519 καὶ
369 461 722 535 Πρίσκιλλαν,
763 458 860 515 καὶ
898 458 1267 531 Μαξιμίλλαν,
1291 458 1474 529 ἔχουσι
1511 459 1830 530 προφήτας;

1958 461 2254 530 ὀοἱρίοιιιιιι
2306 469 2457 520 sunt.
2513 461 2692 530 iisque
2744 458 3032 530 praeditam
3065 458 3368 515 Ecclesiam
3403 477 3528 518 esse

233 558 391 628 'Apa.
418 555 662 627 ήργησεν
687 555 720 624 ἡ
750 552 945 624 χάρις;
969 551 1085 605 οὐκ
1106 552 1268 625 ἀργεῖ
1292 551 1349 606 δὲ
1377 553 1410 621 ἡ
1439 549 1598 622 χάρις
1615 552 1674 604 ὲν
1697 548 1831 618 ἁγίᾳ⁵

241 645 570 718 Ἐκκλησία·
607 645 682 716 μὴ
717 643 954 713 γένοιτο1
994 643 1058 696 Εἰ
1081 643 1140 696 δὲ
1179 643 1286 707 ἓως
1319 643 1464 708 τινος
1495 644 1835 715 προεφήτευ-

242 754 350 792 σαν
379 739 428 792 οί
459 734 959 808 προφητεύσαντες,
993 736 1088 790 καὶ
1119 735 1221 788 οὐκ
1252 735 1334 788 ἔτι
1373 735 1831 806 προφητεύουσιν

241 828 386 883 ἀλλὰ
415 807 541 882 οὔτε
565 807 890 900 Πρίσκιλλα,
917 807 1039 880 οὔτε
1065 825 1383 896 Μαξιμίλλα
1415 827 1834 896 προεφήτευσαν

245 917 393 988 μετὰ
419 915 520 981 τὰς
546 915 884 987 προφητείας
931 914 1032 978 τὰς
1061 915 1152 969 διὰ
1181 913 1290 968 τῶν
1320 914 1492 983 ἁγίων
1523 915 1836 969 ἀποστόλων

245 1011 309 1061 ἐν
339 1011 405 1079 τῇ
433 1007 570 1078 ἁγία
593 1005 896 1076 Ἐκκλησία
926 1005 1370 1076 δοκιμασθείσας.
1419 1006 1575 1059 Κατὰ
1619 1007 1711 1059 δύο
1744 1001 1836 1060 οὖν

244 1101 488 1172 τρόπους
514 1096 905 1168 ἐλεγχθήσεται
939 1098 974 1168 ἠ
1003 1096 1166 1151 αὑτοῦ
1199 1097 1376 1152 ἄνοια.
1409 1098 1480 1148 Ἣ
1516 1097 1625 1168 γὰρ
1653 1095 1838 1160 δείξω-

248 1207 340 1245 σιν
357 1187 498 1244 εῖναι
525 1189 809 1260 προφήτας
841 1188 980 1258 μετὰ
1007 1187 1376 1258 Μαξιμίλλαν.
1404 1188 1489 1240 ἵνα
1516 1188 1590 1259 μὴ
1617 1190 1836 1261 ἁργήσῃ

244 1284 383 1356 παρ’
417 1283 600 1345 αὐτοῖς
631 1279 904 1350 λεγομένη
951 1277 1128 1350 χάρις·
1180 1279 1212 1351 ἦ
1253 1281 1300 1330 οἱ
1335 1281 1461 1350 περὶ
1495 1279 1836 1348 Μαξιμίλλαν

244 1373 696 1446 ψευδοπροφῆται
726 1371 1112 1440 εὑρεθήσονται
1149 1369 1288 1440 μετὰ
1313 1371 1402 1423 τὸν
1423 1371 1546 1441 ὅρον
1571 1370 1678 1423 τῶν
1710 1386 1842 1440 προ-

247 1464 503 1536 φητικῶν
531 1461 886 1534 χαρισμάτων
917 1460 1290 1532 τολμήσαντες
1310 1461 1409 1514 οὐκ
1432 1461 1539 1513 ἀπὸ
1560 1453 1656 1512 τοῦ
1683 1460 1838 1529 ἁγίου

247 1555 596 1626 Ιίνεύματος,
629 1549 745 1604 ἀλλ’
777 1550 884 1603 ἀπὸ
917 1549 1124 1621 πλάνης
1151 1550 1421 1619 δαιμόνων
1449 1551 1839 1621 ἐνθουσιασθῆ-

247 1667 366 1712 ναι,
407 1647 503 1701 καὶ
543 1635 814 1715 φαντὰσαι
855 1643 982 1703 τοὺς
1014 1641 1310 1704 ἀκούοντας
1341 1641 1540 1704 αὐτῶν,
1567 1643 1660 1694 καὶ
1695 1643 1842 1708 ὅπως

249 1739 314 1806 ἐξ
341 1737 524 1794 αὐτῶν
553 1734 662 1789 τῶν
685 1736 816 1805 παρ’
845 1734 1030 1796 αὐτοῖς
1057 1733 1367 1803 λεγομένων
1395 1735 1422 1785 ὁ
1452 1733 1672 1803 ἔλεγχος
1705 1735 1840 1805 πρὸς

1941 554 2222 616 convenit,
2278 569 2378 607 cur
2440 562 2564 621 post
2621 551 2963 614 Montanum,
3013 565 3074 603 ac
3103 549 3436 613 Priscillam.
3471 561 3528 608 et

1941 641 2294 697 Maxitnillam
2361 646 2543 698 nullos
2610 643 2814 697 habent
2885 642 3122 712 amplius
3188 643 3530 713 prophetas?

1947 731 2278 789 Divinumne
2319 743 2402 788 est
2454 751 2654 788 munus
2684 733 3058 788 exhaustum?
3092 733 3162 786 At
3197 735 3250 787 in
3287 733 3526 788 Ecclesia

1942 825 2214 879 catholica
2250 826 2470 880 minime
2507 827 2558 880 id
2591 827 2810 896 quidem
2840 834 2922 880 est
2951 824 3299 879 exhaustum.
3339 826 3524 881 Absit!

1943 915 2098 980 Quod
2146 916 2194 971 si
2225 911 2413 986 aliquo
2458 926 2619 972 tenus
2650 916 2930 986 prephetae
2965 916 3247 970 vaticinati
3283 926 3434 980 sunt,
3474 927 3529 971 et

1943 1005 2230 1060 vaticinari
2284 994 2454 1060 inodo
2510 1007 2794 1073 desinunt,
2883 1023 3233 1076 consequens
3289 1017 3376 1063 est
3463 1025 3530 1064 ne

1944 1093 2246 1149 Priscillam
2284 1097 2504 1166 quidem
2558 1109 2723 1166 atque
2781 1097 3173 1161 Maximillam,
3227 1097 3528 1152 secundum

1947 1187 2325 1256 apostolorum
2379 1189 2664 1251 vaticinia,
2733 1204 2854 1258 qua:
2903 1189 2955 1241 in
3014 1187 3261 1243 Ecclesia
3309 1199 3530 1258 recepta

1947 1285 2098 1342 sunt,
2129 1279 2415 1332 oraculum
2451 1281 2623 1333 ullum
2649 1281 2912 1334 edidisse.
2946 1279 3314 1346 Quamobrem
3357 1283 3532 1334 utrin-

1944 1386 2052 1440 que
2077 1371 2297 1424 illorum
2358 1372 2576 1427 insania
2626 1373 3046 1442 constringitur.
3090 1371 3224 1425 Nam
3269 1383 3363 1427 aut
3399 1388 3530 1442 pro-

1948 1463 2142 1531 phetas
2176 1475 2293 1532 post
2331 1463 2686 1520 Maxiinillam
2733 1464 2948 1534 aliquos
2980 1464 3270 1518 ostendant
3297 1482 3312 1531 ;
3345 1480 3414 1519 ne
3444 1479 3530 1524 ea.

1948 1570 2111 1624 quam
2155 1557 2234 1608 illi
2264 1557 2547 1624 jactitant.
2585 1557 2762 1628 gratia
2791 1557 3065 1612 exstincta
3098 1556 3385 1624 videatur;
3443 1566 3536 1610 aut

1951 1645 2246 1702 ltaxiniilln
2306 1663 2428 1699 cunt
2480 1649 2595 1703 suis
2634 1649 2784 1702 falsa:
2824 1649 2966 1702 vatis
2995 1648 3214 1702 nomine
3248 1648 3539 1702 censenda:

1950 1743 2100 1800 sunt,
2150 1754 2270 1805 qua:
2305 1747 2426 1806 post
2485 1740 2859 1808 praescriptum
2901 1739 3203 1807 prophetici
3249 1739 3378 1792 doni
3419 1737 3538 1791 olli-

250 1829 456 1892 αὺτοὺς
489 1827 811 1899 ῥηθήσεται.
847 1825 1050 1878 Φὰσκει
1089 1826 1196 1896 γὰρ
1229 1827 1261 1895 ή
1301 1827 1432 1894 παρ’
1467 1825 1650 1888 αὐτοῖς
1685 1825 1842 1894 λεγο-

1958 1827 2128 1896 :iique
2167 1839 2402 1896 tempus,
2456 1845 2566 1882 non
2603 1830 2780 1885 sancti
2815 1829 3076 1898 Spiritus,
3117 1831 3212 1884 sed
3249 1829 3538 1885 iminissia

251 1919 394 1988 μὲνη
420 1914 734 1986 Μαξιμίλλα
781 1916 812 1983 ἡ
866 1913 1159 1984 προφῆτις,
1219 1915 1322 1976 ὅτι,
1378 1915 1530 1984 ῳητὶ,
1575 1915 1712 1968 Μετ’
1741 1915 1845 1983 ἐμὲ

249 2006 554 2077 προφῆτις
588 2005 788 2059 οὐκέτι
821 2004 1018 2066 ἔσται,
1059 2004 1219 2058 ἀλλὰ
1252 2006 1595 2059 συντέλεια.
1627 2006 1760 2059 ’ἰδοὺ
1791 2008 1846 2059 δὲ

251 2100 521 2156 πάντοθεν
551 2099 802 2169 φαίνεται
830 2096 892 2149 τὸ
925 2098 1142 2168 πνεῦμα
1170 2099 1267 2168 τῆς
1303 2100 1535 2168 πλάνης.
1572 2099 1712 2150 Ὅσα
1739 2100 1846 2170 γὰρ

248 2193 303 2244 al
341 2190 621 2262 προφῆται
663 2191 943 2261 εἰρήκασι,
987 2190 1082 2242 καὶ
1127 2189 1265 2258 μετὰ
1307 2190 1572 2252 συνέσεως
1607 2206 1848 2260 παρακο-

248 2282 577 2346 λουθοῦντες
633 2280 983 2349 ἐφθέγγοντο,
1049 2280 1142 2332 καὶ
1202 2279 1564 2350 ἐτελέσθήσαν
1607 2281 1676 2332 τὰ
1719 2283 1849 2352 παρ’

252 2375 440 2430 αὐτῶν
481 2371 768 2444 εἰρημένα,
816 2373 908 2424 καὶ
955 2372 1034 2424 ἔτι
1083 2370 1407 2441 πληροῦται.
1457 2373 1604 2444 Αὕτη
1643 2374 1698 2426 δὲ
1731 2371 1851 2426 εἷπε

257 2465 380 2538 μετ’
410 2465 583 2534 αὐτὴν
620 2460 760 2516 εἶναι
803 2462 1134 2515 συντέλειαν·
1167 2461 1260 2514 καὶ
1289 2461 1442 2514 οὔπω
1474 2465 1848 2535 σννετελέσῦη,

257 2557 498 2628 μάλιστα
521 2555 792 2608 τοσούτων
828 2554 1093 2623 βασιλέων
1119 2554 1450 2623 γενομένων,
1477 2557 1572 2607 καὶ
1597 2557 1754 2608 τοτού
1771 2575 1852 2608 του

254 2645 454 2718 χρόνου
500 2644 964 2714 ὑπερϐεϐηκότος.
1013 2643 1147 2712 Ἔτη
1196 2642 1304 2713 γάρ
1353 2645 1492 2695 εἰσιν
1530 2644 1716 2697 ἔκτοτε
1743 2647 1852 2715 (99)

256 2737 433 2791 πλείω
462 2737 495 2807 ἢ
538 2735 753 2789 ἐλάσσω
791 2733 1042 2786 διακόσια
1079 2735 1434 2802 ἐννενήκοντα
1466 2733 1570 2796 ἕως
1599 2737 1690 2788 τοῦ
1719 2739 1856 2806 ήμε-

264 2829 440 2901 τὲρουι
471 2827 690 2899 χρόνου,
737 2826 1042 2879 δωδεκάτου
1075 2824 1227 2888 ἔτους
1257 2826 1727 2890 Οὑαλεντινιανοῦ,
1762 2830 1856 2881 καὶ

255 2922 584 2984 Οὐάλεντος,
622 2921 715 2973 καὶ
747 2920 786 2971 Γ
791 2916 1048 2990 ρατιανοῦ
1075 2916 1371 2987 βασιλείας·
1405 2918 1500 2970 καὶ
1521 2917 1642 2970 οὔτε
1667 2921 1699 2989 ή
1729 2937 1843 2972 συν·

255 3015 445 3070 τέλεια
488 3011 628 3067 κατὰ
671 3010 770 3082 τὴν
817 3011 1103 3080 ήχήσασαν
1151 3012 1351 3079 ἑαυτὴν
1398 3011 1728 3082 προφήτιδα,
1781 3013 1854 3082 μὴ

257 3106 503 3178 γνοῦσαν
535 3106 672 3177 μήτε
711 3105 809 3175 τὴν
844 3103 1064 3175 ἡμέραν
1093 3103 1197 3173 τῆς
1224 3105 1396 3174 αὐτῆς
1436 3103 1712 3174 τελευτῆς.
1748 3107 1856 3158 Καὶ

263 3200 399 3254 ἰδεῖν
423 3198 562 3263 ἐστι,
593 3195 711 3260 πῶς
747 3197 952 3258 πάντες
978 3195 1028 3247 οι
1060 3194 1168 3248 ἀπὸ
1197 3195 1300 3266 τῆς
1339 3195 1596 3266 ἀληθείας
1634 3198 1858 3260 ἑαυτοὺς

259 3287 751 3360 ἀλλοτριώσαντες,
787 3287 888 3340 οὐκ
915 3286 974 3338 ἐν
1004 3286 1296 3358 εὐσταθείᾳ
1313 3288 1418 3340 τινί
1439 3287 1598 3353 λόγου
1625 3288 1860 3358 μεμενή-

264 3397 450 3436 κασιν·
483 3378 599 3433 ἀλλ’
631 3379 708 3441 ὡς
740 3379 923 3448 νήπιοι
962 3379 1067 3431 ὑπὸ
1095 3378 1190 3430 τοῦ
1227 3379 1313 3430 ἀεὶ
1340 3378 1651 3442 πλανῶντος
1686 3379 1862 3446 ὄφεως

263 3471 810 3541 παραπεποιημένοι,
848 3471 929 3534 εἰς
959 3469 1238 3524 ἀπώλειαν
1255 3472 1479 3532 ἑαυτοὺς
1509 3470 1858 3524 ἐκδεδὼκασι.

261 3565 382 3618 Καὶ
416 3565 497 3624 εἰς
535 3561 598 3614 τὸ
628 3558 881 3630 γενέσθαι
929 3559 1272 3630 κατάδρωμα
1313 3559 1405 3611 τοῦ
1446 3559 1632 3623 λύκου,
1676 3562 1740 3612 ἐκ
1766 3561 1863 3630 τῆς

269 3655 520 3726 μάνδρας
543 3651 856 3725 αἱρεθέντες
891 3651 1358 3722 παρελκυσθῆναι.
1394 3653 1489 3704 καὶ
1518 3652 1692 3716 οὕτως
1725 3654 1862 3706 ἁπο-

264 3746 484 3809 λέσθαι,
517 3745 591 3816 μὴ
653 3745 989 3816 κρατοῦντες
1049 3744 1150 3816 τὴν
1180 3743 1376 3815 ἀρχὴν,
1422 3744 1558 3797 ἀλλὰ
1615 3745 1866 3797 καταλεί-

264 3838 472 3908 ψαντες
515 3835 614 3907 τὴν
663 3833 945 3906 ἀλήθειαν,
995 3835 1055 3886 ὲν
1097 3834 1342 3904 ναυαγίῳ
1392 3835 1618 3896 ἑαυτοὺς
1662 3835 1756 3887 καὶ
1802 3836 1858 3887 ὲν

267 3929 506 3983 κλύδωνι
551 3929 652 4000 τῆς
689 3927 870 3998 πάσης
904 3925 1114 3998 πλάνης
1143 3924 1613 3998 παραδεδώκασιν.
1657 3927 1720 3981 Εἰ
1751 3925 1860 3998 γὰρ

267 4021 419 4088 λέξει
457 4019 801 4091 Μαξιμίλλα,
847 4020 930 4073 ὅτι
977 4021 1266 4092 προφήτης
1309 4018 1494 4072 οὐκέτι
1537 4018 1711 4082 ἔσται,
1755 4018 1864 4090 ἄρα

265 4115 492 4184 ἀναιρεῖ
520 4111 583 4165 τὺ
614 4107 755 4165 εἶναι
789 4111 919 4182 παρ’
952 4109 1139 4170 αὐτοῖς
1167 4109 1228 4161 τὸ
1260 4109 1523 4180 χάρισμα,
1553 4109 1647 4162 καὶ
1676 4109 1754 4172 είς
1783 4107 1864 4161 ἔτι

265 4203 435 4276 δεῦρο
464 4202 748 4275 φέρεσθαι.
782 4203 846 4256 Εί
877 4202 936 4255 δὲ
975 4201 1080 4266 ἓως
1109 4201 1298 4270 αὐτῆς,
1340 4201 1416 4263 ὡς
1447 4203 1708 4271 προεῖπον
1741 4200 1860 4270 μὲν,

267 4297 338 4352 τὸ
361 4297 626 4368 χάρισμα,
659 4294 769 4365 ἄρα
795 4296 891 4348 καὶ
918 4294 1058 4364 αὑτὴ
1087 4295 1148 4346 οὑ
1184 4293 1412 4364 μετέσχε
1450 4292 1557 4344 τῶν
1592 4292 1865 4363 χαρισμά-

269 4407 408 4443 των.

1948 1921 2292 1975 αιειιιοιιίὺιιε
2343 1925 2555 1976 erroris
2612 1923 2854 1976 alllatnm
2916 1923 3207 1976 admittere
3249 1938 3360 1976 non
3412 1933 3540 1977 sunt

1949 2014 2155 2076 verita-3,
2196 2030 2259 2066 ac
2301 2014 2418 2067 suis
2462 2015 2812 2069 auditoribus
2860 2015 3109 2068 illudcre.
3146 2014 3438 2069 Enimvero
3473 2033 3539 2069 ex

1951 2105 2020 2159 iis
2079 2105 2212 2174 ipsis
2265 2122 2386 2174 qua:
2425 2115 2705 2168 asserunt,
2741 2122 2930 2161 eorum
2965 2107 3250 2159 mendacia
3285 2105 3538 2160 refellen-

1955 2206 2070 2252 tur.
2104 2195 2196 2250 Sic
2227 2198 2372 2251 enim
2410 2208 2560 2251 vates
2617 2198 2835 2251 illorum
2889 2196 3184 2250 Maximilla
3234 2198 3536 2265 pra‘dicat:

1952 2287 2082 2342 Post
2117 2305 2196 2341 me
2229 2289 2380 2340 nulla
2435 2287 2664 2356 amplius
2710 2289 2814 2340 erit
2865 2286 3216 2355 prophetissa,
3273 2286 3362 2338 sed
3417 2287 3539 2354 ﬁnis

1953 2391 2213 2450 sequetur.
2259 2379 2432 2434 Vides
2465 2387 2523 2432 ut
2561 2379 2800 2447 undique
2825 2395 2882 2431 se.
2915 2377 3108 2447 prodat
3139 2378 3344 2430 erroris
3375 2377 3507 2444 spiri
3531 2407 3542 2415 -

1933 2480 2063 2526 ~lns.
2137 2471 2270 2525 Nam
2322 2488 2668 2540 (ιιιίιιίτιιιιιμιο
2719 2473 3000 2540 prOphetae
3058 2470 3228 2523 locuti
3288 2477 3436 2532 sunt,
3480 2484 3542 2520 ea

1957 2567 2195 2619 scientes
2245 2565 2716 2632 intelligentcsque
2765 2563 3023 2615 dixerunt
3076 2579 3088 2614 :
3148 2560 3413 2628 planeque
3462 2559 3542 2610 liti

1959 2655 2209 2708 nuntiata
2267 2665 2393 2707 sunt
2429 2654 2784 2716 acciderunt,
2845 2661 2898 2705 et
2952 2651 3111 2704 hodie
3162 2651 3538 2718 perﬁciuntur.

1957 2747 2025 2799 At
2057 2747 2146 2798 illa
2188 2754 2308 2815 post
2347 2761 2405 2798 se
2437 2761 2618 2797 rerum
2669 2742 2916 2797 omnium
2974 2742 3182 2795 exitum
3244 2740 3359 2792 fore
3409 2754 3542 2809 prai-

1957 2826 2124 2899 diin;
2157 2833 2302 2903 quod
2336 2833 2601 2886 hactenus
2638 2829 2882 2884 nondum
2923 2827 3197 2881 accidisse
3229 2826 3546 2879 cernimus:

1960 2925 2258 2994 praesertim
2293 2939 2417 2977 cum
2454 2932 2534 2976 tot
2565 2923 2669 2975 sibi
2737 2922 3098 2989 imperatores
3150 2918 3548 2973 successerint.

1961 3030 2023 3068 ac
2057 3025 2265 3068 tantum
2303 3015 2376 3069 sit
2409 3014 2670 3082 temporis
2707 3011 3086 3077 interlapnutn.
3120 3005 3448 3078 Anniﬂoﬁ.
3472 3006 3552 3059 si-

1959 3108 2178 3178 quidem
2224 3109 2286 3160 ad
2324 3109 2424 3160 hoc
2481 3115 2718 3175 tempus,
2767 3105 2861 3173 qui
2915 3113 2999 3158 est
3059 3101 3446 3163 Valentiniani,
3488 3115 3551 3152 ac

1965 3199 2231 3261 Valentis,
2273 3207 2326 3253 et
2356 3197 2602 3251 Gratiani
2657 3196 3007 3266 imperatoris
3061 3210 3240 3247 annus
3289 3208 3384 3254 xu,
3429 3193 3551 3260 plus

1966 3294 2148 3347 minus
2179 3306 2311 3346 ccxc
2336 3296 2742 3352 numerantur;
2793 3297 2847 3342 et
2891 3290 3071 3340 tamen
3103 3285 3190 3338 hic
3231 3285 3318 3337 ille
3358 3282 3556 3354 praedi-

1966 3392 2090 3438 ctus
2117 3383 2183 3436 ab
2213 3382 2361 3436 inani
2415 3396 2646 3446 seseque
2703 3365 3018 3434 ostentante
3048 3375 3393 3446 prophetissa
3420 3388 3555 3425 non-

1969 3477 2098 3530 dum
2157 3489 2342 3529 rerum
2408 3474 2590 3528 exitus
2652 3471 2874 3526 advenit
2915 3483 3083 3538 :quze
3136 3466 3352 3536 quidem
3411 3463 3553 3518 diem

1969 3567 2154 3622 obitus
2199 3567 2284 3620 sui
2329 3565 2556 3621 minime
2599 3573 2937 3632 compertum
2990 3558 3203 3613 habuit.
3249 3555 3386 3609 Hinc
3424 3555 3554 3608 illud

1969 3659 2157 3712 videre
2213 3657 2363 3720 licet,
2423 3671 2617 3711 omnes
2667 3654 2758 3722 qui
2823 3669 2882 3708 se
2923 3667 2953 3705 a
2986 3650 3215 3705 veritate
3244 3653 3552 3716 segregant,

1971 3749 2178 3803 nullam
2231 3749 2286 3800 in
2341 3746 2690 3802 sermonibus
2722 3744 2924 3798 habere
2983 3739 3395 3796 constantiam:
3438 3735 3554 3797 sed,

1959 3837 2252 3892 infantium
2284 3846 2452 3899 mare,
2487 3837 2555 3890 ab
2598 3836 2896 3904 impostore
2960 3837 3214 3900 serpente
3263 3827 3545 3895 dueeptos,

1967 3932 2112 3983 ultro
2179 3945 2238 3983 se
2294 3928 2348 3982 in
2411 3929 2640 3984 exitium
2704 3925 3114 3996 perniciemque
3172 3922 3549 3985 committere;

1965 4036 2092 4075 nam
2125 4035 2248 4076 cum
2277 4030 2380 4074 uta
2399 4021 2526 4089 lupo
2553 4017 2905 4080 devorentur,
2927 4030 2956 4068 a
2975 4014 3132 4068 caula
3151 4011 3369 4080 longius
3403 4010 3560 4062 aber-

1973 4127 2099 4166 rare
2127 4126 2192 4165 ac
2228 4111 2408 4181 perire
2447 4109 2739 4172 voluerint,
2796 4122 2908 4160 non
2954 4111 3168 4159 retento
3216 4100 3488 4172 principio
3512 4099 3556 4162 ’,

1973 4206 2069 4261 sed
2106 4204 2388 4276 repudiata
2422 4203 2670 4264 veritate,
2703 4201 2758 4255 in
2793 4198 3140 4268 naufragium
3196 4205 3561 4260 errorumque

1973 4297 2220 4352 omnium
2247 4302 2629 4364 tempestatem
2663 4308 2784 4348 sese
2816 4289 3188 4359 coniecerunt.
3214 4284 3350 4339 Nam
3382 4283 3428 4336 si
3458 4282 3562 4335 hoc

1974 4387 2273 4442 Maximilla
2327 4387 2550 4452 dixerit,
2615 4384 2936 4454 prophetam
2993 4379 3230 4450 amplius
3286 4373 3558 4430 neminem

272 4483 547 4546 futurum,
597 4481 843 4536 divinum
883 4482 982 4535 hoc
1009 4480 1116 4535 illis
1158 4494 1360 4534 munus
1395 4479 1642 4534 lttriditus
1693 4481 1878 4550 eripit,
1918 4491 1976 4536 ut
2009 4484 2076 4538 ad
2114 4483 2438 4537 hodiermun
2490 4489 2707 4552 tempus
2764 4478 2987 4532 minime
3016 4478 3348 4546 perseveret.
3399 4469 3558 4536 Quod

271 4577 322 4630 si
369 4574 436 4627 ad
475 4573 624 4627 illam
656 4585 853 4641 usque,
895 4577 956 4624 ut
1003 4579 1131 4625 ante
1195 4569 1461 4634 diximus,
1511 4569 1705 4625 eadem
1764 4581 2065 4642 propagata
2117 4573 2289 4642 gratia
2353 4579 2457 4636 est,
2500 4585 2569 4626 ne
2633 4571 2749 4638 ipsa
2791 4567 3008 4638 quidem
3076 4561 3342 4633 ejusmodi
3384 4559 3562 4614 dono-

271 4681 403 4724 rum
433 4679 658 4735 compos
683 4671 770 4720 est
798 4662 966 4719 facta.

352 4759 426 4812 1".
461 4731 810 4829 Πεπλάνηται
830 4757 960 4828 γάρ.
997 4758 1336 4831 Ἐσφρὰγισε
1363 4757 1472 4829 γὰρ
1497 4759 1525 4811 ὁ
1549 4759 1755 4830 Κύριος
1778 4759 1852 4830 τὴ·

2001 4731 2006 4746 ⁸
2054 4756 2137 4810 111.
2203 4754 2311 4810 Sed
2372 4754 2633 4809 nimirum
2693 4751 3044 4806 vehementer
3106 4754 3276 4802 errat.
3344 4744 3558 4800 Etenim

267 4849 634 4921 Ἐκκλησίαν,
681 4849 776 4904 καὶ
823 4849 1143 4922 ἐπλήρωσεν
1189 4851 1329 4922 αὐτὴ
1359 4851 1376 4882 ί
1418 4851 1487 4904 τὰ
1529 4852 1862 4922 χαρίσματα.

274 4946 417 4998 Ὅτε
445 4943 556 5016 γὰρ
591 4938 661 5015 ἦν
693 4941 875 5014 χρεία,
901 4944 960 4996 ὲν
987 4944 1300 5014 προφήταις
1340 4946 1398 4996 ὲν
1428 4943 1669 5015 ἀληθινῴ
1698 4945 1864 4997 πνεύ-

277 5052 440 5109 ματι,
477 5033 572 5088 καὶ
615 5031 904 5106 ἐρρωμένη
941 5033 1172 5104 διανοίᾳ,
1223 5035 1317 5088 καὶ
1371 5033 1867 5106 παρακολουθοῦντι

273 5115 398 5196 νῷ(
423 5126 472 5178 oi
502 5123 668 5178 αὐτοῦ
727 5121 878 5192 amo:
916 5123 986 5176 τὰ
1026 5124 1205 5178 πάντα
1242 5127 1677 5196 προεφήτευσαν·
1706 5127 1870 5196 ἐμπι-

277 5215 562 5287 πλὼμενοι
591 5212 909 5284 Πνεύματος
937 5213 1114 5282 ἁγίου,
1146 5213 1286 5266 κατὰ
1311 5213 1407 5284 τὴν
1442 5213 1733 5281 ἀναλογίαν
1765 5213 1871 5265 τῶν

277 5313 356 5366 ἐκ
404 5305 720 5378 “vetitum;
763 5306 1119 5376 χαρισμάτων
1161 5308 1376 5376 ἑκάστῳ
1419 5304 1730 5373 διδομένων,
1779 5306 1872 5357 καὶ

367 5465 383 5496 ¹
418 5465 480 5520 F.
507 5455 667 5537 αὐτῇ.
745 5467 765 5497 ²
789 5464 1088 5524 (101055.11,
1118 5462 1178 5517 l9

364 5619 478 5690 {99)
521 5621 645 5674 Ἔτι
683 5619 794 5690 γάρ
833 5623 990 5674 εἰσιν
1032 5614 1872 5690 ἔκτοτε(νίιίιιιηᾲῇιιῃιιιιιιιοιξὶε

287 5685 401 5751 est.
432 5685 624 5746 A'nnus
645 5685 900 5748 Aiitonini
938 5706 1028 5743 xix
1054 5688 1306 5756 congruit
1327 5702 1472 5740 anno
1499 5685 1704 5741 Christi
1730 5685 1832 5739 H6
1857 5701 1870 5746 ;

291 5777 478 5820 anuus
511 5777 638 5817 vero
684 5761 1047 5817 Valentiniani
1084 5775 1155 5812 xu
1207 5757 1460 5812 convenit
1509 5757 1708 5810 Christi
1747 5757 1870 5810 575.

1975 4845 2120 4902 Deus
2168 4835 2469 4900 Ecclesiam
2524 4859 2680 4899 suam
2731 4841 2880 4896 velut
2917 4836 3250 4908 obsignavit,
3284 4849 3348 4888 ac
3377 4835 3562 4889 divina

1972 4939 2064 4993 illa
2119 4946 2350 4992 munera
2412 4935 2727 5004 complevit.
2779 4929 3035 4997 Quandiu
3089 4928 3236 4981 enim
3276 4924 3560 4994 prophetis

1961 5043 2101 5097 opus
2165 5027 2290 5093 fuit,
2347 5034 2403 5080 et
2461 5025 2572 5080 veri
2617 5023 2858 5094 Spiritus
2917 5019 3202 5078 instinctu,
3235 5029 3360 5068 cum
3390 5013 3562 5069 animi

1971 5122 2244 5185 ﬁrmitate,
2282 5130 2446 5190 atque
2476 5115 2812 5178 constantia,
2863 5121 2918 5167 et
2955 5126 3147 5166 eorum
3210 5122 3330 5176 qua:
3377 5108 3567 5176 loque-

1969 5223 2164 5269 rentur
2219 5211 2579 5282 intelligentia
2646 5205 2981 5262 sanctissimi
3035 5201 3138 5256 viri
3213 5214 3312 5254 sua
3368 5199 3559 5252 omnia

1975 5318 2236 5374 responsa
2263 5311 2316 5356 et
2347 5301 2567 5356 oracula
2597 5298 2887 5359 dederunt,
2928 5294 3206 5362 iidemque
3237 5304 3338 5360 pro
3373 5289 3567 5360 cujus-

1984 5614 2284 5669 Discrimen
2327 5622 2411 5668 est
2460 5625 2729 5666 annorum
2769 5608 2896 5663 9‘20.
2951 5607 3134 5674 Itaque
3182 5621 3278 5675 pro
3320 5603 3572 5658 διακόσια

1981 5688 2357 5755 ἐννενήκοντα,
2391 5683 2740 5739 scribendum
2777 5681 2878 5735 iuit
2908 5679 3157 5734 διακόσια
3183 5675 3376 5730 εἴκοσι.
