3958 6464
478 340 583 397 859
1939 349 1996 407 8.
2034 353 2041 407 l

2138 352 2379 411 lPHANIl
3622 371 3701 427 και

476 469 589 527 que
642 468 1035 513 concessorum
1078 471 1107 511 a
1148 466 1341 515 sancto
1400 458 1606 530 Spiritu
1652 463 1945 529 donorum,
2008 483 2034 521 ιι

2174 471 2319 526 κατὰ
2341 471 2439 543 τὴν
2463 473 2758 543 ἀναλογίαν
2791 474 2890 546 τῆς
2924 477 3157 545 πίστεως
3190 479 3319 552 πρὸς
3353 480 3414 534 τὸ
3442 486 3705 556 συμφέρον.

485 548 614 604 fidei
667 549 905 615 ratione,
964 565 1313 607 communem
1374 553 1442 606 ad
1494 556 1780 611 utilitatem
1824 558 1915 612 illo
1949 559 2048 630 ips¢

2170 565 2235 618 Τί
2258 561 2352 619 οὖν
2383 566 2665 638 συμφέρον
2700 561 2844 622 οὗτοι
2881 571 3195 642 είρήκασιν;
3297 575 3446 625 ποῖον

479 640 690 712 Spiritu
749 643 938 729 repleti
993 652 1142 699 sunt.
1202 643 1345 710 Quid
1392 645 1561 714 igitur
1636 648 1707 703 ab
1757 649 1863 705 illis
1886 658 1971 705 est
1999 667 2042 705 ac

2170 657 2269 727 τῆς
2304 657 2566 723 πίστεωςς
2617 661 2744 724 Πῶς
2789 662 2846 715 δὲ
2887 640 3009 732 οῦχὶ
3052 640 3261 732 μᾶλλον-
3285 659 3428 719 οὗτοί
3460 667 3579 730 εἰσι,
3605 640 3711 738 περὶ

482 732 768 789 hominum
822 735 1112 790 utilitatem
1176 735 1521 805 praedictum,
1574 748 1669 793 aut
1702 756 1825 809 quae
1882 742 2045 795 habit:

2168 739 2242 799 ὧν
2276 743 2430 801 εἶπεν
2456 752 2484 802 ὁ
2506 749 2728 822 Κύριος,
2761 751 2841 805 ὅτι
2872 750 3205 821 Προσέχετε
3236 753 3352 807 ἀπὸ
3380 752 3497 806 τῶν
3526 732 3716 822 ψευδο-

480 825 608 881 tldei
664 826 841 881 ratio?
897 826 1088 882 Nonne
1130 830 1402 897 ejusmodi
1461 831 1645 900 potius
1700 832 1931 889 habendi
1992 835 2043 889 ill

2172 843 2513 910 προφητῶν,
2549 845 2766 910 οἵτινες
2793 845 3073 915 ἔρχονται
3099 846 3251 915 πρὸς
3276 845 3433 916 ὑμᾶς
3465 846 3531 899 ὲν
3568 845 3716 900 ἐνδύ-

480 929 633 984 sunt,
667 922 734 975 de
762 921 962 991 quibus
994 921 1220 977 locutus
1275 931 1361 979 est
1412 922 1677 981 Dominus
1702 946 1713 980 :
1741 927 2043 982 Attenditel

2166 948 2319 1001 μασι
2343 932 2677 1002 προϐάτων,
2726 936 2957 991 ἔσωθεν
2981 935 3048 989 δέ
3086 938 3206 990 εἰσι
3241 937 3416 990 λύκοι
3451 936 3717 1007 [ipsam-sc;

482 1014 640 1084 falsis
677 1013 962 1084 prophetis,
1013 1015 1102 1085 qui
1148 1016 1359 1070 veniunt
1409 1017 1479 1069 ad
1520 1034 1610 1072 vos
1647 1019 1702 1071 in
1749 1021 2041 1074 vestimenti

2175 1027 2569 1099 Συγκρίνοντες
2599 1028 2707 1100 γὰρ
2729 1029 2798 1082 τὰ
2819 1031 2949 1103 παρ’
2978 1029 3157 1083 αὐτῶν
3182 1029 3468 1101 εἰρημένα,
3492 1031 3582 1083 καὶ
3604 1032 3719 1084 κατὰ

481 1107 675 1169 ovium,
708 1107 1025 1172 intrinsecus
1076 1117 1253 1163 autem
1293 1118 1416 1163 sunt
1455 1108 1567 1179 lupi
1603 1112 1901 1180 rapaces‘?
1959 1113 2044 1182 Agl

2173 1110 2548 1190 τὴνἯαλαιὰν
2579 1122 2855 1195 Διαθήκην
2887 1123 2981 1176 καὶ
3015 1121 3223 1193 Καινὴν
3253 1124 3310 1175 ὲν
3345 1121 3568 1194 ἀληθείᾳ
3593 1122 3717 1187 ὄντα,

481 1214 616 1255 vero
644 1213 768 1269 qua:
829 1199 902 1254 ab
956 1199 1068 1256 illis
1118 1198 1380 1254 dicuntur
1405 1218 1530 1255 eum
1588 1202 1655 1258 iis
1682 1217 1804 1272 qua:
1833 1203 1888 1256 in
1918 1212 2043 1258 utro

2185 1211 2277 1264 καὶ
2310 1211 2369 1263 ἐν
2402 1210 2631 1284 ἀληθείᾳ
2659 1212 2948 1283 γενόμενα,
2989 1213 3083 1266 καὶ
3119 1212 3626 1285 προπεφητευμένα,
3656 1213 3723 1266 δ’)-

480 1308 588 1362 que
615 1291 973 1349 Testamento
1025 1308 1214 1349 revera
1268 1295 1642 1359 continentur,
1684 1312 1917 1366 quaeque
1950 1311 2043 1349 cer

2175 1303 2505 1374 κιμάσωμεν
2532 1303 2662 1358 ποία
2692 1305 2995 1376 προφητεία
3026 1303 3305 1375 τυγχάνει,
3339 1304 3438 1358 καὶ
3470 1302 3593 1356 ποία
3614 1302 3712 1372 deo.

481 1384 698 1440 tissime
728 1394 884 1456 gesta
927 1400 993 1440 ac
1034 1384 1294 1456 praedicta
1326 1394 1478 1453 sunt,
1513 1396 1923 1456 comparantes,
1964 1389 2044 1446 dis

2172 1394 2563 1466 δοπροφητεία.
2625 1395 2682 1449 ’0
2731 1398 3018 1467 προφήτης
3062 1394 3202 1468 μετὰ
3239 1395 3621 1458 καταστάσεως
3654 1395 3723 1448 λο-

482 1497 779 1539 cernamus
823 1499 945 1555 quae
1001 1485 1075 1539 sit
1123 1499 1276 1550 vera,
1315 1500 1549 1555 quaeque
1592 1484 1728 1540 falsa
1761 1486 2041 1556 prophetia

2173 1483 2409 1554 γισμῶν,
2440 1485 2533 1536 καὶ
2564 1485 3084 1558 παρακολουθήσεως
3107 1486 3307 1549 ἐλάλει,
3339 1486 3436 1540 καὶ
3466 1485 3725 1554 ἐφθέγγετο

483 1573 666 1633 Verus
692 1575 899 1645 quippe
955 1575 1222 1645 propheta
1272 1592 1398 1630 cum
1446 1576 1537 1631 sul
1587 1591 1835 1647 compos,
1868 1584 1980 1631 tum
2009 1594 2046 1634 e:

2175 1575 2240 1627 ἐκ
2272 1574 2590 1645 Πνεύματος
2615 1575 2796 1644 ἁγίου.
2824 1574 2893 1629 τὰ
2914 1576 3093 1629 πάντα
3122 1576 3457 1648 ἐρρωμένως
3472 1575 3649 1642 λέγων’
3667 1574 3726 1634 ὡς

483 1681 608 1737 qua:
633 1665 853 1722 dicebat
902 1667 1237 1738 intelligens,
1298 1666 1480 1722 futura
1510 1669 1833 1735 nuntiabat;
1866 1685 2046 1739 proqu

2175 1665 2440 1735 Μωῦσῆς
2466 1670 2500 1720 ό
2529 1666 2802 1737 θεράπων
2829 1667 2934 1721 τοῦ
2954 1666 3123 1735 Θεοῦ,
3142 1667 3243 1722 καὶ
3266 1667 3487 1732 πιστός
3511 1668 3576 1720 ἐν
3593 1667 3725 1732 οἴκῳ.

485 1774 553 1815 eo
574 1773 641 1813 ac
673 1756 917 1828 Spiritus
943 1768 1170 1814 sanctus
1195 1759 1509 1829 impulerat,
1535 1760 1813 1831 praecipuo
1834 1761 2048 1831 quodan

2188 1758 2242 1810 Ὁ
2265 1756 2523 1823 ,ϐλέπων
2557 1760 2776 1829 ἐλέγετο
2802 1762 2830 1815 ὁ
2860 1762 3147 1832 προφήτης
3184 1762 3243 1814 ἐν
3282 1762 3352 1832 τῇ
3398 1759 3603 1830 Παλαιᾷ
3631 1760 3730 1811 Δια-

484 1851 658 1906 animi
692 1852 892 1907 robore
922 1851 1213 1907 vaticinari
1256 1852 1488 1909 solebat.
1525 1851 1618 1909 Sic
1649 1869 1828 1908 servus
1855 1854 1945 1908 ille
1974 1853 2047 1908 De

2181 1851 2347 1930 θήκῃ,
2371 1842 2637 1918 Ὅρασις,
2664 1851 2849 1923 φησὶν,
2880 1849 2961 1919 ἣν
2973 1847 3135 1905 εἶδεν
3171 1850 3414 1916 Ἡσαΐας
3437 1850 3562 1914 υίὸς
3587 1847 3731 1918 Ἇμὼς

483 1942 714 2015 Moyses.
747 1961 809 1997 ac
826 1943 1173 2017 ﬁdelisms
1205 1945 1261 1999 in
1293 1944 1449 1999 domo
1465 1946 1509 2000 ’.
1531 1944 1684 2001 Unde
1718 1956 1773 2000 et
1803 1945 1983 2000 videns
2014 1946 2046 2000 it

2179 1952 2213 2004 ὀ
2233 1945 2576 2018 προφήτης.
2612 1938 2816 2005 Εἶδον,
2852 1941 3007 2012 φησὶ,
3039 1939 3153 1992 τὸν
3177 1942 3406 2008 Κύριον
3436 1937 3731 2007 καθήμενον

374 2082 381 2087 .
483 2034 680 2092 Vetere
704 2034 1054 2091 Testamento
1075 2037 1340 2107 propheta
1362 2037 1567 2092 dicitur
1582 2037 1626 2091 ⁸.
1666 2037 1833 2101 Visio,
1862 2039 1937 2093 int

2179 2042 2280 2097 ἐπὶ
2325 2038 2542 2109 θρόνου
2590 2034 2858 2105 ὑψηλοῦ,
2908 2032 3005 2088 καὶ
3058 2032 3425 2100 ἐπηρμένου.
3472 2031 3574 2084 Kal
3602 2025 3733 2083 εἶδον

482 2144 643 2197 quam
692 2127 822 2182 uidit
870 2126 1050 2183 Isaias
1072 2129 1218 2198 ﬁlius
1267 2131 1430 2183 Amos
1486 2129 1763 2200 propheta.
1802 2129 1921 2185 Vidi
1965 2131 2041 2185 Do

2181 2131 2449 2202 σεραφὶμ
2467 2128 2568 2183 καὶ
2590 2126 2895 2197 χερουϐίμσ
2920 2123 3023 2178 καὶ
3051 2121 3292 2191 ἥκουσα
3320 2121 3529 2191 φωνῆς
3549 2121 3732 2189 Κυρίου

482 2221 685 2274 minum
738 2221 1002 2275 sedentem
1053 2236 1210 2290 super
1252 2220 1502 2297 thronum
1532 2222 1797 2275 excelsum
1829 2230 1877 2275 et
1898 2223 2042 2276 elera

2181 2227 2486 2295 λεγούσης
2514 2222 2661 2291 πρός
2690 2237 2786 2291 με·
2827 2216 3056 2280 Βάδιζε,
3086 2211 3260 2270 εἷπον
3293 2205 3377 2281 τῷ
3403 2214 3531 2282 λαῷ
3560 2215 3731 2280 τούτῳ·

485 2322 617 2367 tum.
682 2312 749 2366 Et
780 2312 887 2367 vidi
916 2313 1183 2383 seraphim
1212 2322 1261 2367 et
1286 2312 1589 2376 cherubim;
1620 2322 1669 2367 et
1695 2315 1877 2368 audivi
1899 2330 2048 2369 vocen

2194 2316 2366 2386 Ἀκοῇ
2395 2316 2719 2383 ἀκούσητε,
2751 2311 2851 2365 καὶ
2878 2312 2950 2364 οὑ
2973 2308 3058 2378 μὴ
3096 2306 3351 2379 μάθητε’
3383 2307 3483 2361 καὶ
3505 2307 3733 2372 βλέπον·

484 2404 702 2459 Domini
755 2402 1012 2458 dicentem
1046 2404 1116 2461 ad
1150 2420 1231 2458 me
1262 2420 1281 2458 :
1318 2404 1481 2471 Vade,
1522 2406 1609 2460 dic
1663 2407 1858 2476 popula
1912 2406 2033 2461 huic

2184 2427 2285 2476 τες
2310 2407 2605 2477 βλέηψητε,
2637 2406 2735 2459 καὶ
2764 2405 2837 2459 οὐ
2865 2400 2952 2472 μὴ
2990 2400 3179 2470 ἴδητε.
3209 2402 3324 2455 Καὶ
3350 2399 3585 2464 ἀκούσας
3612 2397 3733 2470 παρὰ

480 2494 686 2550 Audita
714 2496 967 2563 audietis,
997 2507 1048 2551 et
1083 2511 1189 2551 non
1217 2496 1563 2569 intelligetis;
1591 2507 1640 2553 et
1665 2499 1894 2554 videntes
1932 2501 2043 2554 vide

2182 2508 2278 2563 τοῦ
2319 2507 2548 2578 Κυρίου,
2590 2501 2761 2558 ἐλθὼν
2812 2500 2947 2572 προς
2988 2498 3080 2551 τὸν
3114 2496 3242 2550 λαὸν
3273 2495 3405 2568 ἔφη’
3451 2497 3585 2552 Τάδε
3606 2494 3734 2566 λέγει

484 2589 633 2653 bilis,
654 2596 703 2643 et
728 2605 831 2644 non
852 2589 1117 2657 aspicietis
1135 2588 1178 2643 ⁵.
1201 2587 1335 2656 Quae
1358 2604 1483 2644 cum
1511 2591 1753 2647 audisset
1769 2606 1800 2645 a
1820 2593 2071 2659 Domino,
2183 2602 2418 2671 Κύριος.

484 2690 601 2735 tum
629 2678 697 2735 ad
723 2682 985 2752 p0pulum
1025 2680 1296 2737 accedens
1340 2681 1416 2735 ita
1448 2683 1746 2739 narrabat:
1779 2682 1909 2737 Herc
1946 2682 2077 2739 dicit

487 2770 773 2826 Dominus.
3710 2823 3720 2837 κ

566 2861 804 2918 Videsne
847 2862 1201 2934 intelligentia
1240 2862 1355 2919 hate
1405 2879 1529 2921 esse
1563 2879 1687 2935 qua:
1736 2865 1904 2933 dicat,
1966 2881 2078 2921 non

2257 2864 2369 2934 Οὐχ
2394 2863 2548 2934 ὁρᾷς,
2569 2861 2652 2914 ὅτι
2699 2853 3233 2931 παρακολουθοῦντος
3282 2855 3313 2908 ὁ
3338 2853 3514 2922 λόγος,
3547 2845 3629 2902 καὶ
3661 2844 3734 2897 οὐκ

488 2955 612 3026 ejus
637 2954 731 3025 qui
788 2964 944 3010 extra
983 2961 1310 3023 potestatem
1363 2958 1601 3012 exierit?
1641 2956 1776 3012 ham
1806 2958 2051 3028 ejusmod

2188 2954 2563 3026 ἐξισταμένου,
2597 2952 2722 3006 οὔτε
2766 2951 2842 3014 ὡς
2876 2949 3235 3021 ἐξισταμένης
3256 2946 3545 3015 διανοίαςή
3565 2938 3735 3013 (pilam

491 3062 597 3101 vox
623 3045 829 3100 nullam
859 3042 1031 3101 fuisse
1051 3046 1252 3102 mentis
1282 3047 1749 3117 perturbationem
1781 3048 2054 3119 signiﬁcat

2187 3050 2507 3114 ἀπεδίδοτο;
2550 3046 2826 3108 Ὡσαύτως
2873 3045 2929 3101 δὲ
2973 3040 3378 3111 καὶ,’1εζεκιὴλ
3415 3042 3444 3094 ὁ
3486 3038 3627 3107 ἅγιος
3663 3033 3734 3087 καὶ

489 3137 568 3194 Ita
599 3147 826 3194 sanctus
846 3136 1096 3193 Ezechiel
1131 3140 1395 3209 propheta
1426 3139 1645 3196 dicente
1658 3140 1888 3197 Domino
1922 3157 1937 3199 :
1964 3140 2047 3195 Fa

2190 3143 2490 3215 προφήτης.
2521 3137 2736 3192 ἀκούων
2764 3135 2913 3208 παρὰ
2938 3133 3168 3206 Κυρίου,
3194 3133 3277 3185 ὃτι
3307 3132 3573 3198 Ποίησον
3597 3140 3735 3215 σεαυ-

490 3232 589 3286 tibi
614 3246 802 3300 panem
826 3231 880 3285 in
904 3239 1134 3285 stercore
1155 3230 1408 3294 humano,
1433 3232 1751 3303 respondit:
1775 3233 1951 3297 Absit,
1975 3231 2053 3287 Do

2188 3214 2268 3298 τῷ
2293 3232 2475 3301 ἄρτον
2509 3229 2609 3282 ἐπὶ
2640 3229 2868 3295 κόπρου
2909 3225 3302 3293 ἀνθρωπείας,
3341 3223 3525 3291 ἔλεγεο
3576 3214 3734 3285 Μηδα-

488 3323 668 3378 rm'ne!
723 3322 858 3377 nihil
896 3339 1128 3394 unquam
1165 3339 1440 3378 commune
1468 3333 1517 3378 et
1548 3324 1881 3378 immundum
1916 3326 2051 3379 intra

2182 3323 2330 3395 μῶς,
2366 3323 2572 3391 Κύριε·
2603 3319 2891 3375 οὐδέποτε
2908 3315 3115 3389 κοινὸν
3148 3315 3254 3369 παὶ
3290 3313 3622 3382 ἀκάθαρτον
3637 3311 3732 3362 εισ-

487 3416 562 3472 oit
600 3416 656 3470 in
713 3432 771 3471 os
818 3432 991 3470 meum
1018 3416 1063 3470 ⁸.
1097 3414 1234 3470 Cum
1267 3418 1413 3472 enim
1466 3416 1750 3472 minitandi
1776 3405 1951 3487 gratia
1981 3419 2050 3474 sil

2187 3415 2377 3485 ἦλθεν
2421 3415 2508 3480 εὶς
2573 3411 2640 3464 τὸ
2678 3411 2872 3480 στόμα
2920 3426 3063 3478 μου.
3111 3405 3406 3462 Γινώσκων
3439 3404 3543 3491 γὰρ
3576 3400 3660 3471 τὴν
3686 3396 3734 3449 δι’

488 3522 523 3562 a
543 3506 776 3563 Domino
808 3506 1018 3560 dictum
1050 3505 1185 3560 illud
1216 3507 1703 3576 animadverteret,
1741 3524 1848 3564 non
1881 3509 2029 3564 velut

2188 3505 2418 3577 ἀπειλὴν
2446 3506 2522 3575 (l)
2558 3501 2860 3573 λεγομένην
2890 3500 3027 3571 πρὸς
3051 3498 3211 3552 αὐτὸν
3237 3499 3402 3571 ῥῆσιν
3428 3491 3732 3575 ὑπὸρκυρίου,

491 3597 696 3651 mentis
713 3600 861 3650 statu
887 3594 1154 3664 deiectus,
1185 3595 1371 3651 statim
1405 3595 1588 3652 facere
1620 3597 1766 3653 istud
1794 3613 2054 3669 aggressu

2191 3598 2283 3653 καὶ
2308 3599 2427 3668 οὐχ,
2464 3597 2540 3661 ὡς
2567 3597 2627 3649 ἐν
2655 3594 2911 3649 ἐκστάσει
2939 3594 3179 3656 διανοίας
3203 3593 3524 3664 φερόμενος,
3552 3582 3735 3641 ἐπεϐάλ-

491 3694 615 3755 est;
650 3686 745 3743 sed
784 3685 1064 3740 constanti
1099 3686 1269 3740 animi
1318 3688 1521 3742 robore
1558 3688 1844 3758 praeditus,
1886 3703 1950 3744 ac
1984 3690 2054 3745 sil

2188 3688 2311 3742 λετο
2359 3685 2517 3740 τοῦτο
2577 3685 2871 3757 πράττειν’
2923 3683 3036 3737 ἀλλ’
3074 3682 3226 3753 ἠξίου
3276 3680 3590 3755 ἐρρωμένην
3630 3675 3735 3746 ἔχων

492 3794 739 3850 praesens
796 3780 875 3832 ita
921 3777 1206 3848 respondit
1239 3795 1254 3837 :
1288 3777 1457 3844 Absit,
1485 3778 1752 3835 Domine!
1784 3779 1911 3836 Hice
1939 3781 2055 3836 enir

2190 3782 2290 3853 τὴν
2325 3781 2583 3846 διάνοιαν,
2613 3779 2708 3833 καὶ
2735 3776 3274 3852 παρακολουθοῦσαν,
3312 3775 3413 3829 καὶ
3444 3774 3586 3841 ἔλεγε
3605 3787 3616 3798 ·
3641 3770 3735 3833 Μη-

501 3869 891 3941 prophetarum
946 3882 1136 3923 revera
1190 3869 1406 3938 propria
1464 3877 1613 3934 sunt,
1643 3869 1737 3939 qui
1785 3869 1995 3924 ﬁrmam
2025 3885 2064 3924 at

2191 3874 2412 3945 δαμῶς,
2441 3875 2638 3941 Κύριε.
2663 3871 2848 3927 Ταῦτα
2866 3872 2974 3944 γὰρ
2998 3868 3214 3942 ἀληθῶς
3240 3868 3534 3941 προφητῶν
3558 3868 3609 3919 ἐν
3632 3861 3734 3930 ἁγίῳ

496 3961 750 4018 stabilem
789 3959 843 4014 in
879 3956 1089 4029 Spiritu
1121 3966 1314 4014 sancto
1346 3967 1583 4015 mentem
1615 3961 1874 4025 retinent,
1916 3976 1980 4016 ac
2000 3961 2059 4016 dc

2193 3966 2475 4035 Πνεύματι
2507 3963 2831 4036 ἐρρωμένην
2862 3963 3094 4034 ἐχόντων
3131 3962 3229 4033 τὴν
3258 3959 3519 4025 διάνοιαν,
3561 3955 3641 4009 καὶ
3662 3951 3733 4021 τήν

495 4052 656 4110 eendi
696 4050 1158 4120 discernendique
1188 4049 1526 4106 facultatem.
1572 4051 1709 4106 Nam
1745 4050 1937 4107 Daniel
1974 4052 2058 4123 ips

2191 4054 2563 4118 διδασκαλίαν,
2587 4054 2682 4108 καὶ
2711 4053 2809 4126 τὴν
2833 4052 3111 4124 διαλογήν.
3156 4054 3211 4105 ’0
3240 4052 3297 4105 δέ
3344 4051 3538 4122 Δανιὴλ
3566 4043 3733 4117 οὑχεὺ-

495 4160 682 4201 nonne
711 4143 905 4215 plenus
937 4145 1087 4197 omni
1123 4142 1394 4213 sapientia
1426 4142 1617 4208 fuisse,
1643 4158 1877 4213 qumque
1906 4143 2053 4197 anim

2196 4147 2445 4218 ρίσκεται
2481 4146 2662 4218 πάσης
2707 4146 2975 4209 συνέσεως
3003 4145 3276 4216 ἔμπλεως,
3303 4145 3401 4197 καὶ
3441 4145 3548 4205 τοῖς
3575 4138 3732 4211 rpperi;-

497 4245 830 4309 conceperat
865 4237 1027 4308 plane
1066 4236 1407 4292 intellexisse
1440 4236 1661 4291 videtur
1708 4236 1758 4291 “‘2
1784 4237 1877 4307 qui
1908 4244 1962 4290 et
1992 4234 2060 4289 Na

2198 4255 2332 4310 μασι
2351 4235 2808 4308 παρακολουθῶν;
2834 4235 2893 4300 ὃς
2912 4235 2980 4288 τὰ
3009 4235 3308 4305 αἰνίγματα
3324 4233 3420 4288 τοῦ
3449 4226 3733 4299 Ναϐουχοδο-

496 4332 978 4390 ιιιιοιιοιὶόιιοεοιίε
1034 4331 1323 4401 aenigmata
1365 4329 1640 4395 dissolvit,
1679 4336 1735 4385 et
1766 4345 1889 4400 qua:
1920 4331 1968 4384 ei
1999 4344 2059 4400 pe

2194 4332 2372 4403 νόσωρ
2403 4330 2653 4393 ἐπέλυσε,
2679 4329 2774 4382 καὶ
2796 4326 2832 4381 ἃ
2857 4329 3064 4391 ἐκεῖνος
3085 4327 3152 4381 δι’
3169 4326 3464 4397 ὀνειράτων
3496 4321 3731 4379 ἐθεάσατο,

500 4426 778 4482 somnium
811 4424 994 4480 oblata
1029 4422 1270 4487 fuerant,
1301 4423 1398 4479 sed
1429 4424 1580 4477 illum
1612 4424 1792 4493 ipsum
1828 4424 1919 4493 qui
1950 4423 2063 4478 vide

2195 4423 2292 4477 καὶ
2325 4422 2538 4494 ἀπέστη
2579 4422 2673 4475 ἀπ’
2705 4418 2872 4473 αὑτοῦ
2902 4418 2996 4489 τοῦ
3011 4417 3358 4492 ἑωρακότος,
3388 4414 3553 4478 οὕτως
3571 4415 3730 4479 ὑπομι-

499 4523 586 4570 rat
606 4514 930 4586 elTugerant,
959 4530 1067 4568 non
1101 4514 1259 4568 aliter
1295 4515 1351 4568 in
1380 4515 1697 4570 memoriam
1732 4515 1948 4570 reduxit
1990 4535 2001 4569 :
2036 4531 2062 4571 e

2199 4515 2431 4586 μνήσκει
2450 4532 2465 4544 '
2497 4514 2592 4567 καὶ
2615 4513 2715 4587 τὴν
2738 4511 2984 4566 ἐπίλυσιν
3013 4509 3171 4573 εὐθὺς
3200 4508 3467 4581 ἐπέφερεν
3489 4500 3731 4608 ἐρρωμένη

499 4618 627 4660 cum
674 4603 865 4658 eadem
924 4603 1093 4655 animi
1133 4600 1412 4665 ﬁrmitate,
1448 4616 1513 4655 ac
1556 4602 1768 4657 cmicsti
1812 4602 1907 4655 illo
1939 4601 2062 4656 dOllt

2178 4607 2547 4679 καταστάσει,
2571 4607 2663 4660 καὶ
2688 4602 2960 4675 ὑπερὸολῇ
2991 4601 3351 4673 χαρίσματος,
3387 4593 3732 4671 περιττοτέρως

501 4698 781 4755 uberrime
807 4697 1067 4768 perfusus
1098 4697 1234 4753 citra
1254 4697 1419 4750 ullam
1453 4710 1663 4750 moram
1695 4697 2064 4767 interpretatu:

2192 4700 2292 4771 τὴν
2326 4699 2585 4771 φρόνησιν
2608 4697 2743 4768 ἔχων
2771 4695 2912 4767 ὑπὲρ
2956 4695 3135 4749 πάντα
3165 4691 3451 4763 ἄνθρωπον
3477 4689 3557 4742 διὰ
3589 4686 3640 4738 τὸ
3666 4680 3732 4753 χά·

501 4797 610 4854 est,
649 4802 775 4842 eum
807 4773 1097 4859 prudentia
1144 4785 1621 4856 intelligentiaquc
1664 4788 1880 4844 caeteris
1910 4789 2064 4844 humi

2200 4809 2373 4864 ρισμα
2418 4790 2511 4844 τοῦ
2542 4790 2698 4859 άγίου
2732 4787 3074 4860 Πνεύματος,
3115 4786 3177 4839 τὸ
3221 4784 3439 4855 σοφίζον
3480 4782 3631 4841 ὅντως
3662 4774 3730 4826 τὸν

502 4881 670 4937 nibus
720 4879 1095 4945 antecelleret,
1156 4878 1229 4934 ob
1265 4893 1385 4934 eam
1450 4879 1661 4934 scilicet
1692 4895 1798 4949 qua
1832 4880 2065 4950 przeditu;

2199 4885 2507 4957 προφήτην,
2542 4884 2636 4937 καὶ
2671 4883 2798 4946 τοὺς
2826 4882 2913 4935 διὰ
2962 4879 3052 4934 τοῦ
3086 4883 3368 4951 προφήτου
3399 4877 3496 4947 τῆς
3525 4872 3732 4927 διδασκα.

504 4982 625 5031 erat
664 4972 906 5045 Spiritus
964 4972 1143 5029 sancti
1175 4972 1430 5043 gratiam,
1463 4987 1585 5044 qua:
1633 4988 1742 5027 non
1775 4974 1938 5029 modo
1966 4990 2065 5044 pro

2197 4977 2320 5041 λίας
2346 4977 2445 5048 τῆς
2465 4975 2725 5048 ἀληθείας
2753 4972 3236 5044 καταξιουμένους.
3271 4972 3339 5023 Ἃ
3368 4969 3424 5023 δὲ
3455 4960 3730 5025 οὗτοιὲπαγ⁴

503 5069 722 5138 phetam
754 5068 1037 5132 informat,
1074 5068 1168 5123 sed
1218 5076 1272 5122 et
1325 5082 1426 5123 nos
1455 5084 1666 5130 omnes,
1703 5071 1903 5139 quibus
1946 5070 2059 5124 illiu

2199 5070 2481 5139 γέλλονται
2506 5067 2894 5140 προφητεύειν,
2923 5066 3044 5120 οὐδὲ
3064 5063 3445 5125 εὐπαθοῦντες
3469 5054 3729 5129 φανοῦνται.

503 5163 842 5218 adminicqu
884 5160 1025 5219 Deus
1082 5162 1391 5217 doctrinam
1436 5162 1688 5217 veritatis
1728 5161 1989 5233 impertit.
2025 5165 2064 5216 A

2199 5162 2322 5216 οὔτε
2350 5161 2787 5235 παρακολουθίαν
2817 5160 2975 5230 λόγου
3000 5159 3235 5230 ἔχοντες.
3263 5156 3405 5224 Angit
3426 5156 3527 5224 γὰρ
3554 5148 3614 5203 τά
3631 5142 3729 5211 παρ’

504 5264 698 5311 contra
720 5252 842 5327 quae
874 5258 965 5313 isti
1003 5256 1308 5312 vaticinare
1336 5271 1395 5311 se
1417 5255 1693 5325 jactitant.
1728 5271 1906 5325 neque
1939 5266 2067 5311 cert:

2199 5256 2379 5311 αὐτῶν
2414 5259 2654 5330 ῥήματα,
2681 5257 2775 5312 καὶ
2810 5255 3073 5326 σκαληνὰ,
3105 5254 3199 5308 καὶ
3218 5251 3469 5323 οὐδεμιᾶς
3492 5244 3730 5318 ὀρθότητοῖ

506 5358 632 5399 eum
664 5346 833 5400 animi
866 5347 1120 5402 ﬁrmitate
1153 5346 1475 5416 praedicant,
1516 5361 1619 5399 nee
1644 5360 1767 5415 quae
1794 5346 1986 5401 dicunt
2011 5347 2091 5401 in-
2197 5350 2453 5422 ἐχόμενα.

508 5439 809 5508 telligentia
839 5452 1273 5512 consequuntur.
1308 5441 1412 5497 Sed
1453 5442 1676 5512 obliqua
1715 5449 1845 5497 sunt
1913 5443 2131 5498 illorum
2187 5459 2253 5501 ac
2309 5448 2566 5519 perplexa
2608 5447 2793 5510 verba,
2861 5462 2963 5503 nec
3013 5446 3148 5501 recti
3204 5433 3442 5499 omnino’
3479 5433 3725 5507 quidquam

508 5530 781 5585 effutiunt.

588 5622 604 5653 ¹
633 5621 825 5676 Matth.
852 5638 949 5684 vn,
981 5624 1064 5678 15.
1139 5629 1159 5659 ¹
1190 5625 1352 5681 Num.
1386 5643 1483 5693 xu,
1521 5628 1571 5693 7;
1612 5626 1774 5683 Hebr.
1814 5645 1896 5694 Ill,
1928 5632 1981 5684 '2.
2072 5630 2076 5658 ⁵

513 5692 532 5723 ⁸
567 5692 700 5747 Dan.
734 5691 888 5757 ",27
933 5707 1053 5761 sqq.

2167 5625 2301 5696 Reg.
2330 5641 2406 5689 Ix,
2439 5625 2491 5680 9.
2535 5625 2555 5656 ⁸
2586 5624 2686 5682 lsa.
2725 5638 2761 5687 I,
2804 5624 2855 5691 l;
2895 5639 2969 5689 \‘l,
3014 5624 3035 5676 l
3082 5638 3203 5692 sqq.
3281 5614 3510 5672 isEzech.
3570 5627 3629 5674 iV,
3657 5604 3718 5660 l3-

534 5818 559 5859 -_
585 5783 659 5859 (ρ)
698 5779 1030 5859 Γινῴσκων
1074 5786 1179 5859 γὰρ
1212 5788 1323 5852 τὴν
1355 5788 1426 5859 δι’
1457 5788 1742 5851 ἀπειλήν.
1789 5787 1859 5841 De
1896 5788 1997 5843 hoe
2022 5789 2097 5842 di-

2205 5802 2424 5843 crorum
2484 5784 2773 5841 Librorum
2826 5783 3213 5854 interpretibus
3277 5780 3531 5836 uberrime
3570 5768 3719 5834 dispu‘

514 5853 715 5908 viuitus
759 5853 912 5908 edito
947 5856 1217 5921 prophetae
1250 5856 1505 5911 tumulum
1537 5861 1762 5913 consule
1790 5876 1910 5928 qua:
1945 5875 1973 5913 ιι
2008 5876 2077 5916 sa-

1101 5865 1217 5909 ncta:
1250 5856 1505 5911 mandato
1537 5861 1762 5913 consule
1790 5876 1910 5928 quae
1945 5875 1973 5913 at
2008 5876 2094 5916 sa-
2204 5867 2405 5913 tantur.
2658 5884 2661 5888 Α
