3958 6420
172 348 278 406 861

892 345 1267 406 ADVERSUS
1305 345 1652 415 HERESES
1687 348 1819 413 LIB.
1857 347 1926 408 Il.
1964 347 2131 409 T0“.
2172 348 2213 405 1.
2254 347 2533 406 HERES.
2572 347 2803 407 XLVIII.

3349 349 3455 407 869

251 465 327 516 A'.
358 462 539 528 Εὐθὺς
568 461 679 535 γὰρ
719 463 749 517 ὀ
790 462 1071 537 Μοντανός
1107 482 1302 537 φησιν·
1353 466 1507 522 Ἰδοὺ
1544 466 1766 545 ἅνθρω-

1936 466 2027 523 ιγ.
2060 467 2153 525 Sic
2175 468 2322 524 enim
2347 467 2660 533 Montanus,
2678 464 2909 538 exempli
2940 466 3136 536 gratia,
3165 466 3410 536 loquitur
3435 488 3450 524 :

179 572 300 622 πος
322 554 466 610 ὡσεὶ
496 556 683 622 λύρα⁹
715 554 877 625 κάγὼ
904 555 1148 625 ἵπταμαι
1172 556 1313 610 ὡσεὶ
1336 556 1662 627 πλῆκτρον.
1705 557 1767 611 '0

177 647 497 714 ἄνθρωπος
513 644 785 715 κοιμᾶται
809 662 821 675 '
860 645 1020 715 κᾴγιὼ
1044 646 1330 716 γρηγορῶ.
1367 648 1523 703 Ἰδοὺ
1550 648 1768 716 Κύριός

1868 546 2180 609 Εοεείιοιηο
2210 563 2461 624 tanquam
2485 554 2623 625 lyra.
2658 571 2751 625 ego
2768 570 2886 609 vero
2907 570 3000 608 ceu
3031 554 3283 623 plectrum
3316 557 3451 614 volo.

1870 642 2043 697 Homo
2064 642 2306 708 dormit;
2353 660 2445 715 ego
2471 661 2588 699 vero
2646 645 2822 717 vigilo.
2874 641 3008 699 Ecce
3050 645 3309 701 Dominus
3355 657 3453 710 est,

176 738 359 790 ἐστιν
379 739 414 790 ό
437 734 750 789 ἐκστάνων
784 736 800 767 ί
824 736 1073 804 καρδίας
1087 737 1431 807 ἀνθρώπων,
1453 740 1550 795 καὶ
1564 737 1769 806 διδοὺς

1879 737 1957 807 rui
1983 736 2146 791 corda
2178 736 2447 792 hominum
2471 739 2525 791 in
2574 749 2841 808 stuporem
2878 738 3054 801 vertit,
3085 746 3135 793 et
3168 738 3332 797 corda
3361 738 3453 791 dat

176 828 435 898 καρδίας
459 826 812 897 ἀνθρώποις.
837 828 937 891 Τίς
965 827 1145 882 τοίνυν
1169 828 1277 882 τῶν
1302 831 1770 902 παρακολουθούν-

176 936 314 983 των,
338 919 434 973 καὶ
466 917 603 988 μετὰ
635 917 905 981 συνέσεως
924 917 1229 988 δεχομένων
1254 921 1344 973 τὸν
1363 921 1460 990 τῆς
1501 921 1771 990 ὠφελείας

174 1009 362 1077 λόγον,
392 1007 609 1079 καὶτῆς
638 1008 845 1060 ἑαυτῶν
869 1007 1015 1077 ζωῆς
1044 1009 1472 1082 ἐπιμελομένων,
1506 1013 1567 1065 οὑ
1606 1030 1771 1066 κατα-

176 1099 453 1169 γνώσεται
479 1098 578 1170 τῆς
601 1097 858 1170 τοιαύτης
880 1101 1410 1174 παραπεποιημένης
1441 1102 1769 1167 ὑποθέσεως,

175 1186 396 1242 καὶτοῦ
420 1186 577 1255 λόγου
598 1187 693 1240 τοῦ
729 1186 1025 1258 αὐχοῦντος
1048 1189 1240 1243 ἑαυτὸν
1261 1190 1318 1243 ἐν
1350 1192 1656 1263 προφήταις
1681 1209 1773 1245 κα-

175 1277 526 1348 ταλέγεσθαι,
576 1279 652 1349 μὴ
684 1279 984 1349 δυναμένου
1023 1279 1090 1333 τά
1122 1281 1281 1351 ὃμοια
1327 1281 1509 1350 λέγειν
1560 1283 1773 1354 προφή-

177 1387 308 1433 ταις
333 1387 349 1436 ;
383 1368 523 1424 Οὔτε
548 1370 657 1441 γὰρ
689 1369 913 1440 Πνεῦμα
938 1370 1093 1439 ἅγιον
1123 1371 1385 1443 ἐλάλησεν
1412 1375 1470 1426 ἐν
1495 1373 1664 1445 αὐτῷ.
1699 1375 1773 1427 Τὸ

174 1459 294 1530 γάρ
341 1460 517 1514 εἰπεῖν
540 1474 555 1490 ·
604 1461 980 1529 Ἐφίπταμαι,
1027 1462 1122 1516 καὶ
1164 1462 1460 1531 πλήσσω,
1500 1464 1597 1518 καὶ
1629 1483 1770 1534 γρη-

176 1548 368 1619 γορῶ.
415 1550 510 1604 καὶ
536 1550 743 1618 ἐξιστᾷ
777 1553 990 1620 Κύριος
1034 1554 1299 1622 καρδίας,
1328 1555 1649 1610 ἐκστατικοῦ
1685 1557 1776 1628 ρή-

181 1656 338 1709 ματα
386 1639 621 1711 ὑπάρχει
665 1640 859 1703 ταῦτα,
901 1643 997 1694 καὶ
1041 1643 1161 1713 οὐχὶ
1210 1644 1769 1714 παρακολουθοῦντος,

177 1732 325 1786 ἀλλά
356 1731 515 1785 ἄλλον
538 1734 863 1804 χαρακτῆρα
897 1733 1337 1799 ὑποδεικνύοντος
1382 1737 1531 1809 παρά
1558 1738 1651 1791 τὸν
1677 1756 1774 1809 χα⁴

1868 827 2188 885 Itomim'bus.
2221 827 2356 895 Quis
2383 836 2467 883 est
2498 829 2684 903 igitur,
2728 830 2820 909 qui
2851 830 2898 887 si
2933 829 3282 887 utilissimam
3331 830 3455 885 ﬁdei

1870 921 2180 977 doctrinam
2212 924 2524 997 percipiat,
2564 923 3038 997 intelligeutiaque
3090 922 3256 999 506
3298 938 3456 977 com-

1873 1010 2202 1082 prehendat,
2235 1026 2300 1066 ac
2347 1012 2472 1066 vitae
2504 1027 2616 1067 sua:
2665 1010 2984 1067 nonnullam
3016 1024 3205 1065 curam
3236 1008 3454 1075 habeat,

1873 1118 1983 1157 non
2015 1111 2397 1175 argumentum
2434 1101 2751 1165 istiusmodi
2781 1102 2850 1156 ab
2873 1101 3051 1159 otioso
3073 1099 3296 1156 homine
3329 1114 3456 1154 con-

1874 1193 2083 1260 fictum,
2123 1203 2177 1250 et
2212 1195 2545 1266 arrogantiae
2574 1195 2789 1266 plenam
2833 1193 2953 1263 ejus
2985 1193 3291 1248 orationem
3324 1206 3457 1246 con-

1870 1286 2112 1352 demnet,
2129 1285 2222 1357 qui
2237 1302 2296 1342 se
2315 1285 2704 1356 prophetarum
2721 1300 2947 1340 numero
2966 1283 3265 1341 insolenter
3284 1283 3457 1337 ascri-

1871 1376 1985 1441 bat,
2012 1391 2139 1431 cum
2164 1377 2382 1432 interim
2414 1376 2603 1432 eadem
2638 1377 2841 1441 dicere,
2875 1391 2995 1446 quae
3020 1376 3147 1429 olim
3184 1374 3458 1444 propheta:

1874 1468 2197 1537 nequeant?
2242 1466 2362 1522 Non
2417 1468 2563 1523 enim
2605 1466 2846 1538 Spiritus
2887 1474 3112 1521 sanctus
3161 1465 3215 1519 in
3248 1465 3341 1519 illo
3375 1466 3449 1517 lo~

1873 1566 2033 1613 cutus
2063 1564 2167 1613 est.
2199 1558 2376 1627 Atque
2441 1557 2711 1627 haecipsa
2743 1555 2946 1610 verba:
3000 1553 3147 1618 Volo,
3184 1561 3237 1607 et
3274 1569 3457 1622 percu-

1875 1648 1969 1712 tio,
2001 1655 2055 1702 et
2078 1648 2259 1719 vigilo,
2312 1658 2366 1704 et
2401 1647 2657 1702 Dominus
2703 1647 2863 1701 corda
2893 1648 2947 1701 in
2986 1655 3252 1713 stuporem
3280 1646 3455 1706 vertit,

1875 1735 2070 1792 furiosi
2109 1737 2348 1793 hominis
2378 1737 2548 1791 verba
2585 1745 2735 1801 sunt,
2769 1737 3100 1805 minimeque
3128 1750 3247 1805 quae
3281 1735 3460 1804 loqui-

180 1822 442 1894 ρακτῆρα
462 1822 556 1876 τοῦ
577 1821 734 1886 ἁγίου
764 1823 1101 1894 Πνεύματος,
1131 1826 1227 1879 τοῦ
1256 1828 1314 1879 ἐν
1342 1829 1650 1899 προφήταις
1677 1829 1767 1883 λε-

1879 1835 1967 1882 tur
1993 1828 2336 1898 assequentis
2363 1846 2377 1882 :
2406 1828 2460 1882 in
2494 1843 2601 1898 quo
2632 1829 2737 1882 alia
2761 1844 2988 1898 prorsus
3020 1838 3146 1881 nota
3182 1826 3461 1896 figuraque

177 1912 500 1985 λαληκότος.

257 2180 323 2233 Εἰ
353 2178 408 2233 δὲ
447 2178 731 2250 θελήσουσι
772 2181 1144 2252 παραπλέκειν
1178 2185 1243 2254 τῇ
1288 2184 1514 2258 ἀληθεία
1557 2188 1616 2241 τὸ
1645 2188 1772 2257 ψεῦ-

178 2269 299 2333 δος.
329 2272 425 2325 καὶ
457 2271 670 2339 ἀγνοεῖν
705 2272 796 2326 τὸν
827 2273 952 2326 νοῦν
995 2274 1085 2326 τὸν
1114 2274 1215 2343 τῆς
1244 2276 1532 2346 ἀκριϐείας
1576 2281 1768 2352 ἐπιμε-

179 2360 434 2432 λόμενον,
482 2361 697 2424 ἑαυτοῖς
736 2361 795 2415 δὲ
834 2362 1191 2433 ἐπισωρεύειν
1220 2364 1428 2434 λόγους,
1466 2367 1532 2421 δι’
1564 2363 1638 2423 ὧν
1664 2388 1770 2425 πα-

181 2452 640 2526 ραποιητεύονται
668 2453 766 2525 τὴν
792 2454 1003 2508 ἑαυτῶν
1026 2456 1253 2526 πλάνην,
1281 2460 1473 2530 ὁμοίαν
1499 2463 1621 2516 τινὰ
1645 2465 1771 2518 ἀπο-

175 2545 404 2600 τελέσαι
453 2545 895 2616 παραστήσουσιν
938 2546 1048 2609 ἀπὸ
1093 2549 1189 2601 τοῦ
1212 2550 1311 2620 τὴν
1344 2551 1505 2619 ἁγίαν
1547 2553 1771 2626 Γραφὴν

177 2636 502 2708 εἰρηκέναιο
551 2635 874 2691 Ἐπέϐαλεν
909 2641 943 2691 ὁ
978 2637 1122 2705 Θεὸς
1169 2640 1465 2695 ἔκστασιν
1510 2643 1609 2697 ἐπὶ
1664 2646 1772 2699 τὸν

194 2724 400 2794 Ἀδὰμ,
440 2724 539 2779 καὶ
573 2724 849 2779 ὕπνωσεο
882 2726 976 2780 καὶ
1015 2725 1198 2780 οὐκέτι
1230 2729 1414 2798 ὅμοιον
1443 2728 1599 2784 τοῦτο
1628 2733 1770 2786 ἐκεί-

176 2834 300 2871 νου.
333 2818 408 2870 υὺ
448 2816 556 2887 γὰρ
600 2817 693 2872 καὶ
740 2815 974 2871 ἐνταῦθα
1016 2818 1176 2887 σῶμα
1209 2818 1401 2888 ἔμελλε
1448 2821 1709 2876 πλάσσειν
1741 2824 1770 2876 ὁ

176 2905 342 2973 Θεὸς,
366 2907 457 2975 ἀφ’
487 2900 549 2959 οὗ
575 2909 655 2969 εἰς
701 2905 957 2960 ἔκστασιν
986 2906 1201 2977 ἔφερεν,
1235 2908 1323 2961 ἵνα
1352 2909 1419 2963 τά
1464 2911 1626 2982 ὃμοια
1680 2914 1771 2966 ἐπ-

176 2998 389 3069 ενέγκῃ
440 2997 506 3050 δι’
556 2997 861 3067 ὑπερϐολὴν
893 3000 994 3068 τῆς
1041 2998 1480 3069 φιλανθρωπίαςο
1532 3002 1611 3070 τῷ
1662 3004 1772 3076 γὰρ

191 3086 373 3158 ’Δδάμ
408 3087 679 3161 ἐπήνεγκε
704 3085 802 3157 τὴν
829 3085 1085 3141 ἔκστασιν
1112 3087 1206 3141 τοῦ
1240 3087 1428 3154 ῦπνου,
1458 3091 1560 3144 οὐκ
1585 3091 1773 3147 ἐκστα-

1876 1921 2145 1986 cernitur,
2200 1937 2364 1991 quam
2425 1938 2546 1991 quae
2593 1922 2829 1990 Spiritus
2865 1921 3179 1990 saneti,qui
3212 1936 3306 1989 per
3332 1935 3460 1990 pro-

1876 2013 2070 2084 phetas
2098 2012 2227 2067 olim
2281 2014 2498 2067 locutus
2528 2020 2612 2068 est
2645 2026 2907 2083 germana
2958 2011 3207 2066 videatur
3241 2028 3302 2065 ac
3335 2026 3462 2080 pro-

1877 2105 2015 2176 pria.

1948 2191 2104 2257 Quod
2134 2193 2181 2249 si
2203 2192 2418 2249 veritati
2476 2192 2819 2247 mendacium
2848 2191 3156 2246 admiscere
3178 2190 3453 2245 voluerint

1876 2292 1931 2337 et
1947 2290 2265 2340 accuratum
2296 2297 2579 2339 sacrarum
2608 2282 2936 2338 Litterarum
2964 2281 3313 2336 dissimulare
3336 2296 3463 2335 sen-

1876 2387 2116 2439 sum,cac
2146 2372 2268 2426 loca
2303 2372 2551 2442 quaedam
2585 2371 2961 2436 accumulare,
2992 2371 3193 2441 quibus
3218 2385 3457 2426 errorem

1878 2479 2039 2519 suum
2077 2464 2408 2534 procudunt,
2462 2473 2517 2519 et
2550 2464 2752 2519 divinis
2783 2463 3022 2519 oraculis
3053 2477 3214 2532 quam
3248 2462 3465 2518 similli-

1877 2570 2027 2609 mum
2065 2554 2314 2619 reddant,
2348 2563 2478 2626 puta
2539 2555 2685 2626 quod
2724 2555 3011 2625 Scriptura
3042 2554 3277 2609 dixerit:
3308 2552 3462 2607 Misit

1876 2645 2019 2701 Deus
2074 2647 2352 2714 ἔκστασιν,
2386 2649 2491 2703 hoc
2518 2658 2601 2703 est
2649 2665 2909 2717 saporem,
2946 2649 3000 2701 in
3030 2647 3223 2711 Adam,
3257 2655 3307 2701 et
3334 2646 3463 2700 dor-

1878 2739 1993 2792 miit
2015 2737 2061 2802 ³,
2086 2739 2264 2794 sciant
2288 2740 2449 2811 longe
2478 2740 2641 2793 aliam
2668 2740 2757 2793 hic
2784 2754 2927 2803 esse,
2962 2753 3126 2810 quam
3160 2739 3212 2791 iu
3246 2738 3462 2791 illorum

1877 2831 2099 2902 negotio
2132 2832 2421 2888 rationem.
2454 2829 2572 2885 Non
2597 2831 2741 2886 enim
2782 2830 2927 2902 quod
2963 2831 3030 2885 ad
3067 2831 3204 2884 istos
3245 2828 3461 2889 attinet,

1878 2935 2079 2974 novum
2103 2920 2378 2992 quoddam
2413 2936 2615 2991 corpus
2647 2936 2677 2974 a
2704 2920 2811 2975 De.)
2846 2920 3267 2991 designabatur;
3303 2918 3463 2987 cujus

1878 3010 2078 3081 gratia,
2104 3012 2250 3081 quod
2272 3012 2401 3064 olim
2438 3010 2650 3065 Adamo
2702 3011 2928 3069 fecerat.
2960 3025 3058 3081 pro
3089 3024 3188 3063 sua
3225 3007 3467 3077 benigni-

1879 3109 1988 3158 tate
2040 3109 2321 3172 stuporem
2375 3102 2714 3156 immitteret.
2763 3100 2897 3153 Nam
2940 3099 3134 3154 Adami
3182 3107 3461 3167 stuporem

179 3196 274 3234 σιν
308 3179 542 3255 φρενῶν.
572 3176 871 3265 Ἰξέκστασις
896 3179 953 3232 δὲ
983 3178 1127 3234 κατά
1150 3180 1415 3252 διαφορὰς
1441 3183 1641 3248 πολλὰς
1660 3184 1773 3257 ἔχει

1879 3194 1988 3262 ille,
2025 3195 2203 3251 somni
2248 3195 2470 3264 quidam
2514 3201 2705 3265 torpor
2733 3194 2975 3256 exstitit,
3011 3207 3121 3245 non
3151 3164 3348 3245 mentis
3382 3189 3469 3242 in-

175 3270 278 3324 τδν
320 3253 542 3339 τρόπον.
580 3253 881 3331 Ἔκστασις
917 3267 985 3321 δι’
1018 3268 1325 3341 ὑπερϐολὴν
1369 3268 1645 3341 θαύματος
1688 3253 1776 3324 λέ-

177 3378 367 3429 γεται.
402 3359 703 3422 Ἐκστασις
731 3359 949 3428 λέγεται
994 3362 1029 3431 ἡ
1061 3360 1248 3430 μανία,
1286 3360 1376 3414 διὰ
1415 3362 1477 3415 τὸ
1514 3365 1772 3436 ἐκστῆναι

175 3451 282 3507 τοῦ
328 3450 708 3523 προκειμένου.
758 3451 969 3522 Ἑκείνη
1010 3453 1068 3506 δὲ
1103 3452 1257 3522 ἡτοῦ
1306 3452 1474 3508 ὑπνου
1514 3454 1770 3521 ἔκστασις

177 3543 331 3601 κατά
357 3544 513 3599 ἄλλον
538 3544 743 3615 τρόπον
776 3542 999 3615 ἐρρέθη.
1033 3543 1174 3599 κατά
1207 3545 1307 3617 τὴν
1337 3545 1573 3617 φυσικὴν
1615 3548 1769 3619 ἐνέρε

176 3654 371 3708 γειανο
410 3636 644 3707 μάλιστα
675 3635 731 3690 δὲ
753 3634 831 3705 τῷ
865 3633 1181 3704 βαθυτάτως
1222 3634 1393 3707 αὑτὴν
1415 3638 1771 3709 ἐπενηνέχθαι

174 3729 267 3801 τῷ
294 3729 438 3799 ἁγίῳ
475 3728 669 3799 ’Λδάμ,
695 3729 789 3781 καὶ
816 3728 874 3778 ἐν
900 3730 1042 3800 χειρὶ
1070 3728 1207 3783 Θεοῦ
1238 3728 1628 3801 πεπλασμένῳ.

1877 3286 2054 3342 sania.
2089 3285 2356 3356 Stuporis
2412 3300 2576 3356 porro
2632 3285 2957 3340 vocabulum
3005 3282 3255 3352 pluribus
3287 3278 3463 3335 modis

1876 3378 2134 3447 usurpari
2200 3377 2358 3432 solet.
2417 3376 2572 3433 Alius
2620 3377 2766 3432 enim
2798 3382 2902 3435 est.
2946 3388 3106 3444 quem
3167 3371 3463 3426 vehemens

1872 3469 2122 3540 quamam
2162 3469 2305 3539 parit
2333 3468 2647 3524 admiratio.
2717 3468 2862 3526 Alias
2895 3482 2992 3536 pro
3021 3467 3202 3519 furore
3228 3472 3280 3519 et
3309 3464 3460 3518 insa-

1872 3558 1963 3612 nia
2001 3560 2257 3623 sumitur,
2294 3572 2444 3614 exeo
2483 3557 2629 3629 quod
2661 3558 2877 3613 animus
2901 3573 2929 3610 a
2959 3554 3240 3626 proposito
3272 3550 3467 3622 ἐκστῆ-

1879 3665 1990 3715 ναι,
2017 3649 2123 3703 hoc
2150 3657 2236 3704 est
2264 3650 2533 3715 aberrare,
2582 3649 2803 3704 dicitur.
2837 3649 2906 3701 At
2948 3648 3024 3700 illi
3052 3662 3245 3701 somno
3273 3653 3465 3712 stupor

1882 3737 2012 3804 alio,
2062 3737 2324 3791 nimirum
2378 3737 2445 3791 ad
2472 3739 2753 3792 naturales
2785 3736 3096 3792 functiones
3141 3732 3464 3788 referendus

175 3829 296 3887 est,
349 3819 651 3889 praesertim
697 3833 821 3873 cum
883 3820 1093 3875 Adamo
1136 3822 1256 3876 viro
1317 3831 1531 3887 sancto.
1600 3840 1665 3879 ac
1710 3826 1805 3883 Dei
1867 3832 2128 3907 manibus
2188 3832 2461 3903 perpolito
2521 3833 2828 3889 altissimus
2885 3832 2957 3899 sit
3019 3831 3108 3885 ille
3148 3837 3340 3898 stupor
3376 3827 3461 3880 in-

180 3918 386 3970 iectus.

204 3933 386 3970 cetus.

172 3933 196 3987 J
257 4018 336 4071 E'.
368 4017 480 4070 Καὶ
510 4014 621 4084 γὰρ
650 4011 862 4084 ἀληθῶς
896 4012 1043 4064 ἐστιν
1068 4010 1217 4077 ἰδεῖν,
1243 4012 1319 4074 ὡς
1341 4012 1565 4076 δικαίως
1586 4013 1776 4066 ἐκσταο

1957 4008 2024 4064 ν.
2082 4010 2312 4065 Constat
2342 4012 2489 4065 enim
2525 4027 2690 4081 quam
2728 4009 2927 4065 merito
2956 4009 3199 4079 stuporis
3232 4010 3335 4063 hoc
3374 4026 3473 4065 ηοι

180 4126 275 4163 σιν
304 4106 511 4177 ταύτην
552 4108 585 4175 ἡ
624 4104 747 4157 θεία
795 4100 984 4172 Γραφὴ
1036 4101 1298 4173 βέσληκεν
1326 4104 1368 4156 ’.
1417 4105 1504 4156 Ἐν
1540 4104 1619 4175 τῷ
1665 4105 1773 4175 γὰρ

1881 4116 2004 4156 men
2032 4116 2061 4154 a
2097 4099 2379 4171 Scriptura
2417 4100 2582 4155 fuerit
2630 4109 2972 4171 usurpatum.
3004 4099 3457 4170 Quandoquidem

178 4197 391 4253 ὑπνοῦν
412 4196 503 4249 τὸν
524 4194 809 4266 ἄνθρωπον
834 4192 1184 4263 μεθίστανται
1210 4194 1382 4249 πᾶσαι
1406 4196 1464 4247 αἱ
1491 4197 1773 4266 αἰσθήσεις

1881 4193 2100 4247 homine
2159 4193 2446 4261 consopito
2500 4207 2698 4248 sensus
2729 4207 2921 4246 oumes
2968 4190 3035 4245 ad
3065 4192 3303 4261 quietem
3337 4206 3462 4247 sese

177 4293 270 4353 εἰς
297 4290 604 4342 ἀνάπαυσιν
624 4286 939 4357 τραπεῖσαι.
984 4284 1073 4348 Ὠς
1130 4278 1242 4338 οἷον
1280 4287 1474 4352 εἰπεῖν,
1524 4286 1773 4357 παροῦσα

1882 4286 2239 4339 transferunt.
2296 4284 2387 4338 Sic
2448 4285 2668 4340 videndi
2698 4284 2951 4346 facultas,
2984 4284 3219 4352 exempli
3264 4283 3460 4353 gratia,

178 4385 221 4452 ἡ
257 4379 541 4452 διορατικὴ
578 4380 677 4450 οὑχ
727 4377 856 4448 ὁρᾷ·
889 4376 1309 4431 ἀποκέκλεισται
1346 4376 1454 4449 γὰρ
1489 4377 1550 4430 τὸ
1587 4378 1770 4448 ὅμμαο

1884 4377 2101 4431 tametsi
2132 4393 2373 4447 prmsens
2404 4377 2578 4440 adsit,
2608 4375 2815 4431 clausis
2856 4374 3034 4429 oculis
3066 4374 3204 4428 nihil
3240 4377 3464 4428 omnino

176 4472 456 4545 ἡσυχάζει
479 4471 540 4523 τὸ
570 4467 753 4522 κινοῦν
791 4470 849 4520 ἐν
881 4467 959 4538 τῷ
988 4466 1263 4539 ἀνθρώπῳ
1291 4468 1527 4538 πνεῦμα,
1561 4471 1656 4521 εἴτ’
1681 4465 1773 4522 οὗν

1880 4468 2145 4522 discernit
2181 4486 2193 4521 :
2230 4481 2516 4538 propterea
2545 4467 2691 4537 quod
2725 4475 2838 4521 tum
2876 4467 2991 4530 ille,
3014 4481 3122 4536 quo
3156 4481 3461 4530 movemur,

179 4566 339 4638 ψυχή
360 4582 377 4597 ⁸
405 4562 695 4634 δυσοδμίας
718 4559 884 4632 οὔσης
908 4564 965 4614 ἐν
988 4562 1142 4631 οίκῳ,
1173 4560 1268 4615 καὶ
1290 4560 1567 4631 εὑοδμίας,
1601 4563 1773 4615 καίτοι

1879 4560 2107 4630 spiritus
2143 4560 2258 4615 sive
2293 4560 2478 4614 anima
2508 4560 2829 4631 requiescit.
2874 4557 2965 4612 Sic
2998 4559 3289 4628 quantavis
3316 4559 3461 4613 domi

180 4676 258 4729 γε
290 4656 571 4731 παρούσης
603 4656 703 4724 τῆς
745 4652 1113 4724 ὀσφραντικῆς
1140 4650 1463 4721 αἰσθήσεως,
1497 4654 1598 4705 οὑκ
1630 4654 1780 4707 ἀντι-

178 4749 563 4821 λαμϐάνεται·
602 4746 795 4815 ἐξέστη
816 4745 925 4816 γὰρ
956 4745 989 4815 ἡ
1020 4744 1243 4816 τοιαύτη
1278 4743 1529 4815 αἴσθησις
1557 4748 1636 4809 εἰς
1655 4746 1780 4800 ἀνά-

185 4856 399 4897 παυσιν
434 4839 725 4909 τραπεῖσα.
762 4834 985 4903 Πικρῶν
1014 4834 1185 4888 ὄντων
1213 4834 1404 4905 χυμῶν
1437 4838 1496 4889 ἐν
1539 4835 1617 4906 τῷ
1658 4835 1777 4888 στό-

188 4951 354 5007 ματι,
405 4932 439 5003 ἢ
491 4928 770 5000 ἁλμυρῶν,
831 4927 865 4996 ἢ
920 4926 1189 4994 γλυκέων,
1232 4925 1293 4978 τὸ
1342 4927 1630 4994 γευστικὸν
1679 4927 1779 4981 οὑκ

183 5024 514 5083 αἰσθάνεται
538 5039 551 5051 ·
590 5021 889 5091 ἐπειδήπερ
918 5021 976 5071 ἐν
1006 5017 1259 5070 ἐκστάσει
1288 5018 1386 5088 τῆς
1419 5017 1780 5081 ἀναπαύσεως

184 5121 375 5176 κεῖται
398 5115 473 5187 μὴ
502 5112 779 5185 ἐνεργοῦν,
813 5112 949 5180 ὅπερ
977 5109 1034 5159 ἐν
1052 5107 1130 5178 τῷ
1154 5107 1303 5178 ὕπαρ
1332 5110 1574 5179 ἐνήργει.
1616 5110 1778 5181 ’Λκοὴ

185 5210 496 5283 πάρεστινο
527 5206 640 5262 ἀλλ’
675 5207 836 5276 ἀργεῖ
859 5202 922 5256 τὸ
954 5201 1277 5255 ἀκουστικὸν
1303 5201 1446 5255 κατὰ
1470 5201 1568 5272 τὴν
1591 5200 1781 5270 αἴσθη-

189 5318 315 5358 σιν⁶
345 5301 439 5355 καὶ
474 5299 731 5361 πολλάκις
766 5295 875 5349 τῶν
910 5292 1214 5347 λαλούντων
1248 5294 1307 5345 ἐν
1350 5292 1502 5362 οίκῳ,
1533 5292 1581 5342 εἰ
1624 5293 1697 5361 μή
1718 5302 1778 5344 τι

187 5392 485 5463 διυπνισθῇ
516 5394 545 5444 ὁ
572 5389 876 5461 ἄνθρωπος,
906 5386 1005 5455 οὐχ
1028 5382 1286 5437 ὑπακούει
1315 5380 1423 5435 τῶν
1448 5381 1603 5451 παρά
1620 5397 1779 5433 τινων

197 5484 502 5559 ῥηθέντων,
524 5480 612 5535 διά
650 5479 713 5533 τὸ
743 5477 1042 5547 ἀποστῆναι
1072 5474 1168 5545 τὴν
1195 5475 1470 5546 ἐνέργειαν
1513 5473 1649 5544 πρὸς
1682 5471 1780 5542 τὴν

191 5579 372 5650 ὥραν.
406 5572 582 5628 Τινῶν
627 5569 911 5625 κνωδάλων
933 5567 1293 5638 διερχομένων
1335 5565 1422 5618 διὰ
1458 5564 1551 5618 τοῦ
1580 5564 1779 5634 ἡμετέο

274 5741 293 5772 ¹
320 5735 452 5807 Reg.
482 5733 709 5798 ἐξάξων.
786 5736 806 5765 ³
838 5731 994 5786 Corr.
1037 5728 1324 5800 κέκληκεν.
1403 5728 1423 5759 ³
1452 5726 1588 5783 Gen.
1616 5744 1674 5792 ιι,
1706 5727 1794 5781 ει.

1875 4652 2177 4722 fragrantia
2225 4653 2319 4718 sit,
2350 4660 2445 4707 aut
2484 4652 2647 4716 fetor,
2700 4653 2831 4706 nihil
2869 4661 3051 4706 tamen
3084 4650 3343 4717 odoratu,
3369 4652 3461 4721 qui

1876 4759 2009 4800 sane
2053 4761 2297 4815 praesens
2343 4753 2448 4812 est,
2502 4746 2787 4817 percipere
2831 4761 3160 4816 possumus;
3206 4759 3271 4799 eo
3318 4743 3462 4813 quod

1878 4838 2065 4892 sensui
2093 4838 2170 4892 illi
2199 4838 2267 4892 ad
2298 4838 2540 4908 quietem
2571 4834 2878 4908 composito
2912 4838 3061 4891 velut
3099 4838 3319 4906 quidam
3356 4845 3468 4888 tor-

1880 4942 1983 4998 por
2026 4929 2288 4997 obrepsit.
2353 4929 2485 4983 ltem
2532 4929 2659 4983 licet
2698 4942 2919 4981 amarus
2964 4927 3018 4980 in
3058 4942 3152 4981 ore
3178 4928 3249 4981 sit
3280 4942 3462 4995 sapor,

1882 5025 1975 5072 aut
2033 5018 2231 5083 falsus,
2282 5026 2378 5072 aut
2417 5018 2617 5081 dulcis,
2665 5018 2801 5072 nihil
2840 5025 3063 5087 gustatu
3108 5017 3363 5080 sentitur,
3397 5033 3461 5069 eo

1880 5107 2026 5177 quod
2094 5107 2347 5177 stupidus
2399 5108 2490 5161 bic
2543 5123 2762 5170 sensus,
2797 5122 2859 5161 ac
2891 5105 3053 5177 M7
3090 5106 3304 5174 sepitus
3340 5105 3463 5159 fun-

1882 5200 2121 5254 ctionem
2154 5199 2359 5252 nullam
2405 5206 2645 5265 exercet,
2683 5197 2990 5267 cujusmodi
3032 5205 3293 5265 przestare
3326 5196 3462 5265 vigi-

1884 5290 2007 5346 lans
2050 5291 2281 5345 solebat.
2342 5288 2525 5347 Manet
2551 5297 2604 5344 et
2634 5289 2854 5343 auditus
2885 5288 3021 5358 ipse,
3060 5286 3154 5343 sed
3199 5286 3458 5340 audiendi

1885 5392 1972 5437 est
2027 5380 2260 5437 facultas
2316 5381 2495 5437 otiosa
2530 5381 2706 5436 :adeo
2746 5388 2808 5434 ut
2841 5380 3159 5449 plerumque
3202 5377 3350 5432 domi
3389 5380 3467 5431 lo-

1885 5474 2181 5544 quentibus
2209 5473 2510 5541 nonnullis,
2539 5472 2647 5529 nisi
2680 5474 2773 5543 qui
2809 5471 3013 5527 dormit
3047 5470 3466 5542 expergefactus

1889 5565 2072 5632 fuerit,
2105 5581 2223 5637 qua:
2256 5566 2325 5621 ab
2357 5566 2423 5622 iis
2448 5565 2709 5622 dicuntur
2730 5579 2839 5620 non
2868 5563 3075 5631 audiat,
3111 5560 3257 5635 quod
3288 5562 3467 5620 omnis
