3958 6470
2311 293 2332 330 \

494 413 498 416 ’
529 405 638 465 863
1957 406 2013 464 S.

2180 406 2410 464 PHANll
3671 416 3743 469 ειι

531 541 599 580 eo
629 531 883 595 tempore
902 523 1203 594 intercepta
1229 522 1302 579 sit
1324 524 1486 579 actio.
1511 523 1801 581 Postremo
1827 541 1952 581 cum
1973 543 2094 599 quae

2183 557 2196 592 ι
2230 544 2324 598 pou
2359 526 2632 598 σώματος,
2663 525 2766 579 οὐκ
2813 525 3178 598 αἰσθανόμεθα
3218 527 3323 599 τῆς
3362 527 3533 582 αὐτῶν
3570 527 3675 601 περὶ
3707 531 3746 582 ιδ

533 617 656 670 dam
687 633 784 686 per
830 631 1032 686 corpus
1057 617 1312 672 oberrent
1347 617 1553 680 bestiae,
1596 617 1788 672 harum
1829 627 2096 674 contactu:

2228 620 2387 689 σῶμα
2422 617 2578 690 ἡμῶν
2617 618 2782 692 ἁφῆς,
2812 620 2858 672 εί
2893 619 2966 690 μή
3001 637 3053 672 τι
3095 618 3307 690 βαρέως
3341 617 3618 673 ἐπιθῶνται
3652 621 3749 690 ἡμῖν

533 709 760 762 minime
793 715 911 762 tum
971 723 1001 762 a
1052 708 1215 764 nobis
1273 710 1575 779 percipitur
1625 709 1730 764 nisi
1782 710 1922 766 forte
1961 712 2095 766 vehe

2223 710 2293 762 τά
2317 707 2563 762 κνώδαλα
2591 726 2602 738 ·
2637 709 2712 772 ὡς
2735 702 2830 762 τοῦ
2862 709 3058 772 παντὸς
3080 710 3314 782 ὀργάνου
3340 709 3429 762 διὰ
3456 710 3548 780 τὴν
3564 709 3750 764 ἀνάπαυ-

533 798 771 854 mentius
802 798 1152 869 pupugerint.
1189 794 1360 868 Cujus
1383 817 1446 854 ea
1478 817 1648 856 causa
1679 810 1784 866 est,
1823 803 1970 873 quod
2005 813 2096 860 seu

2227 817 2308 854 σιν
2337 799 2429 852 τοῦ
2457 798 2628 853 ὕπνου
2670 799 2961 863 ἐκστάντος
2993 800 3100 854 ἀπὸ
3138 801 3236 873 τῆς
3269 801 3563 872 ἐνεργείας.
3594 802 3657 855 Τὸ
3682 804 3752 873 μὲν

533 903 628 944 sus
647 889 823 943 nostri
849 888 1190 942 domicilium
1229 889 1284 943 in
1323 889 1414 943 illa
1443 891 1621 945 somni
1654 891 1835 960 quiete
1869 892 1940 946 ab
1971 907 2096 946 omn

2223 891 2332 963 γάρ
2365 891 2594 962 ὄργανον
2619 889 2832 960 φύσεως
2858 891 2919 944 ὃν
2941 892 3160 963 γηῖνης,
3179 892 3276 946 καὶ¹
3304 893 3431 962 περὶ
3575 894 3594 922 ⁸
3619 890 3754 963 ψυχὴν

533 981 749 1034 actione
798 981 1122 1035 cessaverit.
1166 980 1325 1047 Quod
1376 983 1599 1052 quidem
1651 999 1850 1040 sensus
1915 985 2092 1040 instru

2225 983 2365 1054 ἔχον,
2406 983 2494 1037 διὰ
2517 984 2578 1037 τὺ
2615 983 2788 1045 οὕτως
2823 985 2887 1036 ἐκ
2918 982 3054 1037 Θεοῦ
3088 983 3196 1037 τῶν
3228 985 3514 1056 χρησίμων
3542 987 3657 1055 ἡμῖν
3682 1003 3754 1052 γε·

530 1079 795 1138 mentum,
858 1087 983 1127 cum
1016 1073 1088 1128 sit
1143 1081 1341 1128 natura
1377 1085 1679 1141 terrenum,
1719 1077 2013 1146 animaque
2037 1077 2093 1130 ni

2223 1078 2506 1148 γενῆσθαι,
2527 1077 2841 1130 ἀποδίδοται
2868 1076 2943 1148 τῷ
2973 1076 3127 1147 ὕπνῳ
3153 1077 3366 1149 καιρὸς,
3389 1075 3639 1147 μεθιστῶν
3661 1078 3756 1130 αὑτὴ

531 1164 831 1219 hilominus
863 1165 1154 1220 excellenti
1187 1166 1478 1236 praeditum
1515 1185 1528 1221 :
1563 1165 1708 1237 quod
1736 1170 1811 1221 ita
1845 1167 1988 1224 Deus
2013 1169 2088 1222 uti

2224 1170 2332 1223 άπὸ
2386 1169 2484 1239 τῆς
2542 1167 2940 1247 ἐνεργεστάτης
2993 1167 3303 1238 αἰσθήσεως
3350 1169 3434 1232 εἰς
3483 1168 3754 1238 μετάστασιν

533 1256 701 1311 litatis
725 1263 929 1312 nostra:
959 1271 1126 1312 causa
1157 1259 1445 1313 constituit
1475 1275 1488 1317 :
1527 1275 1688 1314 suum
1739 1259 1902 1315 habet
1929 1276 2096 1316 solum

2224 1261 2605 1323 ἀναπαύσεως.
2638 1259 2786 1332 Αὐτὴ
2811 1259 2868 1313 δὲ
2893 1261 2925 1330 ἠ
2953 1259 3098 1331 ψυχὴ
3121 1260 3222 1313 οὐκ
3261 1259 3458 1331 ἐξέστη
3488 1259 3576 1312 τοῦ
3602 1261 3758 1331 ἡγεμο-

533 1359 750 1420 tempus
771 1349 1123 1413 attributum,
1153 1365 1250 1419 per
1265 1351 1411 1419 quod
1443 1351 1513 1405 ab
1548 1355 1816 1405 acerrima
1849 1353 2096 1407 sentiend

2223 1355 2376 1408 νικοῦ
2403 1354 2522 1408 οὑδέ
2545 1355 2638 1407 τοῦ
2669 1356 3035 1427 φρονήματος.
3054 1335 3322 1416 ΙῙολλάκις
3355 1353 3464 1425 γάρ
3488 1353 3757 1422 φαντάζεται

531 1442 837 1508 (unctione,
873 1443 928 1497 in
959 1443 1196 1512 quietem
1223 1449 1614 1515 torporemque
1673 1445 2000 1515 resolviturq
2038 1445 2094 1500 ln

2225 1447 2422 1518 ἑαυτὴν
2435 1448 2509 1511 ὡς
2524 1449 2579 1500 ἐν
2593 1465 2625 1516 γ
2634 1452 2838 1520 ρηγορή
2847 1465 2946 1511 σει,
2961 1448 3054 1500 καὶ
3067 1447 3384 1517 περιπατεῖ,
3397 1445 3757 1516 καὶέργάξεται,

533 1535 694 1590 terim
723 1535 923 1588 animae
946 1549 1074 1604 pars
1111 1534 1198 1587 illa
1252 1536 1526 1606 przecipua
1561 1537 2009 1608 intelligendique
2038 1540 2090 1594 vi

2225 1540 2319 1592 καὶ
2354 1542 2696 1611 ποντοπορεῖ,
2731 1540 2825 1592 καί
2845 1540 2903 1592 ἐν
2934 1538 3142 1591 πλείοσι
3162 1537 3258 1592 καὶ
3283 1537 3492 1608 μείζοσι
3515 1539 3692 1590 τούτων
3713 1538 3757 1590 δι’

533 1626 806 1697 ejusmodi
860 1634 946 1680 est
996 1627 1239 1696 stuporis
1273 1643 1487 1696 expers.
1535 1627 1688 1696 Saepe
1715 1629 1860 1680 enim
1923 1637 2096 1683 semet

2224 1630 2518 1700 ὀνειράτων
2547 1629 2743 1700 ἑαυτὴν
2769 1627 3014 1699 θεωμένη
3041 1641 3054 1654 ·
3090 1622 3126 1697 ἦ
3177 1625 3284 1697 μὴν
3325 1624 3466 1678 κατὰ
3501 1624 3584 1678 τον
3607 1625 3760 1692 ἀφραί-

536 1719 713 1789 ipsam
784 1719 888 1774 sibi
939 1719 1095 1790 quasi
1156 1721 1463 1789 vigilantem
1535 1721 1754 1788 objicit,
1811 1722 2098 1776 ambulans

2226 1739 2406 1786 νοντα,
2442 1723 2535 1775 καὶ
2565 1724 2620 1774 ἐν
2655 1721 2908 1774 ἐκστάσει
2936 1719 3219 1788 γινόμενον
3251 1715 3566 1770 ἐκστατικὸν
3601 1713 3759 1786 ἄνθρω-

535 1827 706 1882 agens
740 1811 966 1881 aliquid,
1000 1813 1298 1882 navigans;
1342 1825 1504 1881 atque
1539 1813 1590 1865 in
1631 1813 1900 1882 pluribus,
1923 1823 1975 1868 et
2019 1830 2098 1868 ma

2227 1831 2349 1874 πον,
2366 1815 2455 1865 τὸν
2487 1811 2562 1883 τῷ
2586 1812 2797 1882 σώματι
2823 1811 2911 1864 καὶ
2933 1813 2998 1880 τῇ
3023 1809 3168 1879 ψυχῇ
3191 1808 3547 1878 ἐγρηγορότα,
3572 1805 3633 1858 τά
3649 1806 3761 1858 δεινὰ

529 1905 752 1976 joribus
798 1904 1033 1974 negotiis
1083 1905 1290 1957 versari
1352 1920 1447 1973 per
1499 1906 1772 1958 somnium
1823 1906 2092 1959 existima!

2192 1884 2197 1926 ⁵
2237 1904 2768 1976 ;.·.εταχειριζόμενον,
2805 1903 2898 1955 καὶ
2941 1900 3200 1963 πολλάκις
3238 1897 3422 1968 ἐαυτῷ
3453 1895 3624 1960 δεινῶς
3650 1896 3755 1966 χρὼ-

532 1992 861 2062 Quanquam
897 1993 1057 2063 longe
1103 1993 1247 2047 ismd
1276 1993 1384 2045 alio
1415 1993 1599 2055 modo,
1634 2008 1794 2062 quant
1839 2009 1870 2046 a
1920 1992 2095 2049 furios

2237 2014 2394 2067 μενον
2428 1997 2521 2048 καὶ
2552 1998 2664 2059 τοῖς
2697 1994 2880 2056 πέλας.
2936 1993 3146 2060 Ἀγνοεῐ
3179 1989 3289 2061 γάρ
3323 1989 3359 2044 ἃ
3397 1989 3667 2058 φθέγγεταὶ
3718 2005 3757 2040 τε

536 2100 602 2140 ac
627 2084 886 2149 fanatico,
921 2085 1161 2155 geritur;
1189 2083 1279 2152 qui
1312 2099 1542 2151 corpore
1567 2085 1860 2152 animoque
1892 2084 2091 2154 vigilau

2234 2087 2328 2138 καὶ
2371 2086 2634 2156 πράττει·
2676 2084 2976 2154 ἐπειδήπερ
3006 2084 3062 2136 ἐν
3101 2083 3362 2135 ἐκστάσει
3405 2081 3614 2158 γέγονεν
3635 2079 3759 2147 ἀφρο-

535 2175 746 2230 atrocia
779 2176 1027 2246 quadam
1062 2182 1358 2245 perpetrat,
1391 2182 1445 2228 et
1475 2189 1597 2227 eum
1636 2175 1736 2227 sibi
1773 2183 1887 2227 tum
1917 2177 2093 2229 caeteri

1172 2182 1358 2244 peti-at,
1391 2182 1445 2228 et
1475 2189 1597 2227 cum
1636 2175 1736 2227 sibi
1773 2183 1887 2227 tum
1917 2177 2127 2230 caeteris
2239 2177 2403 2248 σύν-ης
2429 2180 2457 2231 ὁ
2477 2177 2735 2241 τοιοῦτος.

533 2269 791 2324 omnibus
840 2268 1076 2324 infestus
1133 2279 1248 2333 est;
1308 2269 1482 2324 nescit
1517 2270 1660 2323 enim
1691 2270 1822 2341 quid
1855 2270 1998 2325 dicat
2037 2280 2130 2325 aut
2167 2271 2349 2340 faciat,
2384 2276 2643 2347 quoniam
2691 2290 2724 2329 a
2757 2273 2987 2329 rationis
3049 2280 3193 2327 statu
3226 2269 3475 2340 dejeetus
3519 2279 3569 2324 et
3617 2267 3662 2321 in
3700 2264 3762 2319 iu-

533 2379 715 2419 rorem
739 2379 930 2418 versus
957 2373 1060 2418 est.
1973 2421 1980 2432 ,

609 2452 696 2508 Vl.
724 2453 848 2509 llaec
882 2471 984 2510 nos
1015 2455 1198 2510 omnia
1225 2457 1372 2510 illius
1401 2457 1694 2511 occasione
1724 2458 1860 2511 loci:
1889 2458 2123 2513 Immisit

2307 2461 2396 2526 (τ’.
2431 2457 2616 2511 Ταῦτα
2658 2456 2715 2509 δέ
2766 2457 2942 2510 πάντα
2994 2453 3082 2508 διὰ
3122 2454 3204 2518 τὸ,
3270 2453 3554 2506 Ἐπὲϐαιε
3597 2450 3761 2516 Κύριείῗ

531 2545 679 2602 Dein
722 2556 990 2614 stuporem
1046 2547 1100 2600 in
1150 2547 1438 2612 Adamum,
1463 2559 1510 2601 et
1541 2549 1782 2613 dormiit,
1809 2551 2094 2604 necessarii

2235 2551 2532 2604 ἔκστασιν
2561 2549 2661 2602 ἐπὶ
2695 2549 2802 2601 τὸν
2838 2545 3042 2616 Ἀδὰμ,
3087 2545 3185 2600 καὶ
3238 2545 3538 2605 ὕπνωσεν,
3571 2540 3761 2608 ἀνάγκην

533 2640 958 2710 disputavimus,
1007 2655 1071 2694 ac
1127 2640 1380 2695 diversos
1415 2641 1658 2710 stuporis
1709 2643 1900 2698 modos
1929 2659 2096 2713 prope

2236 2643 2574 2713 ἐσχήκαμεν,
2621 2635 2667 2694 ὦ
2694 2638 3035 2709 ἐπιπόθητοι,
3067 2638 3399 2705 συναγαγεῖν
3429 2635 3525 2698 τὰς
3556 2629 3761 2702 διαφορᾶς

537 2731 751 2786 suimus
775 2747 791 2796 ;
820 2739 984 2800 atque
1007 2729 1141 2784 illud
1184 2731 1364 2800 ipsum
1392 2732 1790 2800 explicavimus
1817 2774 1832 2798 ,
1863 2734 2024 2803 cujus
2054 2751 2100 2789 rc

2235 2735 2344 2788 τῶν
2372 2735 2589 2806 τρόπων
2627 2734 2728 2803 τῆς
2777 2732 3087 2793 ἐκστάσεως
3112 2747 3126 2760 ·
3159 2731 3256 2784 καὶ
3309 2727 3613 2798 ἐφράσαμεν
3640 2724 3757 2790 δι’ἡν

535 2821 717 2892 gratia
749 2836 981 2876 somnus
1012 2821 1102 2876 ille
1133 2820 1372 2890 injectus
1400 2837 1430 2874 a
1459 2821 1692 2878 Domino
1731 2833 1926 2894 stupor
1945 2827 2098 2897 appel

2239 2825 2418 2878 αἰτίαν
2453 2827 2568 2878 ἐκεῖ
2597 2823 2750 2894 παρὰ
2765 2823 2970 2893 Κυρίου
2986 2821 3244 2885 ἔκστασις
3265 2821 3524 2890 εἴρηταιή
3542 2817 3622 2870 τοῦ
3635 2815 3757 2867 ὕπνου

535 2912 702 2968 letur.
725 2909 1018 2967 'Nimirum
1045 2913 1148 2970 hoc
1171 2915 1437 2984 singulari
1487 2914 1579 2978 Dei
1615 2917 1871 2976 cautione
1896 2933 1959 2972 ac
1983 2919 2098 2974 beni

2242 2915 2441 2986 μετοχή
2465 2933 2478 2944 ·
2514 2915 2598 2968 ὅτι
2629 2913 2718 2966 διά
2744 2912 2840 2983 τὴν
2866 2912 2960 2966 τοῦ
2995 2911 3133 2964 Θεοῦ
3177 2909 3348 2980 φειδὼ
3387 2910 3480 2964 καὶ
3525 2907 3757 2976 φιλανθρω-

539 3005 745 3076 gnitate
768 3005 1097 3077 perfectum,
1124 3022 1286 3076 quam
1307 3007 1494 3077 generi
1531 3008 1816 3063 hominum
1843 3011 2102 3080 impertiit

2239 3006 2391 3070 πίαν,
2421 3005 2488 3076 ἣν
2518 3007 2652 3058 πᾶσι
2682 3004 2778 3074 μὲν
2825 2999 3134 3073 ἀνθρώποις
3175 3001 3202 3052 ὁ
3233 2999 3398 3064 αὐτὸς
3420 2997 3698 3070 δεδώρηται,
3724 2995 3757 3045 εξ

537 3113 650 3169 quo
676 3081 738 3153 se
765 3097 835 3152 ad
889 3098 1068 3152 somni
1109 3099 1352 3169 requiem
1371 3116 1410 3154 .a
1433 3099 1754 3170 quotidiana
1783 3104 2100 3173 negotioruu

2241 3097 2304 3149 τὸ
2345 3095 2746 3168 μεταφέρεσθαι
2792 3095 2884 3146 τὸν
2937 3092 3225 3163 ἄνθρωπον
3273 3091 3383 3146 ἀπὸ
3432 3090 3668 3162 μερίμνης
3701 3087 3756 3147 εἰς

537 3205 675 3245 cura
735 3204 800 3245 ac
855 3190 1232 3246 sollicitudine
1267 3191 1602 3247 traduceret.
1649 3193 1979 3265 Quanquam
2020 3195 2096 3248 illi

2196 3203 2206 3254 ι
2242 3190 2548 3243 ἀνάπαυσιν
2577 3185 2746 3241 ὕπνου
2781 3186 2875 3240 καὶ
2903 3183 3012 3238 τῶν
3034 3183 3112 3255 τῷ
3141 3183 3242 3254 βίῳ
3265 3181 3536 3254 χρειωδῶν
3560 3174 3759 3250 πραγμά-

538 3281 743 3354 potiori
767 3281 894 3352 jure
927 3283 1172 3353 stuporis
1204 3284 1531 3338 vocabulum
1567 3285 1699 3339 illud
1729 3285 2042 3352 adluaserit,
2066 3303 2096 3342 e

2239 3297 2365 3334 των.
2415 3281 2563 3332 Ἐκεῖ
2610 3278 2668 3331 δέ
2707 3277 3104 3348 περιττοτέρως
3153 3273 3373 3344 ἐκείνην
3436 3272 3662 3326 ἔκστασιν
3694 3265 3755 3318 xi-

539 3373 691 3440 quod
719 3373 1004 3444 aliquanto
1051 3375 1208 3428 illum
1271 3384 1516 3444 tempore
1545 3375 1614 3429 ab
1641 3377 1792 3428 omni
1829 3391 1995 3430 sensu
2037 3377 2102 3431 do

2241 3373 2432 3438 κληκε,
2463 3373 2552 3426 διὰ
2579 3373 2640 3426 τὸ
2686 3371 2910 3440 ποιῆσαι
2949 3369 3112 3424 αὑτὸν
3153 3369 3292 3440 πρὸς
3320 3368 3416 3438 τὴν
3441 3365 3580 3436 ὥραν
3603 3361 3662 3432 μὴ
3698 3359 3757 3410 αἷ-

541 3463 680 3520 loris
727 3465 974 3531 exemit,
1037 3480 1162 3521 cum
1211 3465 1260 3520 ei
1306 3475 1516 3521 costam
1576 3465 1928 3522 detracturus
1963 3476 2104 3524 esset

2243 3463 2535 3517 σθάνεσθαι
2579 3464 2768 3526 πόνου,
2796 3461 2862 3515 δι’
2908 3462 2974 3532 ἥν
3007 3459 3198 3532 ἔμελλε
3245 3459 3536 3531 λαμϐάνειν
3577 3450 3759 3520 alwin

543 3575 710 3631 quam
739 3560 792 3613 in
816 3561 1100 3616 mulierem
1131 3569 1502 3617 converteret.
1531 3561 1650 3616 Non
1678 3570 1796 3617 erat
1822 3564 1912 3618 ille
1935 3565 2103 3618 menti

2241 3559 2340 3611 ἀπ’
2378 3554 2567 3620 αὐτοῦ,
2601 3555 2696 3609 καὶ
2737 3553 2996 3608 πλάττειν
3033 3551 3202 3624 αὐτὴν
3259 3550 3411 3620 αὐτῷ
3453 3551 3528 3612 εἰς
3564 3545 3753 3615 γυναῖκα.

545 3655 644 3704 aut
674 3649 842 3704 animi
883 3658 1096 3720 stupor.
1145 3650 1281 3704 Nam
1316 3653 1500 3708 statim
1533 3664 1699 3722 atque
1721 3653 2102 3725 expergefaclu

2255 3645 2413 3700 Ἀλλὰ
2463 3646 2566 3699 οὐκ
2614 3641 2684 3716 ἦν
2730 3643 2988 3706 ἔκστασις
3019 3640 3234 3714 φρενῶν
3283 3640 3379 3729 καὶ
3431 3632 3751 3729 διανοημάτων.

544 3745 654 3802 est,
685 3737 831 3810 quod
860 3747 1074 3809 gestum
1115 3731 1234 3796 erat
1256 3741 1500 3810 agnovit,
1531 3756 1595 3795 ac
1619 3741 1756 3796 dixit
1789 3761 1802 3797 :
1832 3741 1948 3797 Hoc
1997 3759 2105 3798 nun

2241 3735 2421 3799 Εὐθὺς
2449 3733 2559 3806 γάρ
2600 3730 2840 3797 ἀναστάς
2863 3733 3100 3800 ἐπέγνω,
3149 3731 3243 3785 καὶ¹
3287 3728 3410 3784 εἷπε
3433 3747 3444 3760 ·
3482 3727 3637 3782 Τοῦτο
3679 3727 3757 3774 νῦν

547 3848 607 3886 os
629 3847 695 3886 ea:
717 3831 927 3885 ossibus
964 3833 1093 3886 meis
1121 3841 1170 3887 et
1201 3849 1327 3888 caro
1353 3834 1417 3888 de
1462 3850 1622 3888 carne
1651 3850 1765 3888 mea
1797 3850 1815 3888 :
1839 3834 1949 3890 luet:
1984 3851 2109 3890 voca

2243 3828 2468 3882 ὀστοῦν
2499 3828 2569 3881 ἐκ
2603 3827 2722 3880 τῶν
2747 3825 2946 3880 ὀστῶν
2973 3841 3114 3894 μου,
3147 3824 3250 3878 καὶ
3272 3822 3428 3891 σὰρξ
3447 3821 3512 3875 ἐκ
3536 3818 3630 3886 τῆς
3654 3827 3755 3880 σαρ-

547 3921 692 3974 bitur
742 3921 949 3992 virago,
1000 3922 1128 3992 quia
1155 3937 1221 3976 ex
1245 3923 1357 3977 viro
1407 3939 1504 3978 suo
1551 3934 1762 3993 sumpta
1799 3935 1876 3978 est
1906 3925 1946 3981 ί.

2241 3919 2351 3986 κός
2360 3937 2501 3988 μου·
2516 3919 2669 3988 αὕτη
2701 3916 3068 3984 κληθήσεται
3083 3915 3262 3984 γυνὴ,
3283 3913 3372 3968 ὅτι
3399 3914 3466 3967 ἐκ
3483 3909 3578 3964 τοῦ
3595 3901 3755 3996 ἀνδρὸς

548 4007 740 4072 Vides.
785 4011 1001 4082 opinor,
1057 4012 1520 4082 quemadmodum
1569 4021 1682 4068 tam
1732 4014 1936 4085 priora,
1969 3993 2111 4085 quau

2241 4010 2682 4080 αὐτ-ῆςῗὲλήφθη
2696 4009 2874 4078 αὕτη.
2897 4008 3008 4063 Καὶ⁸
3021 4008 3314 4062 ἐπίσταται
3329 4009 3456 4077 γάρ,
3471 4004 3538 4068 ὡς
3553 4001 3675 4072 ὁρᾷς,
3688 3993 3751 4048 καὶ

549 4099 862 4171 posteriora
913 4101 1164 4168 noverit,
1222 4117 1288 4157 ac
1339 4101 1524 4158 futura
1572 4103 1854 4176 praedicat.
1922 4104 2112 4158 Etenin

2242 4103 2311 4158 τὰ
2327 4103 2540 4175 πρῶτα,
2558 4101 2736 4156 καὶτὰ
2747 4099 2988 4172 παρόντα
3001 4099 3095 4153 καὶ
3107 4098 3436 4171 προφητεύει
3453 4085 3753 4167 περὶτῶν

549 4191 738 4262 priora
791 4191 1012 4262 quidem
1073 4193 1364 4261 intellexit,
1385 4211 1506 4266 quae
1557 4195 1866 4252 dormiente
1899 4211 1959 4252 se
1981 4202 2112 4268 gest;

2243 4196 2466 4250 λόντων.
2498 4195 2629 4250 Ἰδοὺ
2649 4195 2759 4265 γὰρ
2781 4193 2997 4262 ἐπέγνω
3019 4192 3090 4248 τὰ
3119 4192 3332 4264 πρῶτα,
3363 4192 3447 4244 ὅτε
3475 4183 3538 4258 ἦν
3561 4188 3609 4239 ἐν
3631 4181 3751 4246 ὕπνῳ.

549 4284 808 4352 fuerant,
833 4293 894 4340 ut
927 4301 993 4341 ex
1023 4287 1092 4342 iis
1139 4287 1249 4343 illis
1275 4289 1458 4345 verbis
1493 4288 1771 4358 colligitur
1806 4307 1819 4342 :
1856 4287 1930 4344 0s
1957 4305 2021 4342 ea:
2049 4306 2107 4344 os

2243 4289 2436 4356 λέγων,
2467 4287 2550 4340 ὅτι
2588 4285 2846 4339 Ὀστοῦν
2869 4283 2940 4338 ἐκ
2956 4283 3075 4340 τῶν
3099 4281 3300 4338 ὀστῶν
3315 4299 3454 4352 μου.
3477 4277 3579 4332 Καὶ
3596 4270 3757 4338 ἐπέγνω

550 4375 698 4431 sibus
725 4376 876 4430 meis.
911 4373 1210 4432 Praesentia
1245 4393 1396 4446 vero,
1421 4393 1484 4433 ac
1512 4379 1760 4436 mulieris
1797 4381 2110 4449 procreatio

2244 4379 2314 4432 τά
2347 4378 2611 4448 παρόντα,
2665 4375 2803 4446 μετά
2843 4375 2906 4429 τὸ
2949 4373 3256 4446 πλασθῆναι
3287 4374 3387 4444 τὴν
3423 4369 3644 4440 γυναῖκα,
3673 4361 3754 4449 ἐπι·

549 4483 678 4524 nem
709 4469 1006 4524 subsecuta
1053 4471 1352 4542 cognovit;
1400 4472 1606 4542 quippe
1651 4472 1720 4526 de
1769 4448 1874 4527 suo
1907 4487 2108 4542 eorpor

2248 4471 2414 4539 γνοὺς
2442 4469 2611 4539 αὐτὴν
2637 4466 2746 4522 άπὸ
2769 4465 2864 4520 τοῦ
2897 4464 3148 4536 σώματος
3165 4463 3430 4536 ἠρμένην.
3447 4460 3549 4515 Καὶ
3577 4448 3753 4525 προεφίγ

552 4559 879 4615 translatam
953 4561 1098 4616 illam
1162 4561 1573 4619 animadvertit.
1631 4563 1916 4619 Postremo
1959 4563 2110 4619 futur

2190 4573 2224 4625 [)
2252 4576 2412 4614 τευσε
2451 4560 2582 4631 περὶ
2610 4557 2719 4611 τῶν
2755 4556 3051 4628 ἐσομένων,
3091 4555 3172 4608 ὅτι
3203 4556 3450 4609 Ἕνεκεν
3477 4549 3659 4603 τούτου
3681 4553 3753 4646 xtl-

554 4668 778 4722 quoque
853 4654 1186 4724 vaticinatus
1257 4663 1378 4720 est,
1421 4671 1547 4711 cum
1597 4658 1672 4710 ita
1727 4657 2103 4728 pronuntiavit

2256 4654 2528 4720 ταλείψει
2570 4651 2882 4719 ἅνθρωπος
2929 4649 3038 4703 τὸν
3079 4647 3307 4717 πατέρα
3341 4642 3554 4730 αὐτοῦ,
3569 4635 3649 4690 καί
3677 4635 3753 4730 rip:

561 4743 784 4813 Propter
809 4745 906 4799 hoc
922 4746 1174 4816 relinquet
1220 4747 1374 4800 homo
1409 4758 1615 4818 patrem
1637 4765 1794 4804 suum
1833 4759 1880 4804 et
1923 4758 2124 4802 matren

2249 4742 2476 4815 μητέρα
2501 4741 2710 4806 αὐτοῦ,
2740 4740 2840 4794 καί
2867 4737 3466 4809 προσκολληθήσεται
3487 4728 3554 4798 τῇ
3579 4728 3752 4820 ’Νίνιξῃ

555 4851 746 4899 suam;
777 4845 825 4890 et
865 4835 1152 4891 adhaerebit
1179 4839 1336 4890 uxori
1355 4855 1484 4904 siue,
1511 4848 1560 4894 et
1583 4849 1738 4894 erunt
1761 4837 1915 4893 ambo
1945 4841 2002 4893 in
2028 4856 2118 4894 car

2255 4837 2463 4899 αὑτοῦ,
2495 4837 2591 4888 καὶ
2611 4837 2856 4890 ἔσονται
2906 4837 2961 4888 οὶ
3007 4832 3115 4887 δύο
3139 4833 3229 4898 εὶς
3251 4829 3441 4899 σάρκα
3461 4816 3752 4895 [tias-Iam

556 4945 675 4985 nem
708 4945 870 4982 uuam
903 4930 946 4982 ³.
985 4927 1111 4985 Ηωο
1140 4929 1304 5000 igitur
1324 4945 1432 4985 non
1469 4931 1690 4985 fanatici
1730 4931 1968 4988 hominis
1998 4942 2119 4988 sunt

2255 4929 2311 4982 δὲ
2335 4931 2434 4982 οὐκ
2448 4929 2505 4980 ἐν
2533 4929 2553 4960 ³
2576 4924 2898 4981 ἐκστατικοῦ
2921 4923 3131 4996 ἀνδρὸς,
3153 4923 3274 4976 οὐδὲ
3301 4907 3749 4990 ἁπαρακολουοήτου,

559 5037 668 5076 non
697 5019 829 5090 quid
849 5019 998 5074 dicat
1038 5019 1381 5090 ignorantis;
1421 5023 1516 5077 sed
1559 5023 1726 5077 animi
1758 5023 1953 5078 robore
1979 5037 2044 5076 ac
2065 5023 2122 5076 ῆι·

1861 5039 1953 5078 ore
1979 5037 2044 5076 ac
2065 5023 2160 5076 ﬁr-
2257 5019 2393 5074 ἀλλὰ
2432 5017 2752 5090 ἐρρωμένην
2785 5015 3001 5086 ἔχοντος
3031 5014 3132 5085 τὴν
3168 5014 3422 5068 διάνοιαν.

558 5115 750 5168 tnitate
769 5112 1001 5182 praediti.
1785 5146 1795 5162 -
2067 5144 2074 5150 ·
3267 5190 3284 5193 _
3434 5190 3444 5193 _
3557 5181 3618 5193 -.
3663 5170 3731 5193 __.v

633 5204 742 5260 VII.
790 5204 909 5260 Jam
945 5220 1075 5260 vero
1105 5211 1165 5258 ut
1193 5205 1396 5260 deloco
1427 5201 1559 5260 illo':
1590 5203 1698 5277 Ego
1729 5206 1912 5260 dixiin
1931 5221 2148 5260 excessu

2329 5204 2402 5256 Z'.
2432 5202 2494 5255 Ei
2523 5201 2579 5254 δὲ
2603 5201 2700 5256 καὶ
2731 5199 2862 5270 περὶ
2891 5196 3006 5262 τοῦ,
3054 5194 3203 5265 Ἐγὼ
3230 5190 3398 5248 εἷπον
3423 5190 3486 5243 ἐν
3516 5182 3579 5251 τῇ

561 5316 676 5354 ineo
707 5317 724 5355 :
763 5297 950 5354 Omnis
979 5299 1132 5354 homo
1162 5299 1389 5354 mendax
1419 5299 1458 5362 ³,
1491 5298 1696 5369 aliquid
1723 5298 2009 5365 dicamus;
2041 5299 2124 5352 ali:

2256 5311 2352 5348 σει
2378 5309 2498 5364 μου
2519 5311 2532 5324 ο
2568 5292 2697 5359 Πᾶς
2728 5263 3040 5359 ἅνθρωπος
3067 5263 3361 5362 ψέρστης,
3401 5263 3748 5376 λεκτέον,.έτές³

564 5391 814 5458 ιιιιςιιιιιιιῐι
875 5390 1040 5460 hujus
1089 5391 1239 5446 verbi
1279 5392 1429 5444 notio
1475 5399 1577 5454 est,
1629 5407 1740 5445 non
1768 5406 1828 5444 ea
1878 5389 2122 5444 videlicet

2261 5387 2425 5444 πάλιν
2447 5387 2585 5457 αὕτη
2625 5388 2658 5458 ἡ
2688 5387 2938 5454 δύναμις,
2977 5384 3078 5454 οὐχ
3113 5382 3172 5435 ὃν
3225 5381 3418 5450 τρόπον
3452 5369 3577 5429 τινδς
3606 5369 3746 5460 ἀφῇς

566 5495 689 5549 qua:
711 5481 909 5534 amenti
942 5497 1008 5536 ac
1039 5481 1246 5536 furioso
1270 5483 1554 5536 tribuitur.
1586 5481 1744 5536 Absit
1775 5491 1832 5536 ut
1863 5481 1913 5533 iul
1949 5481 2001 5534 in
2037 5481 2123 5533 aui

2259 5495 2441 5541 νοντος
2466 5477 2754 5550 ἀνθρώπου
2794 5477 2889 5530 καὶ
2917 5474 3242 5530 ἐκστατικοῦ
3267 5514 3280 5538 ,
3309 5473 3380 5544 μὴ
3406 5460 3611 5536 γένοιτοε
3655 5451 3749 5550 an?

569 5584 722 5624 mum
784 5570 1126 5626 inducamus.
1183 5572 1291 5628 Sed
1343 5574 1618 5628 hominem
1677 5571 2057 5627 incredibilem
2095 5572 2128 5624 il

2263 5571 2764 5642 ὑποθαυμάζοντος,
2797 5573 2890 5624 καὶ
2929 5569 3309 5639 διανοουμένου
3340 5564 3466 5632 ὑπὲρ
3493 5554 3582 5610 τῶν
3606 5550 3622 5580 ⁸
3647 5537 3743 5642 ξατά

575 5658 802 5714 modum
834 5661 1308 5729 obstupesccntcm
1371 5665 1664 5732 signiﬁcat,
1707 5671 1761 5715 ct
1819 5665 2040 5716 usitatis
2090 5681 2136 5715 ιι(

2262 5664 2359 5732 τὴν
2403 5661 2688 5732 συνήθειαν
2721 5659 2998 5730 λογισμῶν
3037 5658 3142 5712 τῶν
3185 5657 3491 5728 συμμέτρως
3525 5634 3743 5714 ὁρωμένωθ

621 5811 824 5866 ιίῧοιι.
863 5828 922 5876 ll,
965 5815 1056 5868 9.5.
1138 5820 1156 5846 ³
1189 5819 1317 5874 ibid.
1349 5821 1438 5874 Ἡ.
1522 5821 1710 5877 3Paul.
1745 5838 1867 5886 «:xv,
1911 5821 1993 5876 Η.
2113 5823 2184 5874 ⁸(

1911 5821 1993 5876 Η.
2113 5823 2128 5848 ⁸
2160 5821 2311 5874 (Σῡιτ.
2352 5821 2626 5890 περιττήν.
2705 5819 2722 5849 ⁸
2755 5818 2908 5871 Corr.
2940 5817 3038 5869 οὐκ
3065 5810 3152 5885 ἦν.
3247 5817 3265 5847 ε
3305 5814 3362 5867 F.
3392 5811 3458 5864 ti.
