3958 6438
173 362 287 418 863

909 364 1280 422 ADVERSUS
1314 331 1658 420 IirEﬂESIES
1697 364 1823 420 LIB.
1867 367 1928 425 II.
1973 367 2138 424 TOZII.
2181 368 2220 424 Ι.
2265 369 2536 425 II/EIIES.
2572 368 2800 427 XLVIII.

3365 379 3474 440 866

174 499 245 537 τε
277 480 373 535 καὶ
399 481 813 554 πραττομένων.
851 484 1068 557 Ἐπειδὴ
1097 486 1206 558 γὰρ
1232 485 1544 556 ἐθαύμασεν
1570 489 1768 560 προφή.

1887 487 2226 558 quotidianis
2259 505 2475 556 eorum,
2509 490 2602 560 qui
2635 489 2914 557 videntur,
2960 501 3056 544 aut
3085 496 3347 560 aguntur,
3378 508 3473 546 eo-

175 588 306 644 της,
343 571 434 627 διὰ
472 571 800 646 θαυμασμὸν
845 575 1078 630 ἐνταῦθα
1125 576 1297 646 λέγει.
1337 577 1598 647 Γεγόνασι
1633 579 1690 633 δὲ
1723 581 1780 631 ἐν

177 662 445 721 ἐκστάσει
477 665 526 716 οἱ
578 665 875 738 προφῆται,
921 667 1022 721 οὐκ
1070 668 1129 721 ὲν
1174 668 1432 722 ἐκστάσει
1479 669 1775 741 λογισμῶν.

171 757 384 827 Γέγονε
415 757 526 830 γὰρ
558 759 652 812 καὶ
684 758 894 830 Πέτρος
922 761 980 812 ἐν
1011 760 1289 824 ἐκστάσει,
1319 760 1440 832 ούχὶ¹
1485 761 1561 834 μὴ
1593 778 1776 836 παρα-

171 847 456 902 κολουθῶν
486 847 563 919 τῷ
590 848 754 920 λόγῳ,
785 849 898 902 ἀλλ’
940 850 1084 922 ὁρῶν
1131 851 1508 924 καθημερινῆς
1547 853 1777 908 ἀκολου-

171 939 304 1003 θίας
332 939 497 1012 ἕτερα
527 940 679 1012 παρὰ
707 943 820 1004 τοῖς
845 939 1156 1013 ἀνθρώποις
1187 941 1462 1014 ὁρώμενα.
1490 945 1540 1012 ,Ε
1545 941 1634 998 ἴδε
1667 948 1780 1016 γὰρ

169 1029 405 1098 ὀθόνην
425 1029 806 1098 καθιεμένην,
831 1030 930 1084 καὶ
963 1031 1161 1084 πάντα
1193 1032 1264 1086 τὰ
1287 1031 1640 1100 τετράποδα,
1675 1035 1776 1090 καί

165 1119 420 1188 ἑρπετὰ,
467 1121 564 1174 καὶ
616 1120 724 1174 τοῦ
775 1122 1038 1188 οὐρανοῦ
1076 1123 1149 1178 τὰ
1193 1123 1436 1178 πετεινὰ
1479 1125 1550 1179 ἐν
1595 1125 1771 1197 αὐτῇ.

173 1214 328 1283 Ὅρα
357 1213 435 1278 δὲ,
449 1214 530 1266 ὅτι
551 1213 969 1284 παρακολουθεῖ,
993 1217 1086 1268 καὶ
1099 1215 1200 1270 οὐκ
1213 1212 1280 1288 ἦν
1293 1217 1350 1272 ἐν
1366 1217 1624 1273 ἐκστάσει
1637 1236 1771 1292 φρε-

168 1305 286 1358 νῶν
301 1306 331 1358 6
344 1305 499 1374 ἅγιος
513 1304 734 1376 Πέτρος·
755 1307 842 1359 ὅτε
859 1307 967 1380 γάρ
978 1308 1230 1380 ἤκουσεν,
1257 1309 1538 1374 Ἀνάστα,
1555 1313 1768 1381 θῦσον,

167 1395 277 1449 καὶ
313 1395 488 1465 φάγε,
525 1399 625 1467 οὐχ
647 1397 723 1460 ὼς
755 1397 830 1470 μὴ
857 1399 950 1453 τὸν
983 1399 1109 1454 νοῦν
1161 1402 1472 1474 ἐρρωμένος
1498 1405 1725 1476 ἐπείσθη
1752 1423 1766 1436 ·

164 1487 313 1540 ἀλλὰ
349 1487 484 1558 φησὶ
514 1488 649 1558 πρὸς
679 1488 768 1542 τὸν
797 1489 999 1560 Κύριον
1018 1507 1034 1523 ⁸
1075 1492 1392 1563 Μηδαμῶς,
1427 1495 1605 1564 Κύριε
1623 1513 1638 1528 ο
1665 1499 1768 1552 oi)-

163 1577 394 1632 ὂέποτε
422 1579 629 1633 κοινὸν
649 1579 686 1647 ἣ
709 1578 1050 1650 ἀκάθαρτον
1071 1584 1358 1651 εἰσῆλθεν
1369 1589 1458 1653 είς
1478 1588 1543 1640 τὸ
1574 1590 1770 1657 στόμα

156 1684 314 1736 μου.
351 1667 463 1721 Καὶ
512 1667 678 1721 Δαϐὶδ
705 1670 732 1721 6
777 1669 929 1736 ἅγιος
967 1667 1138 1736 εἶπεν,
1167 1673 1249 1727 ὅτι
1285 1673 1768 1744 Πᾶςκᾶνθρωπος

164 1763 473 1832 ⁸ψεύστης.
527 1762 584 1816 '0
617 1761 674 1814 δὲ
698 1762 894 1831 λέγων,
926 1765 1120 1818 Εἶπον
1153 1765 1287 1835 ἐγὼ,
1324 1766 1430 1837 ἰδίᾳ
1461 1767 1636 1837 ἔλεγε,
1673 1769 1768 1822 καὶ

1885 579 2245 647 gitationibus
2267 581 2478 651 majora
2508 587 2845 638 versantem.
2867 580 3006 636 Cum
3032 580 3178 636 enim
3198 579 3472 651 Propheta

1881 671 2153 726 miraculo
2187 680 2332 728 esset
2365 672 2654 736 attonitus,
2682 688 2798 743 pra:
2849 671 3216 728 admiratione
3276 673 3352 726 ita
3397 675 3472 728 lo-

1879 771 2042 818 cutus
2091 766 2218 818 est.‘
2243 761 2400 830 Quod
2427 778 2558 819 vero
2599 761 2888 832 Propheta:
2928 770 3082 818 extra
3116 777 3177 817 se
3221 762 3364 832 rapti
3395 761 3466 816 Ie-

1879 863 2102 927 guntur,
2155 869 2264 909 non
2297 855 2379 910 sic
2437 854 2816 925 accipiendum
2867 861 2974 918 est,
3019 853 3176 924 quasi
3235 853 3470 907 rationis

1881 963 2040 1003 usum
2082 945 2394 1000 amiserint.
2451 944 2587 999 Nam
2617 954 2672 1000 et
2721 945 2918 1001 Petrus
2972 953 3127 1000 extra
3171 959 3232 1000 se
3275 953 3468 1015 raptus

1877 1039 2176 1110 aliquando
2210 1039 2438 1100 dicitur.
2473 1053 2582 1093 non
2602 1039 2750 1108 quod
2775 1037 3020 1092 habitum
3043 1037 3188 1091 ultro
3217 1037 3468 1108 citroque

1876 1145 2184 1186 sermonem
2216 1129 2512 1199 ignorarit;
2555 1129 2650 1184 sed
2677 1128 2823 1197 quod
2858 1135 3054 1197 praeter
3081 1127 3466 1198 quotidianum

1875 1236 2039 1277 usum
2073 1220 2339 1276 nonnulla
2370 1219 2486 1274 ﬁeri
2514 1219 2658 1274 inter
2690 1219 2942 1274 homines
2980 1219 3466 1274 animadverteret.

1884 1313 2026 1368 Vidit
2051 1313 2190 1367 enim
2221 1312 2440 1366 linteum
2465 1309 2775 1374 demissum,
2805 1323 2853 1366 et
2875 1312 3052 1364 omnia
3076 1309 3465 1380 quadrupedia,

1873 1421 1936 1458 ac
1961 1404 2196 1474 reptitia,
2223 1411 2273 1458 et
2326 1403 2444 1458 caeli
2483 1403 2718 1458 volucres
2764 1403 2822 1457 in
2849 1419 2909 1457 eo
2937 1403 3193 1457 contineri
3219 1404 3260 1456 ⁸.
3291 1402 3466 1468 Quam

1871 1512 2038 1567 porro
2071 1511 2193 1567 quae
2219 1495 2538 1552 dicerentur
2573 1495 2758 1550 animo
2773 1495 3100 1565 perceperit,
3133 1510 3235 1548 nec
3260 1508 3291 1548 a
3323 1501 3467 1548 statu

1869 1589 2107 1646 rationis
2139 1589 2356 1644 alienus
2417 1588 2604 1654 fuerit,
2679 1602 2747 1642 ex
2806 1602 2872 1642 eo
2901 1585 3467 1657 potes-discernere;

1871 1681 2015 1750 quod
2050 1695 2174 1734 cum
2202 1681 2446 1735 audisset
2479 1699 2493 1733 :
2529 1679 2720 1750 Surge,
2741 1679 2920 1734 occide
2963 1687 3014 1732 et
3039 1677 3326 1742 manduca,
3356 1691 3470 1732 non

1871 1774 2018 1829 illico
2058 1773 2206 1828 velut
2238 1774 2438 1828 mentis
2475 1773 2702 1828 minime
2725 1787 2952 1842 compos
2983 1771 3338 1841 obsequitur;
3370 1769 3469 1825 sed
3546 1830 3554 1839 ,

167 1856 306 1928 περὶ
329 1853 441 1908 τῶν
465 1854 786 1926 ἀνθρώπων,
817 1856 920 1919 ὅτι,
952 1855 1126 1926 ἔλεγε,
1148 1858 1464 1929 Ψεύδονται.
1504 1861 1646 1930 Ἀρα
1672 1860 1767 1914 αύ-

1871 1868 1947 1922 ita
1973 1865 2208 1921 Domino
2237 1865 2572 1936 respondet:
2599 1865 2774 1929 Absit,
2804 1862 3050 1918 Domine!
3080 1862 3213 1916 nihil
3234 1877 3468 1931 unquam

166 1947 264 2010 τὸς
291 1947 394 2001 ούκ
422 1945 694 2016 ἐψεύδετο.
745 1947 1217 2021 Ἐκπληττόμενος
1239 1950 1316 2014 δέ,
1349 1953 1443 2004 καὶ
1467 1950 1764 2023 θαυμάζων

162 2039 272 2111 τὴν
323 2038 490 2094 αὐτοῦ
543 2039 972 2112 φιλανθρωπίαν,
1020 2043 1116 2096 καὶ⁸
1158 2043 1226 2096 τὰ
1278 2044 1428 2116 αὐτῷ
1467 2045 1620 2117 παρὰ
1669 2044 1762 2100 τοῦ

163 2129 381 2200 Κυρίου
409 2130 820 2202 κεκηρυγμένα,
845 2130 1120 2202 ἐθαύμαζε
1149 2132 1271 2186 καθ’
1296 2133 1603 2206 ὑπερϐολήν
1625 2152 1638 2166 ·
1671 2135 1765 2189 καὶ

162 2220 316 2292 όρῶν
374 2220 552 2275 πάντα
597 2222 886 2296 ἄνθρωπον
945 2223 1260 2295 ἐνδεόμενον
1303 2225 1398 2279 τοῦ
1438 2227 1621 2290 ἐλέους
1669 2227 1763 2282 τοῦ

161 2312 332 2378 Θεοῦ,
373 2314 521 2385 μόνῳ
548 2315 738 2386 Κυρίῳ
768 2315 829 2368 τὸ
861 2315 1146 2386 ἀληθεύειν
1189 2317 1433 2372 ἐπέδωκε
1457 2337 1470 2350 ·
1505 2320 1683 2373 πάντα
1708 2320 1766 2373 δέ

163 2405 460 2477 ἄνθρωπον
486 2406 592 2460 ὑπὸ
615 2408 890 2476 ἐπιτίμιον
920 2407 1062 2477 ἔγνω
1082 2427 1094 2438 ·
1131 2409 1218 2463 ἵνα
1251 2409 1400 2483 δείξῃ
1425 2411 1485 2464 τὸ
1513 2412 1766 2482 ἀληθινὸν

162 2501 398 2573 Πνεῦμα
433 2502 493 2555 τὸ
524 2505 581 2558 ἐν
629 2505 937 2574 προφήταις
969 2503 1230 2574 λαλῆσαν,
1263 2504 1358 2557 καὶ
1389 2505 1455 2558 τὰ
1497 2503 1635 2575 βάθη
1665 2504 1760 2556 αύ-

161 2597 285 2659 τοῖς
318 2594 676 2666 ἀποκαλύψαν
727 2596 827 2668 τῆς
855 2595 950 2648 τοῦ
995 2595 1129 2649 Θεοῦ
1167 2595 1424 2666 γνώσεως
1468 2595 1562 2648 καὶ
1607 2597 1766 2666 ἀκριο

163 2685 348 2748 δείας.
391 2685 641 2754 Ἐγένετο
667 2686 724 2739 δέ
751 2688 844 2739 καὶ
888 2687 1142 2758 Ἀϐραάμ
1175 2688 1232 2739 ἐν
1270 2685 1547 2747 ἐκστάσει,
1580 2687 1680 2739 οὐκ
1709 2689 1765 2739 ἐν

163 2775 428 2830 ἐκστάσει
453 2775 688 2847 φρενῶν,
721 2775 858 2830 ἀλλὰ
885 2775 1142 2830 ἐκστάσει
1171 2775 1358 2844 φόϐου.
1401 2773 1636 2827 Ἕϐλεπε
1657 2773 1766 2846 γὰρ

164 2865 430 2921 κλίϐανον
481 2867 574 2920 καὶ
607 2868 897 2939 λαμπάδας
932 2868 1060 2940 περὶ
1110 2868 1209 2938 τὴν
1255 2865 1351 2920 τοῦ
1397 2866 1549 2938 ἡλίου
1591 2866 1763 2922 δύσιν.

164 2959 282 3014 Καὶ
315 2960 465 3014 ἄλλοι
509 2961 786 3033 προφῆται
813 2960 1048 3033 ὁρῶντες
1085 2961 1152 3013 τὰ
1185 2961 1437 3032 ὁράματα
1475 2962 1532 3015 ἐν
1557 2959 1766 3034 διανοίᾳ

163 3052 463 3124 ἐρρωμένη
495 3051 700 3120 ἔλεγον.
751 3052 839 3115 Ὠς
871 3055 899 3106 6
923 3053 1164 3123 Μωῦσῆς
1197 3051 1376 3122 φησίν
1401 3053 1498 3120 (2)“
1538 3054 1764 3122 Ἔμερο-

162 3143 280 3210 σός
311 3147 428 3213 εἶμι
461 3145 560 3197 καὶ
593 3144 900 3214 ἔντρομος.
942 3145 1126 3212 Ἔγνω
1159 3143 1213 3196 δὲ
1255 3142 1523 3214 Ἀϐραὰμ,
1549 3146 1617 3198 τὰ
1658 3144 1766 3197 ὑπὸ

163 3235 267 3288 τοῦ
297 3235 505 3306 Κυρίου
551 3235 820 3306 λεγόμενα
839 3253 852 3266 ⁶
882 3238 932 3288 Γ
937 3235 1211 3288 ινώσκων
1243 3235 1467 3306 γνώσῃ,
1496 3235 1583 3289 ὅτι
1615 3237 1764 3306 πάρ-

164 3346 346 3387 οικεν
385 3329 558 3382 ἔσται
591 3328 656 3382 τὸ
682 3327 922 3396 σπέρμα
975 3345 1092 3381 σου
1123 3328 1193 3380 ἐν
1232 3325 1308 3397 γῇ
1339 3329 1628 3396 ett-impigr
1661 3329 1765 3398 ἔτη

163 3425 548 3491 τετρακόσια.
583 3421 695 3474 Kal.
721 3421 873 3492 ὁρᾷς,
903 3419 978 3482 ὡς
1009 3418 1122 3471 ἔστι
1151 3418 1218 3472 τὰ
1247 3417 1422 3471 πάντα
1450 3423 1506 3471 ἐν
1539 3420 1768 3492 ἀληθείᾳ

169 3519 329 3578 ἰδεῖν,
363 3515 513 3585 παρὰ
541 3517 654 3576 τοῖς
699 3513 1009 3582 προφήταις
1048 3510 1333 3582 εἰρημένα,
1366 3511 1462 3564 καὶ
1492 3513 1549 3564 ἐν
1594 3513 1770 3585 spem.

173 3609 320 3682 μένῃ
351 3608 578 3679 διανοίᾳ,
609 3607 702 3660 καὶ
736 3607 793 3658 ἐν
843 3605 1081 3675 σώφρονι
1127 3603 1396 3673 λογισμῷ,
1452 3604 1546 3657 καὶ
1573 3605 1672 3658 ούκ
1713 3608 1769 3660 ἐν

167 3699 557 3772 παραπληξὶᾳ.

1868 1971 2142 2010 commune
2201 1954 2279 2009 uel
2333 1955 2665 2009 immundum
2717 1954 2939 2007 intravit
2986 1953 3044 2006 in
3094 1969 3152 2006 os
3193 1968 3366 2006 meum
3420 1959 3464 2004 ί.

1867 2045 2026 2114 Quod
2062 2055 2244 2102 autem
2277 2046 2345 2102 ad
2381 2045 2638 2102 Davidem
2663 2045 2883 2110 attinet,
2917 2045 3014 2115 qui
3046 2044 3186 2099 dixit
3215 2063 3228 2098 :
3277 2041 3468 2099 Omnis

1867 2139 2025 2193 homo
2056 2137 2319 2203 mendax;
2343 2154 2470 2193 cum
2511 2138 2715 2208 adjecit
2745 2153 2757 2187 :
2789 2136 2902 2210 Ego
2946 2135 3080 2201 dixi,
3121 2135 3376 2206 privatim
3410 2142 3467 2189 et

1867 2247 1933 2288 ex
1982 2247 2084 2286 sua
2139 2245 2378 2300 persona
2433 2230 2653 2286 locutus
2683 2237 2787 2298 est,
2838 2237 2898 2283 ut
2945 2229 3162 2284 mentiri
3212 2227 3465 2282 homines

1868 2326 2184 2390 afﬁrmaret,
2221 2325 2492 2382 mendacii
2527 2326 2645 2396 ipse
2702 2335 2846 2384 esset
2898 2340 3116 2396 expers.
3161 2323 3269 2379 Sed
3306 2322 3468 2378 nimi-

1865 2433 1989 2472 rum
2024 2416 2120 2472 Dei
2167 2419 2560 2488 benignitatem
2607 2418 2962 2474 vehementer
2996 2418 3294 2472 admiratus
3335 2423 3465 2482 est;

1868 2520 1982 2564 tum
2007 2511 2156 2581 quod
2187 2511 2432 2566 numinis
2455 2512 2636 2565 amatu
2659 2513 3062 2582 quamplurima
3077 2511 3205 2565 olim
3235 2517 3466 2565 ventura

1869 2601 2242 2671 praedixisset;
2275 2617 2514 2672 cumque
2549 2603 2827 2658 universis
2858 2601 3177 2657 hominibus
3209 2615 3470 2656 necessa-

1867 2693 2006 2746 riam
2040 2707 2166 2760 esse
2197 2691 2291 2747 Dei
2322 2693 2760 2748 misericordiam
2797 2701 3066 2756 cerneret,
3099 2693 3203 2747 ευιί
3235 2691 3468 2746 Domino

1867 2787 2154 2838 veritatem
2215 2784 2489 2848 attribuit,
2523 2800 2587 2838 ac
2632 2785 3136 2859 mortales_omnes
3181 2783 3470 2853 reprehen-

1869 2873 2014 2927 sioni
2064 2874 2333 2929 obnoxios
2393 2889 2518 2930 esse
2576 2875 2990 2944 pronuntiavit;
3054 2881 3114 2927 ut
3162 2887 3350 2928 verum
3409 2872 3468 2927 in

1869 2965 2156 3034 prephetis
2199 2966 2446 3032 locutum
2481 2982 2606 3022 esse
2637 2967 2900 3036 Spiritum
2950 2966 3288 3030 ostenderet,
3312 2981 3466 3020 cum-

1869 3073 1974 3126 que
2011 3057 2078 3110 iis
2109 3058 2376 3113 altissima
2408 3058 2610 3112 divina:
2655 3057 2822 3128 409
2857 3056 3190 3127 cognitionis
3233 3069 3468 3109 accura-

1872 3157 2048 3217 tzeque
2073 3148 2319 3202 scientiae
2367 3165 2569 3202 arcana
2617 3149 3080 3204 communicasse.
3112 3148 3465 3202 Ai'irabamus

1873 3239 2060 3293 itidem
2114 3249 2272 3293 extra
2321 3255 2380 3294 se
2416 3240 2588 3294 fuisse.
2659 3249 2852 3309 raptus
2911 3240 3199 3305 scribitur,
3256 3256 3367 3294 non
3398 3247 3458 3293 ut

1868 3332 2037 3386 animi
2108 3332 2382 3400 impotens
2419 3343 2584 3394 esset,
2632 3333 2726 3386 sed
2779 3334 3049 3386 duntaxat
3102 3332 3296 3385 timore
3341 3345 3464 3400 per-

1866 3425 2076 3479 culsus.
2110 3422 2257 3477 Vidit
2281 3424 2426 3477 enim
2453 3425 2556 3479 sub
2583 3425 2714 3478 solis
2733 3436 2991 3478 occasum
3021 3423 3295 3476 clibanum
3328 3437 3456 3474 cum

1869 3515 2238 3584 lampadibus.
2311 3513 2624 3584 Eodemque
2688 3516 2850 3570 modo
2910 3515 3190 3585 propheta:
3251 3514 3460 3574 ueteri,

1869 3624 1994 3661 cum
2032 3607 2249 3676 objecta
2287 3607 2393 3661 sibi
2449 3607 2570 3662 visa‘
2602 3617 2915 3670 cernerent,
2952 3607 3009 3660 in
3041 3605 3232 3661 eodem
3265 3606 3466 3659 mentis

1871 3699 2055 3768 vigore
2113 3701 2496 3767 perstiterunt.
2563 3699 2652 3754 Sic
2707 3702 2851 3755 enim
2921 3699 3140 3770 Moyses
3197 3698 3461 3752 dicebat:

166 3793 387 3847 Timore
437 3791 712 3860 perculsus
779 3805 894 3843 sum
940 3805 1003 3842 ac
1047 3788 1294 3842 cohorrui
1328 3787 1368 3843 ³,
1400 3786 1750 3844 Abrahamus
1793 3806 1922 3844 vero
1959 3806 2078 3860 quae
2109 3808 2140 3844 a
2169 3790 2402 3844 Domino
2435 3799 2560 3847 sunt
2598 3791 2742 3844 dit-ta
2808 3793 3088 3861 percepit:
3142 3790 3286 3845 Scito
3334 3805 3469 3856 prie.

165 3901 417 3945 noscens,
470 3881 606 3952 quod
659 3880 993 3950 peregrinum
1026 3880 1265 3950 futurum
1313 3879 1381 3933 sit
1441 3896 1612 3934 semen
1667 3890 1814 3933 tuum
1873 3883 1926 3934 in
1987 3893 2129 3936 terra
2184 3883 2363 3936 aliena
2419 3886 2577 3936 annis
2627 3884 3026 3954 quadringentis
3084 3883 3123 3936 ³.
3170 3881 3288 3936 Jatn
3331 3879 3474 3940 illul

163 3976 618 4030 animadvertere
686 3981 740 4027 te
791 3981 942 4043 puto,
979 3988 1098 4042 quae
1145 3988 1175 4026 a
1212 3971 1494 4044 prepbetis
1524 3975 1962 4043 pronuntiantur
2017 3975 2224 4040 omnia,
2286 3983 2336 4029 et
2403 3990 2530 4029 eum
2593 3975 2785 4030 eadem
2833 3975 3000 4026 animi
3056 3973 3347 4043 przcsentia
3411 3980 3466 4023 et

165 4085 300 4125 cum
343 4076 491 4123 certa
519 4082 584 4121 ac
614 4067 868 4137 prudenti
906 4067 1118 4123 ratione
1148 4051 1420 4138 prol‘eri'i.‘
1551 4133 1554 4138 l
2865 4075 2875 4084 '

247 4163 332 4215 ιιι.
359 4162 424 4214 EI
469 4161 524 4214 δὲ
565 4161 659 4213 καὶ
704 4159 867 4213 πάλιν
901 4159 1186 4230 θελήσουσι
1227 4158 1426 4228 λέγειν·
1471 4161 1582 4230 Οὐχ
1615 4161 1768 4230 ὅμοια

1953 4150 2082 4204 VIII.
2127 4151 2284 4217 Quod
2313 4153 2358 4206 si
2392 4151 2521 4206 illud
2554 4151 2843 4219 obiiciant,
2872 4153 3273 4221 posterioribus
3297 4157 3461 4212 donis

163 4258 244 4310 τὰ
291 4253 486 4331 πρῶτα
534 4251 850 4325 χαρίσματα
895 4254 1008 4316 τοῖς
1057 4251 1346 4321 ἐσχάτοις’
1411 4252 1574 4306 πόθεν
1621 4251 1768 4304 τοῦτ(

1877 4245 2064 4316 priora
2097 4261 2204 4298 non
2243 4245 2413 4299 fuisse
2449 4245 2684 4310 similia;
2720 4245 3050 4314 quibusnam
3089 4246 3141 4300 id
3177 4261 3468 4318 argumen-

165 4349 363 4419 ἔχουσι
393 4345 594 4412 δεῖξαι;
649 4344 882 4414 Ὁμοίως
926 4342 1036 4414 γὰρ
1080 4342 1331 4414 ἀλλήλοις
1375 4345 1422 4396 οἱ
1457 4343 1600 4412 ἅγιοι
1643 4361 1768 4415 προ·

1876 4340 1949 4392 tis
1975 4335 2251 4392 eilicient?
2278 4337 2441 4390 Certe
2477 4337 2626 4390 enim
2673 4336 2954 4406 prophetae
2993 4352 3206 4402 omnes,
3241 4347 3296 4394 et
3341 4355 3470 4410 apo-

167 4441 367 4511 ερῆται,
404 4436 500 4491 καὶ
531 4436 582 4488 οἱ
616 4435 760 4504 ἆγιοι
805 4432 1088 4486 ἀπόστολοι
1131 4436 1564 4504 προεφήτευσαν.
1615 4434 1768 4506 Πρῶ-

1881 4431 2006 4486 stoli
2037 4445 2146 4484 non
2191 4429 2448 4484 dissimili
2487 4445 2518 4482 a
2547 4445 2608 4484 se
2647 4430 2882 4484 invicem
2926 4431 3144 4485 ratione
3181 4431 3468 4488 vaticinati

163 4549 270 4585 τον
310 4529 408 4602 μὲν
442 4524 536 4581 οὖν
572 4525 940 4598 άνερχομένου
969 4523 1061 4578 τοῦ
1099 4525 1350 4596 Σωτῆρος
1383 4527 1462 4588 εἰς
1493 4525 1584 4578 τὸν
1617 4526 1768 4596 ούρα-

1883 4529 2031 4576 sunt.
2062 4523 2116 4575 In
2149 4522 2343 4590 primis
2373 4538 2500 4576 eum
2537 4522 2876 4577 ascendente
2902 4521 2956 4575 in
2992 4522 3194 4576 caelum
3233 4522 3468 4578 Domino

170 4625 292 4687 νὺν,
323 4623 418 4678 καὶ
451 4621 652 4684 ἰδόντες
687 4619 814 4683 τοὺς
853 4619 946 4673 δύο
978 4620 1106 4679 τοὺς
1142 4619 1200 4672 ἐν
1243 4619 1498 4690 ἐσθήσεσι
1537 4614 1768 4686 λευκαῖς1

1880 4616 2020 4670 duos
2051 4615 2176 4670 illos
2214 4616 2269 4670 in
2313 4615 2558 4670 vestibus
2591 4615 2730 4670 albis
2763 4614 3097 4684 aspicerent,
3140 4630 3249 4669 non
3285 4631 3471 4670 amen-

168 4715 283 4770 ούκ
327 4715 384 4766 ἐν
430 4709 787 4786 παραπληξία
827 4711 1058 4782 ὁρῶσιν·
1096 4711 1233 4766 ἀλλὰ
1265 4711 1462 4782 ἢκουον
1489 4713 1768 4785 ἐρρωμὲντ

1880 4717 1964 4764 tes
1994 4707 2302 4776 furiosique
2331 4707 2623 4772 viderunt;
2663 4705 2758 4760 sed
2792 4705 3008 4776 integro
3047 4706 3216 4760 animi
3254 4706 3468 4776 judicio

167 4812 246 4881 τῇ
277 4807 506 4879 διανοίᾳ,
531 4808 614 4860 ὅτι
657 4805 897 4874 Ἄνδρες
927 4805 1263 4861 Γαλιλαῖοι.
1291 4806 1348 4859 τί
1372 4805 1670 4870 ἑστήκατε
1689 4808 1768 4871 εἰς

1877 4803 2075 4872 suique
2104 4808 2389 4870 compotes
2421 4799 2716 4854 audierunt
2744 4817 2759 4853 ι
2793 4797 2910 4852 Viri
2931 4798 3167 4864 Galiiwi,
3186 4801 3314 4870 quid
3345 4809 3464 4854 sta-

165 4902 292 4957 τὸν
327 4898 590 4968 οὐρανὸν
631 4896 1039 4963 ἀτενίζοντες;
1085 4895 1274 4962 Οὗτος
1318 4899 1349 4950 ό
1395 4897 1626 4964 Ἰησοῦς
1675 4898 1768 4964 ἀρ*

1880 4897 1947 4949 tis
1979 4895 2289 4963 aspicientes
2326 4895 2380 4946 in
2409 4893 2594 4946 caelum
2617 4895 2642 4946 1’
2685 4891 2787 4943 llic
2827 4897 3010 4954 Jesus,
3046 4893 3136 4958 qui
3161 4903 3468 4959 assumptus

169 4991 352 5064 ὑμῶν
379 4996 465 5059 είς
508 4991 614 5046 τὸν
655 4989 918 5059 οὐρανὸν
950 4988 1341 5061 ἀναληφθεὶς,
1380 4989 1570 5054 οὕτως
1603 4990 1768 5043 ἐλεύ-

1875 4996 1951 5041 est
1979 5005 2011 5038 ιι
2035 4985 2174 5040 vobis
2199 4986 2252 5038 in
2277 4985 2484 5046 coelum,
2519 4985 2596 5038 sic
2621 4984 2782 5036 veniet
2813 4983 2856 5045 ⁵,
2879 4989 2984 5037 etc.
3015 4981 3158 5048 Quin
3190 4991 3244 5037 et
3275 4981 3470 5037 Petrus

171 5097 374 5150 σεται,
405 5087 500 5141 καὶ
527 5085 597 5139 τὰ
635 5084 784 5154 ἑξῆς.
816 5079 952 5137 Εἶτα
975 5082 1033 5135 δὲ
1064 5083 1158 5135 καὶ
1187 5083 1216 5134 6
1250 5081 1477 5152 Πέτρος,
1505 5081 1581 5145 ὡς
1618 5081 1768 5152 ἔφην,

1878 5081 2094 5142 videns,
2135 5079 2216 5132 uti
2244 5079 2452 5132 dictum
2481 5085 2584 5140 est,
2613 5087 2668 5131 et
2705 5077 2940 5131 audiens
2977 5086 3140 5146 atque
3168 5077 3254 5132 his
3288 5077 3468 5131 verbis

171 5177 326 5250 ὁρῶν
361 5179 454 5231 καὶ
488 5175 736 5237 ἀκούων,
786 5174 879 5228 καὶ
924 5172 1375 5242 ἀποκρινόμενος,
1421 5172 1515 5224 καὶ
1560 5171 1768 5248 λέγων’,

1883 5170 2226 5241 respondens
2249 5188 2261 5223 :
2283 5169 2457 5233 Absit,
2476 5169 2697 5222 Domine
2715 5169 2768 5220 σι
2793 5169 3038 5222 eamdem
3067 5169 3337 5222 retinebat
3356 5169 3470 5221 ani-

177 5267 502 5339 Μηὸαμῶς,
533 5269 731 5336 Κύριε,
769 5264 1048 5320 εύσταθῶν
1083 5259 1150 5336 ἦν
1179 5265 1246 5334 τῇ
1277 5261 1502 5333 διανοίᾳ.
1539 5261 1768 5330 ’Ἄγαϐος

1883 5262 1960 5316 mi
1987 5262 2382 5316 constantiam.
2399 5261 2624 5332 Agabus
2647 5259 2907 5315 similiter
2933 5257 3116 5312 aﬂlatu
3147 5259 3468 5328 prophetico

171 5368 294 5437 γὶιρ
335 5362 691 5436 προφητεύων
720 5361 892 5428 ἔλεγε,
939 5359 1032 5414 καὶ
1072 5356 1214 5410 κατὰ
1264 5359 1540 5428 σχήματος
1570 5355 1768 5426 θαυμα.

1887 5354 2230 5419 inStructus,
2285 5351 2596 5408 admirabili
2641 5350 2882 5422 quodam
2940 5349 3137 5404 habitu
3196 5358 3468 5420 gestuque

2268 5511 2289 5542 ⁸
2321 5511 2438 5565 Act.
2474 5527 2512 5574 ι,
2549 5511 2630 5564 II.
2711 5512 2731 5542 ⁸
2756 5509 2874 5564 Act.
2906 5527 2957 5574 Χ,
2998 5510 3078 5563 IL

257 5523 275 5556 ³
313 5520 433 5576 Act.
467 5537 520 5586 ς,
556 5520 609 5584 5,
641 5518 693 5572 6.
765 5521 785 5549 ⁸
824 5517 953 5571 ibid.
987 5517 1036 5581 7,
1067 5517 1122 5572 8.
1201 5516 1222 5547 ³
1251 5513 1414 5570 Hebr.
1445 5529 1545 5579 xu,
1569 5513 1663 5568 2|.
1740 5513 1762 5544 δ

1875 5529 1928 5566 n.
1973 5529 2064 5573 xv,
2103 5511 2188 5565 15.

255 5697 336 5766 (2t
367 5697 463 5766 Ὠς
485 5697 516 5749 ό
541 5693 802 5761 Μωῖνσῆς
823 5710 1030 5765 φησιν.
1061 5695 1216 5760 Quod
1244 5705 1500 5763 tanquam
1529 5709 1558 5748 a
1590 5693 1774 5764 Moyse
1874 5694 2056 5766 enim,
2101 5700 2163 5766 ιιι
2184 5693 2457 5766 _observ:g
2507 5691 2907 5764 Hieronymus,
2945 5695 3020 5766 in
3071 5694 3172 5747 liae
3225 5692 3468 5766 Epistula

181 5761 610 5836 (lietuini‘anlns
631 5767 694 5818 ad
719 5761 1014 5836 Ill-er-ap.
1039 5782 1113 5818 xu
1141 5761 1568 5836 cmmneinorat;
1602 5761 1776 5834 neque
1875 5765 2033 5836 quasi
2061 5763 2150 5836 de
2184 5761 2381 5818 Vetere
2417 5761 2771 5836 Testamento
2831 5765 3207 5835 proferuntur,
3247 5777 3368 5832 qua:
3403 5762 3465 5816 in

183 5853 371 5896 tamen
426 5839 480 5891 in
541 5835 732 5892 Vetere
787 5833 1155 5891 Instruinento
1224 5835 1441 5908 legitur.
1512 5833 1778 5906 Pleraqite
1877 5833 2227 5892 illominime
2257 5833 2626 5906 reperiuntur.
