3958 6490
545 413 650 475 867

1973 401 2033 457 Β.
2074 398 2161 457 ΕΡ

2269 396 2428 456 IANII
3707 410 3785 467 868

544 530 691 601 quod
717 528 965 585 futurum
999 533 1118 582 erat
1147 519 1479 579 adumbrare
1511 519 1728 585 volens,
1760 517 1918 591 Pauli
1941 532 2134 573 zonam

2269 517 2367 572 τοῦ
2415 517 2787 591 αἰνιττόμενος
2796 559 2819 590 _,
2875 519 3058 576 λαϐὼν
3104 520 3201 594 τὴν
3251 520 3434 591 ζώνην
3489 519 3578 574 τοῦ
3620 512 3791 583 Παύλου

548 621 782 693 arripuit
821 634 995 691 eaque
1022 616 1196 689 pedes
1228 629 1361 671 suos
1396 612 1630 686 alligans
1658 612 1732 668 ita
1770 610 1987 667 locutus
2010 614 2134 666 est:

555 713 744 767 Virum
776 711 931 780 cujus
953 717 1029 763 est
1059 711 1175 762 haec
1209 716 1366 768 zona,
1406 703 1645 776 ligabunt
1679 703 1857 769 illum,
1885 710 1938 759 et
1964 701 2138 758 abdu-

548 816 662 859 cent
686 805 741 857 in
769 799 1173 856 Hierusalem‘.
1208 797 1295 852 Ad
1329 797 1445 852 hac
1468 795 1821 851 Antiochiam
1861 794 2142 866 propheta

549 897 773 970 quidam
805 895 1025 950 venisse
1084 896 1424 956 narrantur,
1478 889 1793 960 famemque
1854 887 2143 943 nuntiasse

552 1000 666 1047 toto
691 996 967 1047 terrarum
991 987 1127 1043 orbe
1157 983 1425 1041 futuram.
1453 981 1565 1040 Nec
1584 997 1726 1039 vana
1753 980 2144 1053 pradictorum

553 1084 685 1139 lldes
732 1080 855 1136 fuit.
894 1079 1074 1149 Atque
1126 1083 1185 1131 ut
1227 1089 1391 1131 veros
1438 1076 1566 1131 illos
1617 1074 1917 1146 prophetas
1974 1070 2147 1128 fuisse

551 1176 914 1235 monstraret,
953 1167 1246 1238 Scriptura
1279 1166 1465 1223 statim
1498 1164 1791 1236 adjunxit:
1837 1163 1971 1230 Qua
2001 1162 2148 1233 facta

550 1274 629 1319 est
657 1263 754 1320 sub
794 1261 1026 1319 Claudio
1069 1260 1285 1316 (lassare
1305 1262 1349 1316 ’.
1399 1259 1470 1314 At
1515 1257 1719 1313 Paulus
1761 1256 2148 1314 sanctissimus

553 1357 842 1428 apostolus
883 1354 1154 1410 instinctu
1187 1352 1519 1423 prophetico
1558 1350 1744 1405 dixit:
1787 1348 2022 1419 Spiritus
2053 1365 2150 1403 au-

556 1459 662 1504 tem
697 1447 984 1518 manifeste
1017 1446 1191 1499 dicit:
1227 1442 1295 1497 In
1321 1442 1619 1497 novissimis
1649 1439 1835 1496 diebus
1872 1439 2151 1495 instabunt

558 1551 798 1611 tempora
818 1538 1059 1610 difﬁcilia
1083 1538 1132 1604 ³,
1156 1547 1262 1592 etc.
1291 1536 1422 1589 Item
1448 1534 1556 1589 alio
1585 1535 1641 1589 in
1671 1534 1796 1589 loco
1821 1551 1835 1588 :
1869 1530 2152 1587 Discedent

556 1633 779 1706 quidam
813 1649 846 1687 a
898 1647 1037 1686 sana
1088 1629 1230 1699 ﬁde,
1267 1626 1593 1681 attendentes
1629 1623 1910 1694 spiritibus
1953 1624 2153 1678 erroris

558 1735 611 1780 et
631 1724 890 1780 doctrinis
919 1722 1328 1784 dwmoniorunt,
1350 1710 1517 1789 ‘10
1532 1715 1922 1785 prohibentium
1940 1714 2152 1778 nubere,

561 1818 826 1872 abstinere
856 1833 888 1869 a
914 1815 1066 1880 cibis,
1094 1828 1225 1884 quos
1258 1811 1399 1865 Deus
1433 1810 1630 1863 creavit
1664 1809 1733 1862 ad
1762 1806 2156 1878 percipiendum

2242 612 2338 666 καὶ
2375 608 2544 683 δήσας
2580 614 2691 676 τοῖς
2740 612 2892 677 ίδίοις
2931 613 3082 679 ποσὶ,
3113 614 3275 687 φησὶν
3318 612 3529 679 οὕτως·
3588 605 3686 670 Ῠὸν
3713 620 3791 672 ἇν-

2242 705 2355 771 δρα
2389 697 2462 758 οὖ
2506 702 2679 757 ἐστιν
2707 702 2747 772 ἡ
2786 702 2933 773 ζώνη
2968 704 3143 773 αὕτη,
3173 703 3485 774 δήσουσιν
3509 705 3696 771 αὑτὸν,
3722 711 3789 762 aui

2244 794 2621 849 ἀποίσουσιν
2648 798 2737 862 είς
2773 796 3185 868 Ἰερουσαλήμ.
3228 795 3395 851 Ἀλλὰ
3442 796 3537 852 καὶ
3583 798 3722 853 πάλιν
3753 805 3790 855 ὲν

2259 884 2562 957 Ἀντιοχείᾳ
2600 886 2868 959 κατῆλθον
2911 888 3211 959 προφῆται,
3246 890 3344 944 καὶ
3380 890 3723 961 κατήγγελλον
3741 892 3794 945 b-

2250 974 2351 1047 μὸν
2382 974 2605 1031 ἔσεσθαι
2632 977 2754 1032 καθ’
2783 976 2914 1051 ὅλης
2960 978 3063 1049 τῆς
3110 979 3470 1051 οἰκουμένης..
3506 976 3612 1035 Καὶ
3668 982 3720 1036 οὐ
3740 984 3792 1036 δι-

2250 1069 2447 1123 έπεσεν
2477 1069 2507 1123 ὁ
2532 1070 2740 1124 τούτων
2770 1069 2949 1139 λόγος.
2991 1070 3131 1125 Ἀλλ’
3149 1071 3236 1125 ἵνα
3267 1068 3423 1145 δείξῃ
3450 1071 3638 1136 αὐτοὺς
3661 1073 3793 1143 ἀληθι-

2248 1164 2376 1228 νοὺς
2418 1165 2728 1237 προφήτας,
2774 1163 3030 1236 ήΓραφὴ
3076 1163 3240 1228 εὐθὺς
3280 1162 3541 1234 ἐπιφέρει
3584 1164 3789 1233 λέγουσι·

2253 1250 2421 1322 Ἤτις
2448 1250 2688 1326 ἐγένετο
2745 1252 2845 1308 ἐπὶ
2872 1253 3176 1310 Κλαυδίου
3204 1253 3532 1323 Καίσαρος.
3556 1250 3739 1319 Παῦλος
3756 1257 3794 1310 ἃ

2250 1348 2279 1403 ὁ
2316 1346 2619 1418 ἁγιώτατος
2666 1344 2966 1412 ἀπόστολος
3015 1346 3379 1419 προφητεύων
3431 1346 3613 1417 ἐλεγεο
3659 1348 3717 1402 Τὸ
3748 1347 3794 1402 δὲ

2254 1440 2498 1511 Πνεῦμα
2530 1440 2727 1511 ῥητῶς
2758 1439 2939 1511 λέγει’
2985 1440 3091 1495 Ἐν
3121 1439 3415 1509 ἐσχάταις
3465 1440 3696 1509 ἡμέραις
3726 1440 3795 1493 ἐν·

2254 1524 2591 1603 στήσονται
2625 1531 2821 1601 καιροὶ
2853 1531 3129 1603 χαλεποὶ.
3165 1531 3261 1586 καὶ
3309 1529 3382 1586 τὰ
3421 1531 3566 1602 ἑξῆς.
3596 1530 3694 1585 Καὶ
3723 1533 3795 1586 πά-

2255 1625 2339 1678 λιν
2389 1620 2602 1689 ἄλλοτε,
2651 1621 2732 1677 ὅτι
2781 1622 3257 1690 Ἀποστήσονταί
3304 1640 3472 1688 τινες
3520 1621 3622 1691 τῆς
3662 1626 3795 1691 ὑγιαι-

2255 1716 2489 1783 νούσης
2527 1712 2945 1781 διδασκαλίας,
2993 1714 3406 1785 προσέχοντες
3455 1713 3694 1781 πλάνοις
3731 1715 3795 1769 ml

2258 1806 2682 1873 διδασκαλίαις
2712 1800 3033 1878 δαιμόνων,
3077 1808 3447 1862 κωλυόντων
3479 1806 3689 1877 ταμεῖν,
3720 1808 3787 1861 d1-

563 1908 713 1963 nobis
755 1910 844 1977 qui
873 1923 989 1960 cum
1036 1907 1334 1977 gratiarum
1367 1903 1573 1956 actione
1603 1902 1805 1954 utimur
1828 1900 1883 1955 δε
1918 1899 1973 1955 id
2004 1899 2153 1970 qttod

2269 1898 2505 1969 ἔχεσθαι
2547 1898 2899 1969 βρωμάτων,
2928 1899 2966 1954 d
3018 1902 3051 1954 ὀ
3101 1900 3245 1967 Θεὸς
3275 1899 3526 1954 ἔκτισεν
3562 1902 3645 1967 εἰς
3669 1898 3789 1970 μετά

564 2000 621 2055 in
648 2000 810 2056 vobis
843 2014 905 2054 ac
932 1998 1104 2054 vestri
1134 1996 1414 2052 similibus
1440 2009 1565 2050 esse
1596 1993 1897 2065 perfectum
1919 2007 2008 2048 res
2035 1991 2155 2062 ipsa

562 2087 823 2143 declarat.
850 2085 1064 2141 Etenim
1087 2088 1359 2156 pleraque
1386 2085 1607 2138 illarum
1634 2083 1921 2139 harcseon
1949 2081 2157 2153 nuptiis

563 2189 730 2251 atque
772 2194 877 2236 usu
928 2178 1295 2250 quorumdam
1336 2179 1589 2235 ciborum
1647 2177 2011 2242 interdicunt,
2044 2188 2157 2232 non

564 2281 626 2328 ut
684 2273 986 2330 sanctioris
1019 2272 1148 2327 vita
1186 2287 1361 2343 genus
1413 2272 1733 2337 instituant,
1766 2272 1861 2324 aut
1906 2270 1974 2324 ad
2028 2284 2160 2341 pra-

536 2364 889 2419 ‘stantiorem
924 2364 1209 2429 virtutem,
1244 2376 1310 2417 ac
1342 2362 1589 2418 calestia
1638 2363 1884 2432 praemia,
1924 2370 1978 2417 et
2007 2376 2162 2417 coro-

566 2466 667 2509 nas
695 2459 1048 2523 comparent;
1080 2449 1177 2507 sed
1201 2450 1352 2521 quod
1372 2448 1693 2507 detestanda
1716 2464 1838 2520 qua
1867 2466 1897 2504 a
1930 2448 2161 2506 Domino

565 2544 788 2600 condita
828 2553 965 2597 sunt
993 2531 1336 2597 existiment.

640 2720 734 2777 IX.
778 2722 850 2775 At
878 2721 1125 2777 Ecclesia
1156 2720 1428 2776 catholica
1479 2728 1534 2775 et
1573 2721 1945 2792 virginitatem
1969 2723 2161 2794 pradi-

570 2822 684 2877 cat,
716 2822 771 2869 et
796 2813 1051 2867 caelibem
1081 2814 1273 2878 vitam,
1301 2827 1367 2867 ac
1396 2813 1784 2868 castimoniam
1816 2812 2165 2871 viduitatem-

570 2916 680 2971 que
706 2902 1017 2968 collaudat;
1051 2909 1106 2957 et
1144 2902 1409 2959 honestas
1437 2902 1663 2971 nuptias
1698 2903 1853 2967 colit,
1883 2910 1939 2959 et
1970 2918 2165 2976 appro-

571 2995 700 3062 bat;
737 3005 927 3065 stupra
969 3010 1121 3062 vero,
1157 2994 1429 3050 adulteria
1480 3008 1546 3049 ac
1592 2994 1851 3052 libidines
1886 2997 2162 3067 prohibet.

572 3086 652 3142 Ex
701 3103 815 3157 quo
867 3103 1055 3142 veram
1104 3102 1170 3143 ac
1217 3102 1536 3159 germanam
1566 3084 1825 3145 Ecclesia
1877 3091 2166 3147 catholica

575 3189 784 3247 notam,
818 3188 870 3236 et
905 3181 1249 3237 adulterinos
1290 3181 1526 3236 aliorum
1576 3180 1720 3238 ritus
1769 3182 1895 3238 licet
1922 3184 2163 3251 intueri;

2259 1994 2456 2060 ληψιν
2500 1991 2679 2073 ἡμῖν,
2731 1991 2857 2059 τοῖς
2897 1993 3030 2062 μετ’
3077 1993 3514 2062 εὐχαριστίας·
3551 1993 3621 2057 ὡς
3662 1993 3793 2061 σαφῶς

2262 2086 2345 2153 ἐφ’
2374 2084 2505 2155 ὑμῖν
2532 2084 2628 2139 καὶ
2655 2086 2768 2149 τοῖς
2795 2084 3003 2156 ὁμοίοις
3037 2085 3165 2156 ὑμῖν
3200 2085 3563 2156 πεπλήρωται
3590 2082 3643 2150 ἐξ
3669 2084 3792 2138 αὐτῶν

2261 2176 2373 2231 τῶν
2406 2175 2808 2248 προκειμένων.
2836 2176 2902 2229 Ai
2929 2176 3039 2249 γὰρ
3069 2174 3288 2243 πλείους
3316 2177 3430 2231 τῶν
3462 2177 3790 2249 αἱρέσεωντού-

2261 2286 2369 2323 των
2416 2268 2512 2324 τοῦ
2570 2272 2769 2342 γαμεῖν
2819 2267 3161 2336 κωλύουσιν,
3208 2270 3515 2340 ἀπέχεσθαι
3559 2268 3792 2340 βρωμάτων

2264 2360 2761 2434 παραγγέλλουσιν,
2799 2360 2898 2433 οὐχ
2940 2362 3129 2416 ἕνεκεν
3173 2362 3455 2425 πολιτείας
3483 2362 3790 2434 προτρεπόμε-

2263 2471 2364 2516 νοι,
2399 2453 2498 2524 οὐχ
2528 2453 2717 2507 ἕνεκεν
2753 2455 2957 2527 ἀρετῆς
3001 2454 3266 2526 μείζονος.
3315 2454 3415 2506 καὶ
3455 2452 3712 2525 βραδείων,
3735 2449 3792 2503 καί

2266 2542 2569 2612 στεφάνων,
2604 2542 2737 2596 ἀλλὰ
2774 2543 3036 2613 βδελυκτὰ
3077 2544 3145 2597 τὰ
3187 2543 3293 2597 ὑπὸ
3334 2544 3431 2597 τοῦ
3473 2542 3660 2614 Κυρίου
3684 2557 3793 2609 γεγε·

2267 2632 2475 2704 νημένα
2504 2632 2638 2705 ήγού
2647 2646 2819 2705 μενοι.

2350 2724 2415 2778 Ἤ
2454 2724 2511 2779 δὲ
2556 2725 2690 2794 ἁγία
2731 2725 3028 2797 Ἐκκλησία
3053 2718 3131 2796 (5)
3161 2726 3255 2779 καὶ
3308 2724 3601 2797 παρθενίαν
3620 2721 3788 2787 δοξάζει,
3858 2786 3859 2789 η

2268 2819 2365 2873 καὶ
2400 2817 2691 2890 μονότητα,
2731 2817 2826 2871 καὶ
2869 2818 3095 2887 ἁγνείαν
3142 2818 3237 2871 καὶ
3277 2816 3584 2890 χηροσύνην
3604 2813 3788 2871 δὲπαινιῖι

2268 2910 2369 2964 καὶ
2406 2908 2586 2981 γάμον
2636 2908 2835 2980 σεμνὸν
2887 2911 3023 2981 τιμᾷ
3075 2911 3167 2964 καὶ
3215 2911 3435 2981 δέχεται
3505 2906 3724 2979 Πορνείαν
3753 2902 3788 2955 ἃ

2266 3003 2367 3056 καὶ
2404 3002 2671 3074 μοιχείαν,
2703 3003 2798 3057 καὶ
2832 3002 3122 3071 ἀσέλγειαν
3152 3000 3512 3074 ἀπαγορεύει.
3541 2997 3679 3051 Ὅθεν
3706 2994 3791 3047 ἰδεῖν

2270 3094 2386 3148 ἐστι
2434 3093 2528 3148 τὸν
2567 3095 2894 3167 χαρακτῆρα
2934 3094 3034 3166 τῆς
3087 3094 3248 3163 ἁγίας
3298 3091 3588 3161 καθολικῆς
3625 3086 3788 3155 Ἐκκλη-

2276 3187 2428 3252 σίας,
2472 3187 2566 3241 καὶ
2608 3188 2735 3251 τοὺς
2784 3185 3342 3258 παραπεποιημένους
3388 3185 3496 3239 τῶν
3531 3181 3680 3237 ἄλλων
3704 3176 3790 3248 τεό-

572 3289 639 3330 ac
690 3273 1152 3345 quemadmodum
1194 3274 1425 3330 sincera
1474 3273 1759 3345 religionis
1789 3274 2042 3347 dogmata
2095 3277 2164 3333 ab

2273 3298 2438 3346 πους·
2477 3280 2570 3334 καὶ
2605 3279 2676 3335 τὰ
2714 3279 3111 3350 δοκιμασθέντα
3155 3279 3568 3352 ἀποδιδράσκειν
3604 3272 3692 3329 ἀπὸ
3719 3269 3789 3323 πά-

573 3368 728 3424 omni
757 3382 967 3431 errore,
1010 3382 1075 3421 ac
1116 3361 1380 3422 ﬂesuosis
1421 3365 1771 3437 ambagibus,
1810 3376 1866 3423 et
1914 3369 2168 3440 abruptis

574 3476 643 3516 ac
673 3461 973 3517 salebrosis
1001 3459 1292 3514 itineribus
1322 3459 1618 3515 declinent.
1645 3459 1759 3516 Hoc
1778 3462 1923 3516 enim
1948 3470 2004 3518 et
2029 3470 2161 3519 ante

574 3553 768 3608 monui
806 3552 878 3607 ab
906 3551 1173 3620 Apostolo
1212 3565 1338 3605 esse
1369 3551 1715 3621 pradictnm,
1738 3560 1794 3608 et
1829 3553 2026 3608 iterum
2060 3570 2172 3609 mo-

579 3645 745 3710 nebo,
777 3644 861 3698 uti
894 3658 998 3699 nos
1031 3642 1308 3697 cautiores
1345 3641 1583 3698 elliceret
1604 3683 1619 3708 ,
1652 3658 1717 3697 ac
1752 3655 2168 3701 sacrosanctam

576 3736 884 3793 Ecclesiam
925 3734 1166 3806 pr0priis
1215 3733 1548 3803 quibusdam
1595 3736 1743 3791 notis
1782 3737 1850 3790 ab
1892 3736 2172 3793 haeretico-

579 3845 701 3885 rum
743 3844 937 3884 errore
985 3827 1348 3892 discerneret,
1385 3829 1458 3882 ita
1504 3830 1936 3898 pronuntiasse:
1975 3829 2108 3898 Qua
2141 3849 2170 3886 a

554 3923 691 3978 .Deo
719 3930 872 3978 recte
897 3921 1200 3977 constituta
1232 3929 1363 3976 sunt
1391 3920 1701 3977 incredibili
1731 3922 1962 3979 audacia
1994 3925 2174 3995 probi-

580 4015 773 4071 bentes
798 4014 937 4070 istos
969 4013 1183 4082 privata
1216 4014 1466 4084 quadam
1497 4013 1716 4069 decreta
1745 4015 1979 4072 sancire.
2015 4018 2170 4084 Quod

581 4108 651 4162 ad
694 4121 791 4164 eos
833 4106 1072 4178 pertinet
1102 4106 1197 4173 qui
1237 4106 1461 4177 nuptias
1498 4106 1821 4185 prpbibent,
1852 4115 1906 4164 et
1963 4124 1993 4163 a
2032 4111 2173 4168 cibis

581 4198 861 4254 altatinere
891 4196 1239 4268 praecipiunt.
1284 4196 1450 4267 Atqui
1486 4196 1629 4252 Deus
1665 4197 1781 4268 ipse
1810 4194 2051 4255 Verbum
2116 4202 2171 4257 in

586 4291 884 4362 Evangelia
915 4288 1352 4345 moderationem
1375 4290 1426 4345 ei
1460 4289 1536 4344 rei
1562 4289 1855 4359 quamdam
1880 4293 2169 4362 apposuit:

595 4384 706 4451 Vis,
745 4384 923 4455 inquit
947 4383 1210 4450 perfectus
1246 4397 1362 4437 esse
1393 4382 1441 4434 ’ί
1484 4383 1539 4437 in
1570 4399 1682 4453 quo
1700 4399 1760 4441 se
1788 4384 1853 4440 ad
1877 4384 2173 4441 humanam

583 4478 957 4533 conditionem
989 4482 1045 4531 et
1070 4475 1500 4531 imbecillitatem
1526 4476 1952 4533 accommodare
1979 4478 2175 4534 voluit.

585 4570 660 4625 lis
690 4569 836 4625 enim
872 4568 1180 4624 delectatur
1216 4566 1465 4640 quidem,
1495 4568 1591 4639 qui
1633 4568 1907 4639 ejusmodi
1952 4571 2176 4641 pietatis

2275 3391 2377 3445 σης
2411 3375 2640 3444 πλάνης,
2687 3373 2782 3427 καὶ
2827 3373 3049 3437 σκολιᾶς
3084 3372 3229 3438 ὁδοῦ,
3259 3372 3357 3427 καὶ
3402 3368 3578 3442 τρίϐου
3604 3359 3789 3431 ἀνάντηθ

2271 3465 2643 3537 διακειμένης.
2707 3465 2885 3535 Ἔφην
2942 3465 3052 3539 γὰρ
3098 3464 3245 3530 ἄνω,
3293 3464 3375 3528 ὡς
3418 3459 3522 3517 ἀπὸ
3560 3457 3640 3513 τοῦ
3678 3452 3786 3521 ἁγίου

2286 3558 2615 3613 Ἀποστόλου
2647 3558 2992 3629 προείρηται,
3036 3558 3131 3612 καὶ
3163 3556 3327 3611 πάλιν
3369 3553 3497 3626 ἐρῶ,
3527 3554 3599 3607 ὅτι
3623 3545 3783 3615 ἀσφαλι-

2274 3650 2501 3721 ζόμενος
2529 3651 2700 3722 ἡμᾶς,
2726 3649 2825 3703 καὶ
2852 3649 2944 3703 τὸν
2969 3648 3293 3721 χαρακτῆρα
3312 3648 3415 3718 τῆς
3447 3645 3595 3715 ἁγίας
3626 3635 3786 3704 Ἐιαλττ

2275 3743 2398 3806 σίας
2431 3741 2654 3815 διαιρῶν
2679 3741 2789 3796 ἀπὸ
2813 3744 2913 3812 τῆς
2938 3741 3049 3795 τῶν
3079 3740 3352 3812 αἱρέσεων
3389 3738 3601 3807 πλάνης,
3623 3733 3719 3801 ἔφη,
3739 3724 3786 3786 ὡς

2276 3835 2580 3908 Τολμηρῶς
2606 3834 2677 3889 τὰ
2712 3837 2776 3888 ὲκ
2807 3832 2898 3887 τοῦ
2932 3832 3070 3887 Θεοῦ
3111 3832 3291 3897 καλῶς
3326 3828 3617 3901 τεταγμένα
3637 3824 3782 3907 tinuit?

2280 3928 2531 4001 ρεύοντες
2563 3924 2939 3998 νομοθετοῦσι,
2975 3927 3154 3997 φήσας
3187 3924 3315 3994 περί
3360 3938 3518 3977 τινων
3552 3911 3782 3971 ιανλυόντων

2278 4019 2498 4090 γαμεῖν,
2535 4017 2627 4071 καὶ
2660 4013 2964 4086 ἀπέχεσθαι
3004 4013 3328 4085 βρωμάτων.
3380 4013 3488 4068 Καὶ
3522 4007 3615 4078 γὰρ
3636 4013 3780 4090 συμμέ-

2278 4089 2407 4183 τρίᾳ
2429 4109 2536 4164 τινὶ
2569 4110 2598 4161 ὁ
2622 4108 2755 4173 Θεὸς
2780 4109 2971 4178 Λόγος,
3005 4109 3062 4161 ὲν
3099 4106 3172 4178 τῷ
3192 4103 3505 4175 Εὐαγγελίῳ
3539 4100 3700 4170 φήσας,

2278 4181 2408 4269 λειξ
2448 4202 2681 4267 τέλειος
2728 4200 3054 4272 perticam;
3111 4196 3506 4270 συγγνωμονῶν
3543 4194 3599 4262 τῇ
3627 4186 3707 4241 τῶν
3723 4181 3782 4272 ἀνῘ

2281 4294 2516 4367 θρώπων
2569 4269 2767 4349 πλάσει
2817 4293 2912 4347 καὶ
2957 4290 3232 4361 ἀσθενείᾳ,
3284 4269 3465 4362 χαίρει
3511 4282 3595 4338 ἐπὶ
3627 4269 3783 4367 τοῖς-τὰ

2280 4363 2503 4457 δοκίμια
2552 4384 2651 4455 τῆς
2704 4382 3016 4446 θεοσεϐείας
3091 4380 3407 4452 δυναμένοις
3468 4363 3777 4457 ἐνδείκνυσθξυι

2283 4450 2584 4545 παρθενίαν
2610 4450 2820 4528 άσκετν
2861 4450 3238 4544 αἱρουμένοις,
3274 4470 3371 4524 καὶ
3401 4463 3620 4536 ἁγνείαν,
3640 4454 3709 4545 κξὶ
3728 4450 3781 4512 ἔτ’

2286 4541 2574 4633 κράτειαψ
2604 4560 2704 4633 τὴν
2741 4561 2799 4615 δὲ
2828 4541 3168 4632 μονογαμίαν
3210 4558 3375 4629 τιμᾷο
3414 4556 3461 4608 εί
3498 4548 3579 4605 καὶ
3618 4541 3780 4615 μάλιστα

587 4663 873 4734 specimen
910 4667 1177 4731 prastare
1211 4661 1511 4729 potuerint,
1550 4668 1610 4714 ut
1652 4661 2047 4732 virginitatem,
2080 4678 2164 4718 ca-

2282 4655 2351 4708 τέι
2391 4654 2707 4727 χαρίσματα
2732 4655 2830 4724 τῆς
2887 4652 3211 4725 ιιερειιισύνης⁹
3238 4649 3326 4704 διὰ
3365 4647 3470 4701 τῶν
3493 4641 3599 4734 ἀπδ-

586 4755 901 4814 stimouiam
951 4752 1465 4821 continentiamque
1520 4752 1923 4822 proﬁteantur;
1991 4754 2180 4825 singu-

587 4850 735 4904 lares
769 4860 934 4918 porro
960 4843 1182 4915 nuptias
1220 4844 1606 4899 commendat:
1644 4858 1769 4899 cum
1814 4846 2177 4900 sacerdotalia

587 4950 821 4995 munera
865 4941 922 4991 et
983 4938 1309 4989 ornamenta
1362 4946 1489 4986 cum
1540 4932 1647 5000 iis,
1703 4932 1797 5002 qui
1857 4940 1984 5001 post
2038 4947 2179 4987 unas

586 5028 817 5101 nuptias
839 5023 1243 5082 continentiam
1266 5022 1630 5089 servaverint,
1660 5028 1756 5076 aut
1781 5022 1836 5076 in
1865 5020 2180 5092 virginitate

586 5121 955 5196 perstiterint,
987 5114 1448 5173 communicanda
1488 5129 1614 5171 esse
1656 5114 1803 5170 velut
1846 5114 1902 5168 in
1942 5113 2181 5184 quodam

588 5213 895 5286 exemplari
928 5209 1371 5267 monstraverit:
1409 5208 1463 5263 id
1494 5208 1642 5280 quod
1689 5207 1948 5278 apostoli,
1979 5206 2181 5263 deinde

586 5304 967 5364 ecclesiastica
1004 5300 1304 5359 sacerdotii
1334 5301 1525 5371 regula
1563 5302 1796 5356 honeste
1826 5313 1893 5354 ac
1923 5298 2182 5371 religiose

679 5462 696 5491 ί
726 5459 850 5515 Act.
876 5474 997 5525 ιιι,
1030 5458 1121 5513 ii.
1197 5459 1221 5490 ¹
1255 5408 1391 5512 ibid.
1421 5454 1513 5510 28.
1621 5454 1644 5486 ³
1673 5453 1720 5509 11
1746 5451 1889 5508 Tim.
1918 5466 2003 5517 nl,
2034 5452 2086 5507 1.

2269 5453 2274 5505 L
2301 5452 2446 5508 Tim.
2474 5469 2549 5519 tv,
2580 5452 2691 5507 1-5.

664 5596 743 5667 (3)
797 5594 860 5667 Η
889 5593 960 5667 δὲ
986 5595 1128 5665 ἁγία
1166 5596 1521 5667 Ἐκκλησία,
1549 5594 1746 5667 Totum
1776 5594 1882 5650 hoc
1910 5601 2078 5667 caput
2109 5594 2189 5648 in-

2291 4724 2421 4817 μίας
2454 4724 3001 4818 ἐγκρατευσαμένων,
3025 4744 3117 4798 καὶ
3148 4741 3256 4797 τῶν
3293 4742 3353 4794 ὲν
3395 4730 3632 4808 ’παρθενίὲι

2287 4837 2525 4890 λούντων
2559 4836 2845 4907 κοσμήσας
2871 4834 3179 4905 προετύπου
3198 4849 3212 4863 °
3247 4832 3322 4896 ὡς
3356 4827 3510 4885 καὶοί
3537 4814 3670 4876 αὑτοῦ
3688 4804 3775 4915 ἀπί-

2291 4927 2466 4979 στολοι
2492 4927 2584 4981 τὸν
2611 4924 3065 4997 ἐκκλησιαστικὸν
3106 4924 3307 4978 κανόνα
3334 4923 3429 4992 τῆς
3462 4909 3705 4988 ἱερωσῦνηῖ

2288 5018 2504 5083 τάκτως
2539 5020 2634 5073 καὶ
2662 4986 2829 5082 ὁσίως
2863 5014 3194 5081 διετάξαντο.
3247 5016 3311 5068 Ei
3343 4986 3400 5067 δέ
3435 4986 3515 5072 τις
3534 5001 3647 5059 κατὰ
3671 4986 3773 5047 ἀσθέ-

2286 5118 2436 5165 νειαν
2477 5110 2811 5181 ἑπιδεηθείη,
2851 5107 2989 5180 μετὰ
3023 5107 3122 5179 τὴν
3155 5104 3406 5175 τελευτὴν
3444 5100 3531 5170 τῆς
3578 5090 3683 5148 ιδίας
3712 5094 3774 5182 ’ξίν

2293 5202 2466 5274 μετῆς
2509 5200 2849 5274 συναφθῆναι
2892 5200 3129 5273 δευτέρῳ
3167 5199 3349 5270 γάμῳ.
3396 5195 3485 5249 οὒκ
3531 5183 3773 5274 an“???

2289 5264 2460 5352 τοῦτο
2497 5300 2528 5351 ὁ
2570 5264 2757 5351 κανὼν
2783 5294 2887 5366 τῆς
2916 5264 3195 5365 ἀληθείας,
3223 5264 3455 5344 τουτέστι
3498 5281 3576 5334 τὸν
3611 5269 3669 5342 μὴ
3690 5264 3773 5316 δντ⁵

2820 5451 2843 5483 ⁸
2871 5449 3068 5505 Matth.
3092 5463 3186 5502 ιιι
3205 5486 3222 5511 ,
3259 5447 3351 5500 ει.
3443 5442 3462 5471 ⁸
3489 5434 3542 5491 F.
3571 5415 3767 5483 ἐναντίωςο

2295 5602 2466 5674 tatem
2497 5589 3276 5674 continentiamquepraferri
3320 5559 3763 5674 videttilﬁfl‘ﬂﬂgﬂ

592 5637 803 5738 sig‘nem
841 5637 1195 5738 habetissum
1225 5666 1292 5738 ad
1322 5637 1884 5738 cdtholicuquogn‘ia
1911 5637 2189 5738 abrhare-
2498 5637 3085 5738 Ei'iii"é’6'n§‘éni'icug{s
3119 5662 3235 5717 suis
3263 5658 3403 5738 apud
3431 5637 3763 5738 impgri‘ﬁiﬁ;

592 5732 835 5792 tiéorum
877 5732 1085 5805 invidia
1112 5750 1178 5790 ac
1200 5737 1479 5790 calumnia
1524 5732 1916 5791 vindicandum
1948 5752 1961 5787 :
1995 5734 2088 5805 qui
2129 5742 2190 5789 ut

592 5805 820 5861 modum
853 5801 1090 5868 nullum,
1118 5819 1182 5860 ac
1209 5806 1640 5861 moderationem
1671 5807 1931 5870 retinent,
1958 5801 2083 5861 cum
2112 5805 2184 5860 ab

595 5872 848 5932 Ecclesia
892 5875 1262 5937 commendari
1301 5875 1521 5957 quidem
1552 5878 1794 5947 nuptias,
1827 5877 1924 5934 sed
1956 5877 2187 5944 virgini-

2301 5696 2470 5726 llllL‘U.
2502 5696 2557 5722 Cl.
2591 5696 2645 5721 ΙΙΙ
2681 5696 3085 5721 υυιινυιιιιιυιιο
3119 5696 3235 5717 aulo
3263 5696 3403 5729 "Pu"
3432 5696 3550 5726 ""l".
3645 5705 3656 5721 ν
3679 5696 3690 5698 “

2301 5736 2493 5793 ﬁdiose
2546 5752 2611 5791 ac
2661 5736 2858 5792 stolide
2912 5732 3304 5793 vociferantur,
3334 5696 3760 5803 damnaftgz‘ntf‘m'

2295 5776 3071 5879 iic‘i's'nupiiasj'acudiborum
3101 5817 3203 5860 usu
3235 5776 3444 5873 penitus
3468 5776 3681 5847 interdlc"
