3958 6426
271 346 376 403 869

963 345 1339 403 ADVERSUS
1380 342 1723 401 IIASRESES
1758 342 1862 399 LIII

1967 343 1992 399 ί.
2031 343 2195 402 ΤΟΜ.
2233 346 2277 403 l.
2317 347 2596 405 HERES.
2640 348 2864 406 XLVIII.

3457 360 3562 420 870

275 463 446 534 ἱερέα.
474 449 636 512 Οὗτοι
660 457 716 511 δὲ
746 457 1013 512 κωλύουσι
1039 456 1178 512 κατὰ
1212 452 1551 530 ¹ἐίρημένον
1570 497 1585 521 ,
1612 457 1862 511 κωλυόν-

1981 456 2366 514 decreverunt.
2413 458 2570 526 Quod
2607 460 2651 516 si
2683 461 2809 532 quis
2847 469 2971 532 post
3003 467 3191 524 uxoris
3226 469 3434 527 obitum
3468 491 3563 533 se-

272 569 392 607 των
444 550 673 622 γαμεῖν.
713 548 1066 604 Ἐκὸάλλουσι
1113 550 1226 621 γὰρ
1274 549 1366 603 τὸν
1421 549 1660 621 δευτέρῳ
1706 549 1872 621 γάμῳ

273 644 647 714 συναφθέντα,
702 643 798 697 καὶ
849 641 1221 710 ἀναγκάζουσι
1278 642 1354 713 μὴ
1416 641 1655 713 δευτέρῳ
1706 640 1872 712 γάμῳ

273 735 664 791 συνάπτεσθαι.
712 735 904 805 Ἡμεῖς
944 734 1000 788 δὲ
1039 733 1140 786 οὐκ
1179 733 1427 803 ἀνάγκην
1472 731 1826 803 ἐπιτιθέαμεν
1851 771 1867 796 ,

267 828 411 884 ἀλλὰ
471 826 845 899 παραινοῦμεν
890 825 1030 897 μετὰ
1084 822 1418 897 συμϐουλίας
1473 823 1687 894 ἀγαθῆς
1733 840 1870 894 προ-

264 918 595 989 τρεπόμενοι
638 916 729 969 τὸν
776 915 1109 987 δυνάμενον⁸
1159 916 1261 968 οὐκ
1303 914 1550 985 ἀνάγκην
1600 913 1656 965 δέ
1696 915 1872 966 ἐπιτι-

269 1009 476 1081 θέαμεν
502 1007 581 1078 τῷ
612 1006 685 1079 μὴ
716 1007 1047 1079 δυναμένῳέ
1068 1007 1169 1061 οὐκ
1197 1005 1533 1077 ἐκϐάλλομεν
1566 1005 1729 1059 αὐτὸν
1762 1005 1870 1059 ἀπὸ

265 1102 372 1173 τῆς
406 1100 571 1171 ζωῆς.
614 1100 672 1154 '0
715 1100 824 1172 γὰρ
875 1099 1031 1169 ἀγιος
1079 1100 1235 1169 λόγος
1278 1099 1443 1152 παντὶ
1490 1097 1724 1170 ἐκήρυξε
1769 1098 1874 1169 τὴν

263 1192 558 1246 ἀσθένειαν
599 1190 708 1244 τῶν
761 1190 1130 1244 ἀσθενούντων
1166 1189 1484 1260 βαστάζεινο
1516 1188 1593 1253 ὡς
1638 1188 1732 1242 καὶ
1773 1188 1870 1242 αύ-

262 1284 360 1347 τὸς
415 1284 444 1337 6
502 1283 656 1351 ἅγιος
700 1282 1018 1347 Ἀπόστολος
1080 1279 1438 1353 εὑρεθήσεται
1499 1280 1706 1351 λέγων,
1777 1280 1870 1334 καὶ

261 1376 508 1447 ἐλέγχων
555 1376 682 1439 τοὺς
725 1375 1002 1439 τοιούτους
1036 1374 1111 1445 μὴ
1154 1374 1315 1437 ὄντας
1355 1372 1452 1427 τοῦ
1494 1371 1661 1427 αὐτοῦ
1706 1373 1867 1445 χαρίτ

263 1479 498 1536 σματος·
526 1467 608 1519 ὅτι
637 1467 942 1535 Νεωτέρας
966 1465 1158 1536 χήρας
1173 1465 1486 1535 παραιτοῦ
1504 1465 1657 1535 μετὰ
1676 1465 1786 1535 γὰρ
1802 1465 1866 1519 τὸ

260 1556 786 1626 καταστρηνιάσαι
836 1558 942 1635 τοῦ
981 1557 1261 1628 Χριστοῦ,
1306 1557 1516 1628 ταμεῖν
1557 1557 1866 1625 θέλουσιν,

260 1650 523 1719 ἔχουσαι
550 1650 749 1721 κρῖμα,
771 1650 861 1705 ὅτι
894 1650 1008 1719 τὴν
1035 1651 1277 1721 πρώτην
1297 1652 1507 1705 πίστιν
1534 1649 1864 1719 ἠθέτησαν.

259 1743 334 1796 Δί
392 1742 498 1815 γὰρ
557 1744 1021 1816 ἐπαγγειλάμεναι
1080 1745 1175 1798 καὶ
1244 1745 1621 1816 ἁθετήσασαι,
1685 1743 1866 1814 ἔχουσι

1972 551 2186 606 cunda's
2242 553 2469 622 nuptias
2515 569 2615 624 pro
2676 569 2775 609 sua
2829 555 3199 616 imbecillitate
3252 563 3558 633 desiderat,

1972 641 2200 697 minime
2231 642 2284 698 id
2322 643 2545 714 quidem
2590 646 2841 702 veritatis
2878 650 3066 720 regula
3103 653 3378 722 prohibet,
3409 656 3463 711 in
3498 674 3568 714 eo

1972 731 2244 788 duntaxat
2290 735 2385 805 qui
2440 740 2703 793 sacerdos
2755 754 2863 795 non
2907 741 3094 797 fuerit.
3138 744 3206 799 At
3247 747 3336 803 isti
3386 750 3560 820 prohi-

1976 824 2134 892 bent,
2171 826 2420 897 adeoque
2466 827 2620 884 Pauli
2655 831 2745 884 illa
2784 835 3058 889 sententia
3095 841 3564 909 comprehendun-

1976 923 2068 970 tur
2104 957 2119 983 ,
2158 916 2547 987 prohibentium
2586 921 2796 977 nubere.
2830 923 2963 979 Nam
2995 942 3142 997 eum,
3179 930 3273 1000 qui
3302 934 3564 990 secundis

1974 1007 2187 1077 nuptiis
2228 1008 2472 1080 illigatus
2528 1010 2728 1075 fuerit,
2778 1016 3081 1085 expellunt,
3141 1034 3207 1074 ac
3263 1038 3333 1077 ne
3384 1022 3565 1078 facere

1974 1098 2121 1154 istud
2166 1101 2370 1157 audeat
2404 1103 2512 1157 vim
2569 1119 2632 1158 ac
2686 1108 3069 1166 necessitatem
3121 1112 3405 1172 adhibent.
3452 1116 3564 1173 Nos

1973 1197 2157 1247 autem
2190 1209 2372 1264 neque
2400 1193 2563 1267 411
2603 1199 2931 1256 necessitate
2963 1201 3074 1257 ulla
3104 1208 3561 1278 constringimus,

1974 1280 2070 1336 sed
2106 1282 2442 1349 suademus;
2477 1300 2577 1341 nec
2609 1286 2769 1341 aliter
2798 1296 2962 1357 Quam
2995 1290 3241 1349 honestis
3275 1296 3563 1365 praeceptis

1973 1387 2038 1426 ac
2083 1374 2337 1430 consiliis
2370 1391 2496 1430 eum
2519 1418 2535 1443 ,
2566 1379 2660 1447 qui
2708 1380 2929 1449 quidem
2964 1382 3176 1452 possit,
3230 1385 3297 1439 ad
3347 1386 3399 1440 id
3433 1401 3567 1454 pra:-

1973 1464 2232 1519 standum
2292 1467 2657 1536 impellimus;
2698 1484 2824 1524 eum
2856 1486 2986 1525 vero
3016 1472 3110 1542 qui
3143 1475 3325 1530 minus
3360 1485 3561 1544 potest,

1973 1555 2123 1609 nulla
2148 1557 2200 1609 vi
2236 1559 2508 1628 cogimus,
2533 1575 2635 1613 nec
2671 1575 2698 1612 a
2730 1561 2909 1616 salute
2938 1576 3168 1631 prorsus
3195 1566 3562 1622 excludimus.

1971 1649 2111 1702 Nam
2161 1652 2476 1704 tenuiorum
2530 1651 2970 1709 imbecillitatem
3020 1654 3301 1711 ferendam
3334 1659 3567 1714 cuilibet

1972 1741 2161 1795 divino
2221 1754 2478 1797 sermone
2538 1742 2881 1814 praecipitur.
2921 1745 3115 1816 Adque
3172 1747 3279 1801 hoc
3338 1757 3565 1805 sanctus

258 1836 464 1904 κρῖμα.
493 1835 557 1887 Αἱ
589 1834 644 1887 δέ
680 1835 755 1907 μὴ
803 1835 1292 1907 ἐπαγγειλάμεναι,
1334 1835 1471 1890 ἁλλὰ
1507 1835 1862 1906 συναφθεῖσαι

1970 1832 2268 1901 Apostolus
2316 1849 2426 1887 non
2478 1833 2686 1890 dixisse
2748 1835 2910 1892 modo
2968 1839 3307 1907 reperietur;
3371 1841 3466 1897 sed
3511 1850 3568 1896 et

258 1924 333 1977 δι’
361 1924 667 1988 ἀσθένειαν,
704 1929 878 1998 κρῖμα
921 1928 1021 1982 οὐκ
1065 1927 1299 2000 ἔχουσιν.
1346 1928 1409 1981 Εἰ
1452 1928 1509 1982 δέ
1553 1928 1649 1983 καὶ
1690 1930 1862 1999 κρῖμα

1978 1925 2115 1980 istos
2147 1933 2333 1997 aperte
2356 1925 2626 1992 refellere,
2659 1936 2713 2002 et
2746 1929 2816 1984 ab
2843 1944 2903 1984 ea
2936 1945 3100 2000 quam
3131 1930 3368 1987 habebat
3391 1933 3565 2003 gratia

258 2015 494 2086 ἔμελλον
543 2016 710 2088 ἔχειν,
768 2018 887 2083 πῶς
939 2019 1124 2089 ἐλεγεο
1178 2019 1590 2090 Γαμείτωσαν,
1637 2018 1862 2073 οὶκοδεε

1976 2018 2187 2075 alienos
2249 2017 2561 2073 ostendere.
2599 2016 3094 2086 Adolescentiores,
3125 2021 3336 2093 inquit,
3377 2023 3569 2079 viduas

259 2108 687 2163 σποτείτωσαν
706 2128 728 2177 ;

1971 2109 2167 2163 devita.
2224 2106 2358 2163 Cum
2431 2108 2568 2162 enim
2624 2109 2914 2164 luxuriata:
2961 2111 3157 2179 fuerint
3204 2113 3258 2167 in
3310 2112 3565 2180 Christo,

258 2201 462 2256 nubere
500 2203 680 2259 uolunt
711 2203 960 2260 habentes
993 2203 1392 2260 damnationem
1442 2206 1570 2276 quia
1619 2206 1850 2274 primam
1890 2202 2049 2275 ﬁdem
2077 2205 2289 2257 irritam
2325 2201 2559 2274 fecerant
2615 2205 2654 2259 ⁸.
2723 2204 2779 2259 Si
2833 2206 3054 2277 quidem
3089 2225 3211 2277 qua:
3252 2209 3563 2264 castitatem

260 2294 531 2366 professae
580 2296 795 2351 irritam
848 2306 969 2351 eam
1010 2296 1411 2368 professionem
1463 2296 1718 2366 fecerint,
1777 2297 2193 2352 damnationem
2261 2296 2465 2352 habere
2510 2297 2787 2353 dicuntur.
2829 2296 2960 2364 Quae
2990 2314 3118 2354 κει-ο
3155 2300 3379 2356 minime
3444 2317 3567 2373 pro-

259 2388 429 2443 fessa:
477 2388 702 2455 fuerint,
757 2390 853 2445 sed
893 2405 994 2461 pro
1046 2389 1369 2446 inﬁrmitate
1421 2406 1523 2447 sua
1562 2392 1877 2462 nupseriut,
1936 2389 2311 2447 damnationis
2369 2398 2499 2446 sunt
2543 2406 2770 2462 prorsus
2827 2399 3101 2462 expertes.
3163 2392 3219 2447 Si
3261 2394 3407 2449 enim
3459 2396 3558 2449 ulli

258 2488 453 2535 essent
486 2482 760 2546 obnoxiae,
801 2496 903 2559 cur
936 2481 1187 2538 diceret:
1229 2482 1475 2549 Nubant,
1503 2484 1688 2539 domui
1727 2484 2025 2553 pra'sint"?

339 2574 394 2625 I'.
429 2572 553 2636 Πῶς
573 2575 593 2605 ⁸
625 2573 803 2627 τοίνυν
852 2575 1213 2646 προφητεύων
1259 2575 1687 2648 παρακολουθῶν
1720 2576 1862 2647 εὑρί·

2054 2576 2118 2630 Χ.
2160 2574 2354 2633 Omnis
2394 2577 2558 2648 igitur
2592 2577 2880 2648 propheta,
2914 2585 3028 2632 tam
3072 2579 3126 2633 in
3158 2576 3355 2634 Vetere
3394 2595 3559 2650 quam

258 2681 458 2718 σκεται
495 2664 597 2719 κᾶν
643 2684 702 2720 τε
732 2666 790 2719 ἐν
822 2670 888 2738 τῇ
936 2666 1153 2739 Παλαιᾷ
1184 2668 1449 2742 Διαθήκῃ,
1481 2669 1584 2723 κᾶν
1612 2686 1671 2721 τε
1702 2670 1759 2722 ἐν
1800 2672 1862 2740 τῇ

1979 2667 2033 2721 in
2066 2665 2218 2722 Novo
2243 2666 2620 2734 Testamento,
2649 2684 2772 2738 qua:
2806 2668 2942 2722 dicit
2976 2669 3337 2740 intelligentia
3373 2687 3565 2727 conse-

258 2757 443 2828 Καινῇ
464 2774 478 2787 ’
514 2757 591 2820 ὡς
623 2758 716 2811 καὶ
742 2760 771 2812 6
803 2757 958 2827 ἅγιος
996 2760 1250 2830 Ἰωάννης
1290 2761 1347 2814 ἐν
1384 2762 1452 2831 τῇ
1499 2758 1862 2830 Ἀποκαλύψει

1973 2763 2181 2833 quitur.
2246 2761 2398 2819 Unde
2445 2769 2500 2816 et
2558 2758 2802 2818 Joannes
2872 2762 2946 2816 ita
2999 2761 3053 2816 in
3100 2762 3424 2834 Apocalypsi
3490 2764 3567 2819 lo-

258 2850 420 2919 ἐλεγε
435 2867 451 2880 ο
480 2850 625 2904 Τάδε
649 2849 1011 2920 άπεκάλυψε
1030 2853 1247 2920 Κύριος
1266 2852 1387 2918 τοῖς
1410 2853 1597 2907 αὐτοῦ
1619 2851 1861 2917 δούλοις

1970 2853 2188 2923 quitur:
2214 2856 2344 2909 Ηαέ
2370 2842 2612 2907 reuelauit
2636 2850 2898 2905 Dominus
2919 2852 3080 2905 servis
3103 2852 3214 2906 suis
3236 2869 3329 2921 per
3356 2869 3564 2907 servum

257 2942 366 2996 διὰ
395 2942 503 2997 τοῦ
540 2942 767 2997 δούλου
808 2943 995 2998 αὑτοῦ
1041 2942 1313 2999 Ἰωάννου
1333 2960 1346 2974 ο
1370 2943 1488 3008 καὶ,
1528 2943 1673 3017 Τάδε
1699 2943 1862 3014 λέγει

1970 2963 2125 3000 suum
2158 2945 2421 2999 Joannem
2447 2945 2489 3011 °;
2546 2951 2601 2998 et
2626 2962 2640 2998 :
2671 2947 2803 2999 Hcce
2832 2943 2959 2997 dicit
2989 2942 3270 2999 Dominus.
3306 2944 3438 3011 Qua:
3465 2946 3562 3017 qui

258 3036 503 3105 Κύριος.
542 3035 599 3090 '0
619 3036 793 3089 ταῦτα
810 3036 988 3105 λέγων
1008 3036 1331 3108 ἐρρωμένην
1352 3032 1464 3107 εἶχε
1486 3036 1583 3106 τὴν
1602 3036 1861 3103 διάνοιαν,

1973 3036 2131 3101 dixit,
2160 3035 2408 3107 profecto
2439 3035 2595 3089 ilrmo
2625 3046 2743 3090 erat
2766 3034 2978 3105 judicio
3024 3035 3308 3105 praeditus,
3335 3052 3399 3091 ac
3426 3038 3563 3108 quid

258 3128 365 3181 καὶ
397 3127 812 3199 παρηκολούθει.
866 3128 994 3182 Ἰδοὺ
1011 3129 1215 3193 τοίνυν,
1254 3127 1401 3185 Τάδε
1422 3129 1585 3199 λέγει
1619 3130 1862 3197 Κύριος·

1974 3130 2293 3198 loqueretur
2344 3127 2528 3180 animo
2567 3135 2906 3197 perceperat.
2950 3124 3089 3182 Iline
3133 3126 3242 3182 illae
3282 3126 3563 3196 formulae,

258 3220 363 3274 καὶ
376 3261 392 3286 ,
416 3220 660 3288 Ὄρασις
680 3218 763 3288 ἣν
777 3216 958 3276 εἶδεν.
991 3220 1049 3273 'O
1068 3220 1126 3273 δὲ
1146 3219 1425 3283 Μοντανὸς
1448 3211 1605 3283 οὗτος
1622 3222 1651 3273 6
1679 3218 1862 3290 αὐχῶν

1972 3224 2104 3275 Ηωο
2127 3220 2257 3274 dicit
2279 3219 2583 3283 Dominus;
2606 3228 2695 3273 et:
2736 3218 2881 3273 Visio
2907 3235 3064 3285 quam
3087 3220 3237 3274 vidit.
3267 3218 3565 3277 Montanus

259 3310 458 3367 ἑαυτὸν
491 3307 633 3365 εἶναι
667 3311 975 3383 προφήτην,
1017 3311 1110 3364 καὶ
1151 3310 1431 3382 πλανήσας
1470 3310 1597 3372 τοὺς
1634 3309 1726 3363 ὑπ’
1767 3309 1862 3362 αύ-

1967 3326 2121 3376 vero,
2173 3311 2267 3382 qui
2317 3326 2378 3366 se
2426 3309 2748 3380 prophetam
2795 3307 3037 3378 jactitat,
3068 3324 3133 3363 ac
3184 3309 3561 3365 sectatoribus

256 3403 361 3459 τοῦ
395 3402 1172 3476 πεπλανημένους,ἀσύστατα
1219 3402 1361 3457 κατά
1397 3402 1496 3466 τάς
1535 3401 1683 3466 θείας
1714 3400 1859 3472 Γρα-

258 3495 376 3567 φὰς
419 3496 709 3565 διηγεῖται.
759 3495 924 3563 Λέγει
969 3493 1081 3566 γὰρ
1129 3496 1187 3547 ἐν
1232 3497 1301 3566 τῇ
1349 3494 1544 3548 ἑαυτοῦ
1594 3493 1865 3566 λεγομένῃ

259 3589 604 3661 προφητείᾳσ
647 3590 709 3643 Τί
734 3587 936 3658 λέγεις
978 3588 1087 3641 τὸν
1134 3587 1290 3655 ὑπὲρ
1338 3586 1655 3655 ἄνθρωπον
1685 3584 1864 3646 σωζϋ-

253 3698 452 3753 μενον
472 3698 491 3746 ;
536 3680 775 3751 Λάμψει
808 3681 920 3749 τὰρ
971 3682 1005 3734 ό
1046 3679 1297 3745 δίκαιος,
1329 3678 1528 3749 φησὶν,
1564 3676 1719 3747 ὑπὲρ
1756 3675 1863 3730 τὸν

238 3774 446 3842 ,ἣλιον
482 3770 1107 3827 ἑκατονταπλασίονα.
1161 3772 1225 3823 Oi
1278 3767 1348 3822 δὲ
1375 3768 1578 3838 μικροὶ
1619 3768 1690 3823 ἐν
1718 3759 1864 3836 ὐιὶῖν

258 3866 606 3935 σωζόμενοι,
656 3863 1017 3934 λάμψουσιν
1058 3861 1663 3916 ἑκατονταπλασίονα
1708 3859 1862 3929 ὑπὲρ

256 3961 383 4030 τὴν
408 3960 706 4027 σελήνην.
748 3958 807 4011 '0
844 3955 903 4009 δὲ
935 3954 1141 4028 Κύριος
1173 3954 1386 4026 ἐλέγχει
1420 3953 1512 4007 τὸν
1534 3952 1804 4016 τοιοῦτον,
1833 3954 1862 4005 6

255 4053 407 4124 ἔχων
440 4051 538 4124 τὴν
581 4049 830 4116 ἐξουσίαν
858 4046 1193 4122 χαρίσασθαι
1216 4047 1277 4100 τὸ
1308 4046 1545 4117 λάμπειν
1589 4046 1658 4100 τὰ
1695 4045 1860 4118 πρόσ-

256 4161 394 4199 ωπα
429 4143 537 4197 τῶν
576 4142 770 4212 ἁγίων,
816 4141 910 4195 καὶ
959 4139 1257 4212 φαιδρύνας
1309 4138 1371 4193 τὸ
1424 4137 1717 4209 πρόσωπον
1766 4136 1860 4190 τοῦ

256 4235 567 4301 Μωῦσέως,
610 4235 705 4289 καὶ
747 4232 1066 4306 μεταϐαλὼν
1106 4233 1235 4295 τοὺς
1277 4230 1468 4299 ἁγίους
1500 4230 1560 4283 ἐν
1601 4231 1671 4300 τῇ
1729 4228 1859 4299 ἁγίᾳ

255 4326 433 4382 αὑτοῦ
474 4326 767 4381 ἀναστάσει
813 4324 921 4379 τῶν
968 4324 1255 4395 σωμάτων,
1297 4322 1425 4385 τοὺς
1470 4322 1860 4392 σπειρομένους

258 4423 327 4475 ἐν
362 4422 430 4491 τῇ
465 4418 681 4490 ἀτιμίᾳ,
726 4417 821 4471 καὶ
868 4415 1256 4488 ἐγειρομένους
1299 4417 1358 4468 ἐν
1401 4413 1559 4486 δόξῃ’
1592 4413 1693 4466 οὐκ
1723 4412 1858 4468 ἀλλα

260 4478 495 4582 σώματα
705 4509 775 4563 τὰ
821 4478 1149 4575 ὄπτα-ἀλλὰ
1191 4505 1331 4559 αὐτά
1385 4504 1456 4558 τὰ
1499 4478 1859 4576 δντασέγειρό-
1895 4478 1935 4531 D

259 4620 407 4677 μενα
451 4603 577 4657 ὅλα’
625 4600 974 4672 λαμϐάνοντα
1016 4598 1069 4652 δὲ
1119 4595 1276 4662 δόξαν
1336 4595 1469 4668 παρ’
1503 4594 1667 4649 αὐτοῦ
1718 4594 1859 4666 μετά

254 4698 579 4759 ἀνάστασιν,
611 4693 764 4765 παρά
791 4690 885 4745 τοῦ
927 4690 1024 4761 τὴν
1059 4689 1216 4754 δόξαν
1246 4686 1494 4756 ἀφθόνως
1526 4687 1859 4758 παρέχοντος

253 4796 377 4857 τοῖς
402 4791 565 4847 αὑτοῦ
586 4776 810 4860 ἁγίοις·
840 4786 1030 4859 ἐπειδὴ
1063 4786 1177 4857 ἔχει
1223 4784 1321 4856 τὴν
1361 4783 1610 4850 ἐξουσίαν
1650 4783 1855 4847 δοῦναι,

254 4886 363 4942 καὶ
391 4881 739 4956 χαρίσασθαι,
770 4881 847 4944 ὼς
887 4879 1020 4943 Θεὸς
1060 4878 1155 4933 καὶ
1190 4877 1415 4946 Κύριος.
1454 4876 1635 4948 Ἐχων
1672 4876 1729 4929 δέ
1758 4876 1852 4930 τοῦ

254 4973 615 5049 χαρίσασθαι,
655 4971 757 5026 οὐκ
777 4971 798 5002 ³
820 4968 1184 5040 ἐπηγγείλατο
1207 4964 1350 5019 κατὰ
1378 4964 1655 5020 Μοντανόν
1674 4980 1688 4995 ⁸
1719 4963 1857 5018 ἀλλά

254 5067 431 5139 φησί·
478 5066 715 5137 Λάμψει
759 5061 928 5133 ὑμῶν
985 5060 1059 5113 τὰ
1105 5060 1398 5127 πρόσωπα
1445 5057 1527 5121 ὡς
1577 5060 1610 5111 ὁ
1660 5056 1852 5124 ἣλιος.

256 5158 334 5214 Εἰ
363 5157 542 5213 τοίνυν
575 5156 604 5207 6
631 5154 770 5226 ἔχων
792 5152 890 5224 τὴν
926 5148 1198 5217 ἐξουσίαν,
1228 5147 1322 5201 καὶ
1350 5146 1564 5219 ἀληθῶς
1592 5147 1855 5220 ὑπάρχων

250 5251 549 5320 δεσπὰτης,
588 5248 685 5303 καὶ
728 5245 932 5317 Κύριος
977 5241 1135 5314 ἡμῶν
1177 5238 1383 5312 Ἰησοῦς
1426 5239 1683 5311 Χριστὸς,
1712 5239 1788 5304 ὡς
1826 5240 1855 5292 6

253 5341 414 5414 ἥλιος
438 5341 585 5411 λέγει
616 5338 685 5394 τά
717 5337 984 5409 πρόσωπα
1014 5333 1123 5388 τῶν
1161 5331 1387 5386 δικαίων
1429 5330 1667 5402 λάμψειν
1686 5346 1700 5360 ο
1737 5331 1855 5395 πῶς

251 5435 540 5499 Μοντανὺς
591 5429 1001 5501 ἐποιγιγέλλειιςαι¹
1026 5422 1405 5498 περιττότερον
1450 5422 1853 5475 ἑκατονταπλα-

206 5510 213 5515 .
256 5527 455 5592 σίονα;
491 5526 549 5593 εί
588 5524 663 5596 μὴ
714 5524 823 5593 ἄρα
861 5521 1047 5591 ὅμοιος
1081 5513 1130 5571 εἷ
1171 5516 1363 5585 ἐκείνῳ
1404 5515 1482 5586 τῷ
1521 5514 1853 5585 ἐπαγγειλα-

256 5620 415 5694 μένῳ
451 5621 564 5682 τοῖς
615 5616 743 5690 περὶ
787 5615 876 5670 τὸν
913 5613 1085 5685 Ἀδὰμ
1104 5650 1119 5676 ,
1164 5610 1246 5664 ὅτι
1278 5609 1532 5663 Ἕσεσθε
1576 5609 1658 5672 ὡς
1702 5609 1846 5675 θεοὶ,

336 5729 355 5761 ί
376 5728 541 5785 Deest
570 5702 652 5784 τύ.
726 5730 746 5759 ’
777 5726 837 5783 F.
867 5731 997 5794 πᾶς.
1104 5723 1125 5757 ³
1155 5720 1217 5779 F.
1245 5717 1514 5787 ἐξουσίαν.

250 5814 386 5866 xui,
413 5800 501 5857 43.

1634 5724 1868 5781 ’⁵ιΤὶιῐι.
1923 5743 1974 5796 v,
2029 5727 2120 5788 ll.
2173 5726 2259 5781 te.

1977 3403 2162 3458 illudit
2190 3403 2329 3468 suis,
2353 3417 2417 3458 ea
2442 3400 2597 3466 dicit,
2622 3415 2745 3471 quae
2769 3400 2943 3457 sacris
2962 3399 3183 3459 Litteris
3209 3417 3565 3473 nequaquam

1966 3504 2343 3552 consentanea
2378 3496 2653 3552 videntur.
2688 3495 2780 3551 Sic
2807 3495 2953 3552 enim
2996 3494 3050 3548 in
3084 3508 3147 3549 ea
3181 3510 3345 3565 quam
3377 3495 3558 3564 appel-

1965 3590 2101 3655 lant,
2141 3591 2260 3658 ejus
2292 3590 2583 3660 prophetia
2622 3588 2891 3659 scriptum
2922 3595 3041 3642 est:
3076 3585 3217 3652 Quid
3248 3603 3365 3640 eum
3394 3585 3551 3649 dicis,

1964 3684 2055 3753 qui
2108 3698 2273 3752 supra
2323 3680 2591 3736 hominem
2643 3696 2764 3734 cum
2799 3680 2889 3744 sit,
2931 3677 3160 3732 salutem
3207 3676 3569 3744 adipiscitur?

1963 3775 2153 3830 Justus
2182 3774 2343 3839 enim,
2373 3774 2570 3845 inquit,
2609 3772 2851 3842 centuplo
2886 3787 3045 3842 quam
3086 3768 3167 3824 soi
3210 3767 3561 3838 splendidiori

1966 3867 2080 3920 luce
2128 3865 2369 3936 fulgebit.
2415 3865 2485 3917 At
2534 3866 2625 3936 qui
2656 3866 2792 3918 inter
2827 3879 2916 3918 vos
2955 3862 3133 3932 exigui
3179 3871 3323 3927 sunt,
3375 3861 3561 3915 lunam

1964 3957 2204 4025 centuplo
2231 3956 2578 4025 superabunt.
2607 3955 2712 4011 Sed
2746 3956 2892 4010 hunc
2927 3954 3144 4009 Domini
3173 3952 3347 4023 ipsius
3375 3961 3561 4009 aucto-

1963 4051 2102 4105 ritas
2138 4049 2340 4104 refellit
2364 4065 2385 4115 ;
2413 4062 2587 4121 penes
2607 4062 2771 4117 quem
2790 4046 2885 4116 jus
2915 4060 3078 4100 omne
3104 4059 3167 4098 ac
3196 4052 3443 4114 potestas
3471 4053 3559 4100 est

1964 4142 2019 4196 id
2054 4142 2264 4198 sanctis
2316 4143 2436 4196 suis
2473 4138 2780 4205 tribuendi,
2825 4146 2887 4192 ut
2921 4152 3114 4192 eorum
3147 4137 3337 4192 vultus
3375 4138 3559 4207 splen-

1963 4235 2097 4290 dore
2147 4233 2568 4289 collus1rentur.
2628 4230 2731 4297 Qui
2783 4230 2988 4301 Moysis
3036 4227 3236 4284 faciem
3283 4228 3557 4300 ejusmodi

1963 4327 2085 4382 luce
2132 4323 2408 4395 perfudit:
2455 4324 2550 4393 qui
2607 4322 2830 4379 eosdem
2879 4327 3106 4376 sanctos
3153 4320 3211 4375 in
3254 4334 3555 4390 corporum

1963 4415 2375 4471 resurrectione
2416 4421 2759 4481 commutat;
2808 4417 3052 4474 sanctos,
3103 4409 3353 4480 inquam,
3406 4408 3563 4478 illos,

1964 4511 2059 4579 qui
2094 4508 2333 4579 quadam
2374 4506 2523 4562 velut
2556 4520 2684 4559 curn
2730 4502 3032 4575 ignominia
3064 4502 3191 4567 sati,
3223 4516 3348 4557 cum
3378 4500 3558 4572 gloria

1965 4615 2030 4656 ac
2064 4600 2331 4671 dignitate
2383 4604 2716 4668 resurgunt,
2758 4611 2867 4651 non
2928 4602 2988 4650 ut
3029 4594 3136 4649 alia
3184 4603 3555 4664 pmterquam

1964 4705 2095 4746 vera
2149 4690 2484 4761 propriaque
2531 4701 2801 4759 corpora,
2852 4685 2951 4741 sed
2990 4692 3051 4739 ut
3095 4683 3286 4741 eadem
3317 4724 3331 4749 ,
3391 4693 3560 4755 atque

1967 4786 2180 4855 integra
2235 4783 2457 4854 penitus
2504 4782 2855 4837 excitentur:
2907 4779 2981 4833 ita
3040 4785 3224 4833 tamen
3280 4782 3340 4831 ut
3377 4776 3444 4830 ab
3487 4791 3558 4832 eo

1964 4875 2267 4935 secundum
2311 4873 2774 4929 resurrectionem
2821 4884 3022 4924 novum
3063 4867 3340 4939 quoddam
3383 4867 3555 4923 decus

1963 4981 2029 5021 ac
2080 4964 2422 5034 majestatem
2473 4960 2784 5029 accipiant,
2816 4958 2908 5030 qui
2961 4958 3168 5014 sanctis
3216 4956 3333 5011 suis
3372 4956 3554 5010 incre-

1963 5056 2187 5111 dibilem
2220 5053 2410 5124 gloria:
2445 5051 2750 5106 ubertatem
2787 5049 3069 5118 impertit;
3104 5046 3551 5116 quandoquidem

1965 5149 2233 5222 largiendi
2260 5147 2458 5216 hujus,
2497 5153 2686 5216 utpote
2726 5143 2993 5199 Dominus
3027 5156 3090 5195 ac
3122 5140 3288 5204 Deus,
3324 5141 3550 5210 ampliso

1963 5242 2103 5296 sima
2131 5248 2215 5296 est
2250 5246 2522 5310 potestate
2550 5235 2831 5308 praeditus.
2856 5234 3022 5303 Atqui
3058 5233 3276 5287 tametsi
3309 5247 3546 5299 summa,

1963 5334 2043 5389 uti
2077 5334 2210 5396 dixi,
2240 5348 2407 5403 penes
2439 5331 2591 5385 illum
2620 5331 2692 5385 sit
2724 5335 2991 5398 potestas,
3023 5325 3160 5379 nihil
3191 5333 3376 5381 tamen
3399 5326 3552 5395 ejus-

1961 5428 2111 5482 modi
2152 5425 2427 5498 promisit,
2485 5423 2650 5495 quale
2696 5420 2992 5476 Montanus
3042 5418 3244 5483 finxit;
3299 5419 3397 5474 sed
3443 5419 3547 5474 hoc

1959 5537 2131 5576 unum
2157 5520 2447 5592 pollicetur
2478 5536 2493 5573 :
2526 5515 2828 5587 Fulgebunt
2856 5513 3021 5583 facies
3044 5523 3228 5569 vestra:
3241 5514 3377 5569 sicut
3403 5513 3486 5569 sol
3500 5513 3546 5569 ⁷.

1955 5613 2121 5687 412
2155 5611 2345 5683 Itaque
2375 5625 2501 5666 eum
2529 5610 2597 5674 is,
2636 5624 2807 5679 penes
2837 5623 3000 5679 quem
3037 5606 3222 5662 omnis
3267 5613 3353 5663 est
3388 5613 3548 5672 pote-

2363 5723 2546 5779 ‘ibid.
2604 5722 2693 5777 14.
2786 5723 2806 5754 ⁸
2838 5722 3011 5793 Apoc.
3064 5735 3103 5787 ι,
3145 5720 3199 5775 I.
3294 5718 3314 5751 '
3350 5712 3542 5771 Matth.
