3958 6420
543 332 641 387 871

1967 337 2025 391 S.
2066 333 2407 390 EPIPIIANII

2656 248 2681 257 η

3669 347 3751 404 872

539 466 677 517 Stas,
718 455 924 525 quique
955 470 1084 510 vere
1112 456 1357 510 omnium
1406 454 1670 511 Dominus
1708 464 1813 523 est,
1852 457 2107 513 Christus

2236 460 2490 530 φήσαντι,
2530 459 2624 512 καὶ
2658 459 2765 511 ἀπὸ
2809 436 2907 529 τῆς
2954 462 3306 533 ὑπαρχούσης
3339 464 3510 529 αὐτοῖς
3533 465 3666 538 δόξης
3684 480 3751 529 καί

541 546 789 614 inquam,
840 546 1003 602 Jesus
1039 546 1304 601 Dominus
1349 555 1557 613 noster,
1591 549 1726 604 solis
1773 544 1949 605 instar
2002 550 2128 603 illu-

540 639 800 693 strandos
836 653 960 692 esse.
990 639 1270 707 justorum
1309 640 1493 694 vultus
1526 638 1771 705 deﬁniat,
1798 655 1906 711 qua
1945 640 2127 696 fronte

2236 552 2562 624 παραδείσου
2593 552 2805 624 τρυφῆς
2823 556 3305 625 παρασκευάσαντι
3334 558 3507 622 αὑτοῖς
3527 557 3612 631 τὴν
3635 561 3759 617 ﬁtﬁt)-

2235 642 2333 713 λὴν
2362 642 2638 710 γενέσθαι,
2671 644 2766 697 καὶ
2800 646 2882 707 είς
2908 645 3113 717 φθορὰν
3146 648 3376 702 θανάτου
3401 653 3747 723 κατενεχθῆναι.

538 733 795 801 centuplo
843 722 1105 787 clariores
1160 732 1277 787 fore
1327 731 1620 791 Montanus
1699 734 1993 790 alﬁrmat?
2047 735 2164 790 Nisi
2237 738 2375 792 forte
2420 738 2568 795 illius
2624 755 2685 795 es
2734 739 2954 805 similis,
3010 743 3105 813 qui
3160 743 3213 799 id
3271 747 3452 815 primis
3504 722 3760 809 hominibus

552 828 913 895 pollicebatur
957 846 970 881 :
1031 827 1201 882 Eritis
1243 830 1383 883 sicut
1414 830 1489 884 dii
1517 832 1572 897 ¹;
1606 832 1810 901 quique
1849 840 1909 885 ut
1961 832 2030 886 ab
2059 849 2120 886 ea

2178 844 2343 903 quam
2395 836 2682 890 consecuti
2716 835 2934 892 fuerant
3002 839 3201 909 gloria,
3258 856 3322 896 ac
3381 843 3616 913 paradiso
3659 848 3761 917 deji-

537 929 816 986 cereutur,
841 931 895 975 et
919 922 973 975 in
998 923 1152 976 exitii
1187 924 1562 993 corruptelam
1587 924 1953 989 incurrerent,
1978 925 2282 980 calliditate
2310 942 2409 982 sua
2446 928 2701 998 perfecit.

608 1015 696 1071 XI.
734 1016 840 1072 Sed
874 1018 989 1073 haec
1017 1018 1246 1088 insuper
1275 1019 1570 1076 Montanus
1606 1021 1828 1090 adjicit:
1867 1020 1974 1091 Ego
2007 1039 2124 1075 sum

535 1106 795 1163 Dominus
831 1107 995 1173 Deus,
1025 1111 1117 1180 qui
1143 1111 1198 1163 in
1229 1109 1438 1164 homine
1478 1127 1676 1167 versor.
1702 1112 1972 1167 Praeclare
2004 1113 2127 1183 qui-

535 1200 656 1253 dem
687 1216 788 1256 nos
808 1200 1100 1273 Scriptura
1130 1218 1313 1268 sacra,
1335 1212 1389 1258 et
1416 1215 1787 1260 consentanea
1809 1206 1915 1261 sibi
1946 1206 2127 1261 sancti

536 1292 776 1361 Spiritus
831 1295 1090 1350 doctrina
1153 1297 1586 1354 commonitione
1657 1314 1758 1353 sua
1819 1306 2127 1370 comparat,

534 1392 595 1436 nt
647 1402 772 1454 qua:
806 1386 971 1440 alieni
1026 1395 1158 1441 sunt
1199 1389 1433 1457 spiritus
1472 1390 1539 1442 ad
1589 1390 1703 1445 veri
1765 1391 2128 1447 imitationem

533 1476 773 1530 conﬁcta
825 1479 1110 1548 dogmata,
1156 1495 1220 1534 ac
1258 1481 1475 1535 veritati
1528 1483 1808 1537 contraria
1842 1484 2124 1539 discerna-

538 1585 688 1624 mus.
720 1571 921 1624 Statim
950 1571 1098 1625 enim
1132 1588 1197 1626 ac
1227 1571 1523 1628 Montanus
1552 1574 1657 1628 hoc
1686 1574 1845 1638 dixit,
1874 1590 1937 1631 ea
1969 1576 2127 1632 nobis

536 1662 592 1716 in
632 1663 954 1718 memoriam
988 1665 1271 1722 revocavit
1296 1680 1419 1733 quae
1453 1680 1483 1718 a
1514 1664 1744 1720 Domino
1775 1667 2127 1736 pronuntiata

535 1754 813 1821 leguntur.
858 1754 937 1808 lta
980 1755 1126 1807 enim
1162 1756 1216 1808 in
1252 1754 1548 1824 Evangelio
1580 1763 1815 1811 testatus
1850 1765 1976 1811 est:
2015 1756 2126 1827 Ego

533 1847 649 1898 veni
682 1847 735 1898 in
768 1846 978 1899 nomine
1013 1845 1223 1909 Patris,
1256 1855 1306 1900 et
1340 1863 1444 1900 non
1484 1849 1788 1914 suscepistis
1823 1865 1937 1912 me;
1982 1850 2122 1903 alius

531 1939 695 1991 reniet
732 1939 785 1990 in
809 1939 1022 1992 nomine
1045 1955 1163 2003 suo,
1198 1948 1247 1992 et
1276 1939 1434 1992 talem
1465 1941 1747 2008 suscipient
1774 1940 1815 1992 ¹.
1854 1939 2123 2005 Quocirca

532 2028 852 2083 Montanum
890 2045 918 2081 a
950 2030 1125 2084 sacris
1169 2028 1393 2085 Litteris
1439 2030 1739 2087 dissentire
1767 2032 1995 2085 omnino
2030 2032 2126 2086 de-

500 2120 1006 2189 ‘monstravimus;
1044 2123 1210 2193 idque
1241 2124 1445 2178 nemini
1492 2139 1601 2177 non
1630 2124 1983 2193 perspicuum
2016 2132 2122 2186 est,

526 2214 622 2282 qui
674 2215 793 2283 ejus
839 2215 1047 2285 scripta
1084 2232 1207 2269 cum
1253 2216 1465 2284 judicio
1510 2216 1827 2270 revolverit.
1883 2214 2036 2280 Quod
2075 2217 2122 2270 si

527 2307 601 2357 ita
646 2314 752 2369 est,
792 2313 964 2360 restat
1018 2315 1076 2360 ut
1113 2315 1221 2359 tam
1274 2308 1391 2375 ijse
1444 2307 1516 2361 ab
1550 2306 1797 2363 Ecclesia
1845 2307 2121 2361 catholica

526 2398 743 2453 alienus
782 2399 1157 2464 existimetur,
1196 2415 1359 2468 quam
1400 2400 1522 2469 ejus
1562 2400 1810 2462 haeresis,
1847 2414 1969 2468 quae
2003 2414 2123 2469 pro-

527 2487 722 2554 phetas
757 2503 821 2541 ac
872 2490 1123 2543 cmlestia
1155 2490 1247 2542 illa
1290 2488 1434 2543 dona
1478 2506 1646 2559 penes
1680 2505 1739 2545 se
1775 2505 1899 2545 esse
1929 2490 2124 2559 prmdi-

525 2588 635 2645 cat,
688 2597 811 2649 qum
852 2598 1202 2650 ncquaquam
1247 2584 1541 2652 noeeperit,
1572 2583 1667 2637 sed
1722 2582 1790 2637 ab
1830 2582 1897 2636 iis
1936 2582 2121 2651 potius

523 2674 844 2727 dest-iverit.
890 2674 1094 2742 Ecquis
1135 2675 1323 2742 igitur,
1360 2674 1404 2728 si
1460 2675 1744 2743 paululum
1795 2673 1929 2743 quid
1972 2673 2121 2728 dicat

524 2766 817 2833 intelligat,
865 2766 1161 2834 prophetas
1195 2766 1353 2829 istos,
1399 2781 1462 2820 ac
1498 2782 1607 2819 non
1651 2767 1846 2835 planos
1887 2774 1941 2820 et
1972 2774 2121 2822 vete-

522 2867 739 2912 ratores
789 2858 1141 2927 appellandos
1185 2860 1444 2913 censeat?
1493 2859 1750 2912 Christus
1807 2861 1950 2912 enim
2006 2875 2110 2914 nos

521 2952 751 3005 docuit:
798 2951 859 3003 Et
914 2950 1208 3017 Spiritum,
1250 2952 1460 3020 inquit,
1513 2952 1853 3006 Paracletum
1909 2955 2118 3006 mittam

521 3041 591 3094 ad
627 3058 715 3095 vos
740 3042 780 3097 ³.
848 3041 1075 3095 Necnon
1112 3043 1400 3097 miraculis
1446 3042 1609 3098 editis
1641 3046 1820 3099 aiebat
1855 3063 1867 3099 ε
1907 3045 2008 3099 Ille
2041 3064 2120 3099 me

2307 1025 2410 1078 IA'.
2450 1026 2570 1078 Ἔτι
2608 1026 2667 1079 δὲ
2704 1028 3062 1101 προστίθησιν
3098 1032 3126 1083 6
3155 1031 3314 1094 αὑτὸς
3356 1033 3629 1100 Μοντανδς,
3657 1037 3762 1091 οὑτω

2233 1115 2439 1183 λέγων’
2488 1116 2637 1188 Ἐγὼ
2669 1122 2883 1187 Κύριος
2917 1125 2949 1175 o'
2985 1121 3128 1187 Θεὸς
3159 1125 3190 1175 ό
3214 1123 3614 1192 παντοκράτωρ
3630 1143 3764 1179 κατα.

2236 1205 2548 1274 γινόμενος
2593 1206 2665 1259 ἐν
2710 1208 3016 1277 ἀνθρώπῳ.
3051 1211 3194 1283 Ἀρα
3242 1207 3335 1265 οὖν
3377 1213 3549 1279 καλῶς
3586 1217 3762 1288 ἡμᾶςή

2237 1294 2357 1348 θεία
2404 1296 2597 1366 Γραφὴ
2644 1296 3105 1368 ἐπασφαλίζεται,
3154 1302 3246 1355 καὶ
3304 1304 3337 1374 ἡ
3387 1304 3652 1369 ἀκόλουθος
3694 1306 3762 1359 τοῦ

2208 1387 2388 1454 σάγίου
2418 1389 2737 1460 Πνεύματος
2779 1391 3121 1457 διδασκαλία,
3167 1394 3491 1449 νουθετοὺσα
3521 1399 3666 1467 ἡμᾶς,
3700 1399 3765 1452 ἵνα

2229 1478 2584 1552 γινώσκωμεν
2643 1484 2772 1537 ποῖά
2829 1485 2945 1537 ἐστι
2992 1484 3060 1538 τὰ
3118 1486 3334 1557 μιμηλά
3388 1487 3479 1540 τοῦ
3534 1487 3763 1559 ἀλλοτρίου

2232 1573 2567 1643 πνεύματος,
2593 1575 2687 1628 καὶ
2721 1574 2788 1628 τά
2825 1575 3254 1649 ἀντίθεταπρὸς
3283 1576 3380 1648 τὴν
3411 1578 3669 1649 ἀλήθειαν·
3699 1580 3767 1634 ὄτι

2229 1665 2338 1736 γὰρ
2382 1666 2542 1730 εὐθὺς
2578 1666 2734 1719 “coire
2780 1664 2902 1721 εἷπε
2954 1670 3255 1733 Μοντανὸς,
3286 1671 3533 1724 ὑπόνοιαν
3568 1673 3679 1741 ἡμῖν
3700 1672 3766 1725 δέ·

2161 1752 2200 1806 Β
2228 1756 2400 1809 δωκεν
2429 1758 2841 1829 ἀναμνησθῆναι
2891 1759 2960 1812 τὰ
3005 1761 3111 1813 ὑπὸ
3155 1760 3249 1814 τοῦ
3296 1762 3498 1833 Κυρίου
3533 1764 3764 1834 εἰρημένα.

2228 1848 2384 1901 Οὑτω
2423 1850 2524 1918 γάρ
2554 1867 2718 1920 φησιν
2759 1853 2787 1903 6
2825 1851 3030 1922 Κύριος
3070 1853 3128 1906 ὲν
3172 1852 3251 1923 τῷ
3287 1853 3625 1923 Εὑαγγελίῳ·
3655 1852 3765 1920 Ἐγὼ

2226 1938 2418 2010 ἦλθον
2447 1944 2516 1996 ἐν
2544 1943 2625 2009 τῷ
2660 1946 2903 2013 ὀνόματι
2951 1945 3058 1999 τοῦ
3111 1945 3367 2014 Πατρός,
3414 1946 3508 1999 καί
3546 1948 3642 1999 οὐκ
3673 1945 3766 1998 ἑὸἐ·

2227 2032 2415 2096 ξασθὲ
2443 2051 2539 2103 με.
2572 2037 2788 2101 Ἄλλος
2812 2036 3125 2089 ἐλεύσεται
3152 2037 3250 2089 ἐπὶ
3277 2036 3358 2101 τῷ
3393 2037 3516 2101 ἰδίῳ
3541 2037 3756 2104 ὀνόματι.

2225 2125 2322 2178 καὶ
2385 2124 2661 2190 δέξονται
2726 2128 2833 2180 τὸν
2881 2127 3177 2182 τοιοῦτον.
3228 2128 3572 2199 Ἀσὺμφωνος
3630 2129 3766 2181 τοίνυν

2224 2214 2573 2270 παντάπασιν
2599 2220 2627 2270 6
2653 2216 2894 2281 τοιοῦτος
2917 2217 3025 2270 τῶν
3053 2217 3213 2271 θείων
3243 2218 3473 2289 Γραφῶν
3506 2219 3694 2291 εὑρέθη,
3712 2218 3765 2281 ὡς

2226 2306 2391 2358 παντί
2419 2324 2496 2377 τῳ
2541 2311 2709 2377 σαφές
2754 2310 2871 2361 ἐστι
2888 2308 2963 2379 τῷ
3010 2297 3273 2380 νουνεχῶς
3323 2312 3689 2382 ἐντυγχάνοντι.
3719 2311 3764 2365 ΕΞ

2225 2396 2405 2449 τοίνυν
2432 2398 2763 2468 ἀσύμφωνος
2787 2400 3043 2471 ὑπάρχει,
3080 2400 3362 2472 ἀλλότριος
3392 2405 3505 2456 ἐστι
3530 2403 3619 2473 τῆς
3645 2401 3763 2468 ἁγίας

2224 2487 2524 2559 καθολικῆς
2569 2491 2915 2562 Ἐκκλησίας,
2966 2493 3061 2546 καὶ
3111 2495 3145 2564 ἡ
3200 2495 3324 2546 κατ’
3377 2486 3533 2548 αὑτὸν
3575 2491 3764 2563 αὑχοῦσα

2225 2580 2437 2649 αἵρεσις
2480 2583 2766 2653 προφήτας
2798 2583 2941 2653 ἔχειν
2982 2584 3074 2636 καὶ
3112 2585 3450 2656 χαρίσματα,
3487 2584 3521 2638 ἃ
3559 2585 3624 2656 μὴ
3655 2583 3764 2652 εἴλη-

2226 2689 2345 2740 φεν,
2384 2672 2522 2726 ἀλλὰ
2564 2676 2628 2727 ἐκ
2667 2675 2871 2727 τούτων
2917 2677 3149 2747 ἀπέστη.
3198 2678 3294 2740 Τίς
3330 2677 3506 2731 τοίνυν
3534 2677 3763 2748 τολμήσειε

2225 2766 2650 2835 παρακολουθῶν
2708 2766 2923 2831 τούτους
2982 2770 3267 2838 προφήτας
3324 2769 3536 2832 καλεῖν,
3585 2768 3664 2820 καὶ
3709 2767 3761 2836 μὴ

2228 2857 2427 2925 μᾶλλον
2471 2856 2702 2920 πλάνους
2747 2852 2885 2912 εἶναι
2930 2859 3057 2920 τοὺς
3089 2858 3401 2925 τοιούτους;
3452 2859 3662 2928 Χριστός
3684 2855 3762 2924 γὰρ

2222 2950 2369 3017 ἡμᾶς
2401 2948 2604 3014 ἐδίδαξε
2627 2949 2823 3016 λέγων,
2845 2951 2925 3001 ὅτι
2962 2949 3030 3003 Τὸ
3058 2950 3300 3019 Πνεῦμα
3336 2950 3404 3002 τὸ
3426 2950 3763 3017 Παμὶκλητον

2221 3040 2585 3095 ἀποστέλλω
2628 3041 2791 3110 ὑμῖν.
2841 3041 2950 3093 Καὶ
3002 3041 3072 3092 τὰ
3119 3043 3319 3110 σημεῖα
3374 3040 3545 3103 διδοὺς
3593 3038 3760 3103 ἔλεγεν,

518 3135 839 3205 gloriﬁcabit
866 3135 908 3188 ⁸.
944 3135 1101 3200 Quod
1139 3136 1304 3188 etiam
1353 3136 1536 3207 reipsa
1595 3138 1898 3208 contigisse
1941 3141 2115 3192 cerui-

2220 3134 2302 3185 ὅτι
2351 3133 2615 3199 Ἐκεῖνος
2664 3133 2769 3201 ἐμὲ
2844 3131 3113 3195 δοξάσει.
3162 3134 3248 3196 Ὠς
3306 3132 3381 3185 τὰ
3435 3129 3600 3201 ἀληθῆ
3650 3127 3761 3179 ἐστιν

520 3243 665 3287 mus,
700 3243 766 3280 eo
802 3229 947 3297 quod
998 3228 1255 3295 apostoli,
1290 3243 1415 3282 cum
1465 3228 1810 3283 Paracletum
1847 3228 2111 3299 Spiritum

517 3318 906 3389 accepissent,
960 3320 1240 3373 Christum
1295 3319 1765 3387 gloriﬁcaverunt.
1820 3318 2115 3374 Montanus

518 3427 648 3466 vero
674 3426 831 3465 suam
868 3412 985 3480 ipse
1016 3412 1246 3480 gloriam
1281 3413 1545 3464 celebrat.
1587 3411 1855 3466 Dominus
1897 3412 2058 3469 Patre
2085 3436 2113 3466 Et

518 3517 683 3563 suum
712 3500 1064 3569 gloriﬁcavit.
1100 3500 1245 3553 Idem
1280 3500 1371 3553 ille
1404 3498 1670 3568 Spiritum
1707 3517 1929 3571 quoque
1956 3504 2115 3569 glori-

519 3592 724 3656 ﬁcavit,
760 3608 884 3646 cum
918 3593 1168 3645 veritatis
1226 3608 1350 3646 esse
1403 3590 1667 3661 Spiritum
1709 3594 1916 3647 docuit.
1966 3595 2117 3648 Mon-

518 3692 685 3739 tanus
714 3700 883 3738 unum
924 3700 982 3738 se
1015 3683 1312 3754 gloriﬁcat,
1348 3698 1413 3737 ac
1441 3683 1659 3737 Patrem
1689 3699 1814 3739 esse
1837 3684 1971 3743 dicit
2005 3701 2116 3739 om-

519 3778 880 3848 nipotentem,
919 3779 1011 3845 qui
1057 3778 1111 3829 in
1148 3791 1273 3830 sese
1316 3775 1564 3829 habitet:
1605 3789 1667 3829 ut
1704 3776 1838 3830 illud
1888 3777 2115 3831 omnino

517 3877 770 3934 constet,
827 3870 991 3920 talem
1032 3866 1159 3920 eum
1196 3883 1306 3920 non
1362 3883 1521 3932 esse,
1551 3868 1772 3937 qualem
1823 3884 1884 3924 se
1938 3869 2112 3924 videri

517 3961 796 4027 voluerit;
828 3976 931 4013 nec
964 3960 1034 4013 ali
1071 3959 1287 4014 cmlesti
1321 3961 1415 4013 illo
1457 3958 1616 4014 Patre
1652 3960 1909 4024 missum,
1949 3977 2050 4015 nec
2083 3978 2112 4015 a

516 4051 740 4107 Christo
763 4050 1067 4121 quidquam
1097 4050 1399 4120 accepisse.
1442 4048 1578 4103 Nam
1611 4050 1666 4104 in
1710 4048 1945 4104 Domino
1972 4065 2114 4103 rom-

430 4152 442 4162 ‘
516 4145 730 4216 placuit
782 4158 1001 4196 onmem
1062 4140 1461 4210 plenitudinem
1500 4141 1809 4195 divinitatis
1862 4142 2113 4196 habitare

513 4233 949 4304 corporaliter“;
988 4231 1152 4304 513
1183 4240 1237 4286 et
1283 4232 1351 4286 de
1395 4232 1740 4301 plenitudine
1775 4234 1934 4302 ejus,
1987 4250 2114 4305 pro-

516 4326 689 4397 phetae
733 4339 927 4379 omnes
983 4334 1344 4393 acceperunt,
1404 4334 1463 4377 ut
1511 4321 1755 4377 Joannes
1807 4324 2039 4378 aﬁirmat
2068 4325 2107 4377 ⁸.

2223 3226 2371 3287 ἰδεῖν,
2400 3226 2479 3278 ὃτι
2513 3227 2562 3278 οἱ
2597 3226 2740 3293 ἅγιοι
2772 3224 3082 3291 ἀπόστολοι,
3112 3226 3172 3277 τὸ
3204 3224 3558 3295 Παράκλητον
3588 3218 3765 3288 Πνεῦμα

2216 3317 2489 3379 λαϐόντες,
2548 3315 2782 3385 Χριστὸν
2821 3314 3099 3378 ἐδόξασαν.
3150 3307 3319 3377 Οὗτος
3366 3314 3424 3367 δὲ
3474 3316 3501 3367 6
3529 3308 3753 3370 Μοντανδς

2219 3407 2408 3459 ἑαυτὸν
2451 3405 2681 3472 δοξάζει.
2727 3406 2783 3457 ὐ
2836 3405 3041 3476 Κύριος
3089 3405 3180 3458 τὸν
3230 3406 3453 3476 Πατέρα
3503 3400 3647 3455 αὑτοῦ
3681 3399 3762 3451 ὲδό·

2218 3500 2370 3565 ξασε.
2428 3498 2538 3557 Καὶ
2582 3498 2611 3549 ὁ
2665 3497 2869 3568 Κύριος
2911 3497 3073 3550 πάλιν
3127 3499 3155 3549 6
3202 3496 3441 3567 Χριστὸς
3486 3496 3542 3549 τὸ
3585 3490 3759 3561 Πνεῦμα

2218 3592 2456 3655 ὲδόξασε,
2485 3589 2657 3656 λέγων
2692 3588 2821 3641 αὐτὸ
2857 3588 3081 3659 Πνεῦμα
3113 3587 3398 3658 ἀληθείας.
3444 3588 3502 3640 '0
3530 3580 3755 3641 Μοντανὸς

2216 3683 2272 3753 δὲ
2324 3681 2513 3735 ἑαυτὸν
2560 3680 2773 3745 δοξάζει
2831 3680 3010 3752 μόνον,
3053 3680 3146 3733 καὶ
3200 3679 3350 3748 λέγει
3399 3674 3534 3733 εἶναι
3580 3673 3754 3743 Πατέρα

2217 3775 2653 3844 παντοκράτορα,
2681 3774 2774 3827 καὶ
2813 3776 2870 3826 ὲν
2900 3772 3050 3842 αὐτῷ
3085 3773 3397 3843 ὲνοικῆσαν
3431 3772 3516 3824 ἵνα
3542 3764 3757 3835 πανταχό·

2217 3868 2307 3919 θεν
2334 3865 2517 3936 δειχθῇ
2554 3867 2655 3917 οὑκ
2692 3864 2853 3926 αὐτὸς
2884 3862 2979 3926 ὢν,
3012 3862 3134 3915 οὐδὲ
3170 3858 3260 3915 ὑπ’
3291 3862 3504 3915 ἐκείνου
3544 3853 3758 3914 dmoni-

2219 3958 2399 4029 μένος,
2430 3957 2551 4009 οὑδὲ
2589 3958 2716 4029 παρ’
2748 3953 2913 4007 αὑτοῦ
2953 3954 3265 4025 λαμϐάνων.
3308 3954 3400 4006 Ἐν
3432 3953 3538 4024 γὰρ
3578 3948 3644 4018 τῷ
3674 3947 3755 3998 Ku-

2218 4050 2318 4120 ρίῳ
2351 4048 2616 4119 ηὑδόκησε
2651 4048 2758 4099 πᾶν
2802 4046 2863 4099 τὸ
2903 4046 3176 4118 πλήρωμα
3208 4045 3308 4115 τῆς
3343 4046 3586 4115 θεότητος
3613 4054 3753 4094 uarat-

2215 4144 2382 4212 κῆσαι
2418 4139 2773 4210 σωματικῶς·
2809 4139 2904 4192 καὶ
2945 4138 3054 4191 ἀπὸ
3103 4138 3196 4191 τοῦ
3241 4136 3600 4209 πληρώματος
3630 4126 3753 4184 αὑτοῦ

2216 4235 2415 4297 πάντες
2443 4234 2493 4286 οί
2528 4233 2806 4303 προφῆται
2842 4230 3118 4302 εἰλήφασι,
3175 4229 3318 4283 κατὰ
3367 4229 3460 4282 τὸν
3505 4224 3592 4280 τοῦ
3635 4220 3754 4289 ἁγία)

2228 4326 2474 4378 Ἰωάννου
2520 4325 2698 4392 λόγον.
2750 4323 2860 4378 Καὶ
2908 4324 3038 4393 ὁρᾷς
3087 4321 3205 4385 πῶς
3250 4321 3454 4384 πάντες
3497 4319 3542 4371 οί
3584 4308 3754 4368 παλαιοὶ

518 4416 681 4473 Vides
708 4433 842 4472 sane
868 4417 1339 4486 quemadmodum
1367 4415 1650 4470 Christum
1681 4424 1891 4472 veteres
1915 4434 2105 4470 eninrs

2218 4416 2453 4488 Χριστὸν
2514 4415 2911 4486 κατήγγελλον,
2960 4414 3055 4466 καὶ
3106 4415 3159 4467 oi.
3220 4413 3518 4484 μετέπειτα
3570 4400 3756 4505 Χριστὸν

516 4509 888 4581 praedicarim,
921 4520 1036 4562 tum
1070 4507 1163 4577 qui
1203 4515 1396 4577 postea
1437 4508 1613 4561 secuti
1654 4514 1785 4561 sunt
1814 4509 2092 4565 Chrisunn

516 4602 792 4671 praeconio
823 4614 930 4654 suo
959 4608 1013 4653 et
1064 4597 1418 4654 confessione
1451 4597 1806 4654 celebrarint.
1846 4598 1917 4652 At
1952 4599 2097 4654 Mon-

515 4704 683 4750 tanus
711 4690 983 4745 violenter
1014 4690 1238 4758 irrupit,
1280 4688 1576 4742 miriﬁcum
1605 4690 1897 4758 quemdam
1930 4691 2102 4745 homi.

2204 4508 2290 4570 ὲδό
2298 4508 2358 4572 Ea
2366 4524 2481 4560 σαν·
2505 4508 2599 4560 καὶ
2615 4505 2779 4560 αὑτὸν
2796 4507 3173 4577 ὡμολόγησαν.
3191 4505 3470 4563 Μοντανὸς
3481 4502 3533 4555 δὲ
3549 4497 3752 4564 εἰσιὲφρη⁹

2205 4619 2295 4654 σεν
2313 4600 2652 4665 ἐαυτὸν,τινὰ
2670 4599 2862 4667 λέγων,
2876 4600 3023 4661 ὅπως
3032 4597 3237 4667 δειχθῇ,
3254 4597 3335 4649 ὅτι
3358 4594 3481 4648 οὔτε
3497 4582 3752 4654 ἔστινφῦτε

2205 4695 2300 4748 ἀπ’
2349 4694 2517 4747 αὑτοῦ
2587 4692 2944 4756 ἀπέσταλται,
2984 4690 3109 4745 οὔτε
3158 4689 3290 4762 παρ’
3343 4686 3507 4742 αὑτοῦ
3553 4682 3748 4750 εἴληφεν-

510 4796 638 4837 nem
663 4796 724 4836 se
744 4796 868 4836 esse
894 4781 1192 4850 jaetitans;
1226 4790 1286 4835 ut
1307 4779 1390 4835 vel
1418 4779 1523 4833 hoc
1552 4779 1672 4849 ipso
1696 4796 1801 4834 nec
1827 4782 2098 4849 ejusmodi
2130 4799 2276 4851 esse,
2304 4801 2403 4841 nec
2434 4786 2503 4842 ab
2531 4785 2626 4839 illo
2657 4785 2883 4851 missus,
2915 4799 3017 4839 nec
3068 4785 3138 4838 ab
3172 4799 3237 4839 eo
3296 4782 3588 4852 quidquam
3635 4780 3759 4826 ποθ’

511 4878 663 4946 pisse
693 4881 1055 4929 monstretur.

581 4964 763 5030 Pergit
792 4966 1080 5021 Montanus
1112 4964 1299 5020 infelix
1332 4965 1663 5020 homuncio:
1691 4963 1814 5020 Non
1853 4967 2096 5037 angelus,

510 5057 709 5128 inquit,
746 5075 848 5112 non
896 5062 1101 5129 legatus
1147 5059 1379 5126 aliquis;
1416 5057 1507 5111 sed
1537 5067 1736 5128 egomet
1770 5057 1910 5112 Deus
1942 5058 2105 5112 Pater

511 5154 729 5206 accessi.
766 5151 884 5218 Qua
924 5168 1021 5208 sua
1062 5166 1195 5206 voce
1230 5152 1444 5206 alienus
1495 5167 1620 5206 esse
1650 5151 2103 5222 deprehenditur,

509 5245 603 5314 qui
628 5244 907 5300 Christum
955 5244 1183 5299 minime
1231 5242 1621 5313 praedicatione
1650 5259 1751 5299 sua
1788 5245 2105 5298 celebrave-

509 5334 604 5396 rit,
632 5349 795 5403 quem
830 5336 1056 5390 cmleste
1083 5351 1246 5391 omne
1289 5336 1494 5390 donum
1528 5336 1798 5392 divinitus
1839 5336 2100 5391 Ecclesiae

512 5422 774 5476 collatum
836 5440 960 5479 vere
1015 5440 1232 5496 semper
1286 5441 1351 5480 ac
1409 5427 1697 5497 magniﬁce
1760 5428 2098 5498 praedicavit.

512 5509 698 5577 Quare
747 5521 901 5567 extra
936 5531 1137 5586 corpus
1192 5516 1475 5582 Ecclesiae,
1514 5520 1795 5589 totiusque
1847 5520 2100 5586 corporis

511 5609 678 5670 caput
723 5616 849 5655 esse
885 5609 1187 5672 reperietur
1220 5627 1233 5662 :
1267 5623 1367 5663 nec
1413 5624 1538 5664 cum
1575 5612 1689 5676 illo,
1723 5612 1968 5681 inquam,
2017 5625 2105 5665 co-

578 5751 601 5785 ³
628 5751 770 5831 Gen.
805 5751 968 5817 "1,5.
1042 5759 1061 5788 ³
1087 5758 1246 5827 Joan.
1283 5778 1336 5827 v,
1375 5762 1464 5817 45.
1537 5761 1738 5817 ‘Joan.
1770 5779 1883 5831 xvr,
1911 5764 1963 5821 7.

2045 5768 2065 5794 ι
2098 5761 2230 5817 ibid.
2267 5761 2349 5814 H.
2428 5763 2447 5791 δ
2483 5760 2700 5815 Coloss.
2735 5774 2796 5824 tt,
2825 5756 2879 5812 9.

2283 4961 2414 5018 Εἶτα
2441 4964 2601 5018 πάλιν
2628 4962 2760 5033 φησὶ
2782 4961 2844 5014 τὸ
2862 4961 3063 5014 ἐλεινὸν
3082 4959 3464 5032 ἀνθρωπάριον
3494 4953 3745 5016 Μοντανὸςς

2210 5061 2291 5113 ὅτι
2319 5059 2467 5112 Οὔτε
2500 5056 2779 5126 ἅγγελος,
2797 5054 2937 5107 οὔτε
2958 5054 3246 5122 πρέσϐυς,
3266 5052 3425 5106 ἀλλὰ
3450 5052 3557 5120 ἐγὼ
3576 5050 3749 5115 Κύριος

2214 5156 2247 5207 ό
2273 5152 2418 5217 Θεὸς
2456 5148 2660 5217 Πατὴρ
2688 5144 2901 5218 ἦλθον.
2936 5145 3122 5199 Ταῦτα
3143 5145 3200 5197 δὲ
3226 5144 3398 5214 λέγων
3410 5140 3746 5213 φωραθήσεται

2213 5242 2491 5313 ἀλλότριος
2530 5242 2626 5306 ὣν,
2666 5238 2901 5310 Χριστὸν
2935 5238 3010 5309 μὴ
3039 5236 3297 5303 δοξάζων,
3322 5236 3378 5289 ὃν
3420 5236 3523 5288 πᾶν
3549 5232 3747 5303 χάρισμα

2210 5332 2657 5406 ἐκκλησιαστικὸν
2674 5335 2730 5383 ὲν
2754 5316 3050 5400 Ἐκκλησία
3063 5331 3128 5399 τῇ
3146 5327 3276 5398 ἁγίᾳ
3305 5325 3475 5389 δοθὲν,
3491 5327 3543 5377 ἐν
3561 5314 3745 5388 ἀληθείᾳ

2210 5426 2482 5492 ἐδόξασεν.
2541 5422 2913 5494 Εὑρεθήσεται
2957 5420 3066 5490 γὰρ
3129 5419 3285 5481 ἐκτὸς
3356 5412 3489 5469 εἶναι
3540 5411 3744 5479 σώματος

2221 5515 2569 5584 Ἐκκλησίας,
2639 5513 2734 5566 καὶ
2785 5511 3028 5581 κεφαλῆς
3071 5510 3164 5563 τοῦ
3205 5509 3530 5579 σύμπαντος,
3576 5500 3657 5555 καὶ
3685 5495 3741 5567 μὴ

2211 5606 2427 5679 κρατῶν
2442 5607 2540 5677 τὴν
2574 5603 2836 5675 κεφαλὴν,
2873 5603 2942 5668 ἐξ
2973 5598 3172 5673 ἧσπερ
3196 5599 3321 5655 πᾶν
3346 5599 3409 5653 τὸ
3446 5596 3602 5665 σῶμα
3625 5601 3742 5645 συν·

2961 5755 2981 5785 ⁸
3010 5754 3168 5810 Joan.
3201 5770 3237 5817 ι,
3275 5754 3357 5808 16.
3705 5700 3738 5739 κ
