3958 6488
232 413 327 470 875
834 404 1204 461 ADVERSUS
1241 402 1585 459 HAERESES
1611 402 1746 459 LIB.
1782 403 1850 458 ll.
1892 397 2058 457 ΤΟΜ.
2099 399 2141 456 1.
2180 430 2250 439 --—
2284 397 2558 454 HERES.
2600 395 2831 451 XLVIII.
3359 394 3466 453 87⁸»

231 521 729 598 αρμολοιιιούμενον
761 519 953 584 αὔξει,
998 519 1137 573 κατά
1174 517 1234 571 τὸ
1272 515 1677 587 γεγραμμένον.
1729 513 1789 569 ⁸0

1912 530 2100 570 merere
2131 514 2328 583 capite,
2362 528 2426 566 ex-
2454 528 2555 582 quo
2598 521 2765 565 totum
2810 524 2997 578 corpus
3038 518 3465 580 coagmentatum

233 622 330 689 γὰρ
361 614 554 685 Κύριος
604 611 759 683 ἡμῶν
823 611 1030 680 Ἰησοῦς
1080 611 1313 680 Χριστὸς
1354 609 1543 662 ἑαυτὸν
1582 607 1784 672 ἔδειξεν

1912 606 2095 668 τεεεξε,
2145 610 2203 657 ιιι
2248 601 2530 671 Scriptura
2580 601 2826 670 loquitur
2857 600 2897 655 ³.
2935 600 3148 672 Quippe
3196 600 3465 658 Dominus

231 711 385 770 ὅντως
420 703 492 758 ὢν
547 703 675 766 Υἱὸς
712 704 770 756 ὲν
799 702 1047 772 ἀληθείᾳ.
1077 701 1351 763 Μοντανὸς
1380 700 1435 753 δὲ
1472 699 1663 751 ἑαυτὸν
1691 698 1786 751 καὶ

1912 705 2076 751 noster
2112 693 2273 749 Jesus
2315 694 2570 749 Christus
2616 694 2692 746 ita
2739 692 3094 763 semetipsum
3146 693 3462 758 declaravit,

230 799 435 868 Πατέρα
457 796 624 863 λέγει.
1544 776 1567 799 ⁸
1592 867 1595 868 ί

1912 796 2076 836 'evera
2122 789 2181 834 ut
2211 796 2529 851 germanum
2573 796 2697 836 esse
2743 781 2992 839 Parentis
3032 780 3232 837 Filium
3277 792 3468 839 osten-

1882 876 2061 931 deret.
2117 874 2410 931 Montanus
2431 882 2645 942 contra,
2679 875 2763 930 vel
2790 873 3081 931 Parcntem
3113 891 3173 932 se
3201 891 3325 932 esse
3350 879 3470 948 glo-

1886 968 2082 1021 tiatur.

288 1064 385 1118 'lB’.
416 1062 538 1125 Πῶς
592 1062 790 1125 τοίνυν,
820 1056 865 1115 ὦ
912 1062 1141 1133 Φρύγες,
1183 1065 1314 1133 ἡμῖν
1366 1062 1525 1115 πάλιν
1583 1064 1785 1117 ἐπανα-

231 1157 438 1219 στάντες
472 1155 739 1225 πολέμιοι,
779 1156 873 1207 καὶ
911 1154 1328 1225 μεμορφωμένοι
1368 1157 1446 1218 είς
1472 1153 1788 1225 Χριστιανι-

226 1247 320 1317 κῆν
336 1246 634 1317 ἐπίκλησιν,
661 1245 948 1315 βαρϐάρων
963 1246 1018 1297 δὲ
1036 1247 1440 1317 ἐπανῃρημένοι
1461 1249 1664 1317 μάχην,
1693 1248 1788 1302 καὶ

226 1337 538 1409 τὼνΤρὼων
565 1338 658 1391 καὶ
679 1337 905 1407 Φρυγῶν
935 1338 1259 1409 μιμούμενοι
1283 1339 1344 1390 τὸ
1371 1338 1649 1409 πολέμιον,
1675 1338 1791 1402 πῶς

229 1430 522 1500 πεισθῶμεν
581 1430 730 1498 ὑμῖν,
762 1431 977 1499 λέγουσι
1016 1429 1103 1483 διὰ
1145 1431 1461 1501 χαρίσματα
1492 1430 1787 1498 ἀφεστάναι

226 1523 314 1591 τῆς
347 1521 694 1593 Ἑκκλησίας;
731 1522 927 1575 Οὐκέτι
958 1522 1066 1593 γὰρ
1096 1523 1412 1593 χαρίσματα
1437 1521 1521 1592 εἴη
1555 1521 1623 1574 τὰ
1649 1522 1776 1575 ἁλλό

221 1628 341 1681 τρια
372 1611 725 1681 χαρισμάτων
753 1612 899 1674 ὄντα,
928 1613 1022 1665 καὶ
1056 1612 1205 1681 παρά
1234 1611 1323 1664 τὸν
1357 1610 1794 1682 χαρακτῆρα’τὸν

228 1702 325 1757 ὑπὸ
339 1703 540 1774 Κυρίου
570 1704 995 1774 ὑπισχνούμενα,
1028 1703 1102 1765 ὡς
1125 1706 1172 1755 οἱ
1195 1702 1315 1755 καθ’
1353 1704 1495 1772 ὑμᾶς
1524 1704 1797 1773 προφῆται

227 1792 480 1860 λέγουσιν.
540 1794 832 1862 Εἱσάγεται
863 1795 879 1825 ³
928 1796 1059 1864 ἡμῖν
1092 1793 1255 1846 πάλιν
1291 1794 1386 1846 καὶ
1417 1793 1759 1863 Μαξιμίλλαν
1779 1811 1794 1824 ·

1960 1059 2073 1112 th.
2112 1058 2245 1125 Quae
2274 1074 2399 1115 cum
2426 1060 2502 1114 ita
2525 1062 2657 1125 sint,
2689 1076 2799 1131 quo
2828 1061 3043 1116 tandem
3077 1069 3255 1132 pacto,
3293 1061 3469 1132 Phry—

1892 1166 2006 1221 ges,
2034 1152 2126 1220 qui
2147 1160 2338 1206 contra
2371 1168 2474 1208 nos
2508 1155 2632 1208 novi
2661 1154 2855 1208 iterum
2886 1154 3071 1209 hostes
3110 1154 3465 1224 consurgitis,

1891 1254 1945 1298 et
1978 1252 2203 1299 externa
2234 1245 2470 1315 quadam
2508 1247 2692 1316 specie
2741 1248 3113 1302 Christianum
3161 1247 3228 1302 ad
3268 1265 3467 1304 nomen

1893 1335 2272 1405 usurpandum
2312 1337 2576 1403 illuditis;
2623 1354 2687 1392 ac
2717 1340 3080 1409 Trojanorum
3113 1346 3160 1395 et
3193 1339 3469 1411 Phrygum

1895 1428 2092 1482 hostile
2125 1428 2180 1483 in
2223 1442 2325 1482 nos
2356 1429 2541 1483 odium
2581 1430 2904 1484 imitamini:
2934 1433 3029 1500 qui
3064 1446 3186 1496 nos,
3222 1430 3468 1501 inquam,

1896 1518 2111 1572 habere
2154 1518 2313 1573 ﬁdem
2368 1520 2523 1573 vobis
2585 1534 2899 1588 possumus,
2936 1536 3061 1573 cum
3111 1521 3182 1574 ob
3231 1522 3472 1581 coelestia

1896 1603 2038 1657 dona
2056 1619 2154 1659 vos
2180 1605 2248 1659 ab
2280 1605 2524 1661 Ecclesia
2550 1604 2875 1661 discessisse
2901 1607 3163 1675 jactatis?
3183 1607 3300 1662 Non
3328 1610 3472 1664 enim

1898 1696 2144 1750 caelestia
2177 1712 2301 1752 esse
2330 1697 2473 1752 dona
2508 1709 2760 1766 possunt,
2789 1715 2910 1768 quae
2937 1709 3221 1771 tantopere
3252 1708 3380 1758 sunt
3407 1702 3476 1755 ab

1898 1788 2170 1857 ejusmodi
2199 1788 2360 1844 donis
2388 1789 2599 1853 aliena;
2631 1806 2861 1859 quzeque
2886 1799 3083 1860 praeter
3105 1793 3413 1847 institutam
3445 1808 3477 1846 a

222 1885 313 1937 καὶ
334 1886 439 1957 γὰρ
467 1870 562 1939 καλ
588 1886 655 1938 τὰ
675 1887 913 1955 ὀνόματα
940 1888 970 1955 ἡ
981 1884 1095 1954 μῶν
1114 1884 1483 1955 διηλλαγμένα
1511 1885 1605 1937 καὶ
1635 1884 1793 1952 φοϐε-

1912 1879 2127 1933 Domino
2150 1880 2476 1946 formam,ac
2496 1883 2763 1936 rationem
2786 1885 3096 1947 ostenditis,
3119 1885 3479 1953 quemadmo-

229 1974 449 2044 ρώτατα,
475 1977 571 2030 καὶ
594 1976 718 2029 οὗτε
743 1976 1012 2045 προσηνές
1032 1993 1083 2027 τι
1115 1976 1208 2028 καὶ
1231 1975 1565 2043 γλυκύτατον
1586 1974 1798 2045 ἔχοντα,

226 2065 352 2119 ἀλλὰ
366 2067 558 2137 ἄγριον
591 2068 686 2121 καὶ
709 2066 1061 2138 βαρϐαρικόν.
1094 2066 1270 2129 Εὐθὺς
1299 2067 1408 2137 γὰρ
1446 2066 1581 2137 αῦτη
1612 2068 1645 2136 ἠ
1684 2067 1803 2118 Μα-

224 2156 483 2229 ξιμίλλαή
520 2158 672 2229 παρὰ
699 2161 808 2220 τοῖς
830 2158 1088 2221 τοιούτοις
1114 2157 1254 2211 κατά
1290 2158 1508 2227 Φρύγας
1530 2157 1670 2210 οὕτω
1704 2174 1803 2209 κα-

225 2248 515 2320 λουμένοις,
564 2250 853 2316 ἀκούσατε,
895 2245 940 2302 ὦ
989 2251 1179 2313 παῖδες
1217 2249 1479 2320 Χριστοῦ,
1519 2249 1571 2302 τί
1609 2248 1757 2316 λέγει
1781 2265 1797 2280 ο

237 2338 405 2408 Ἐμοῦ
446 2341 537 2411 μὴ
594 2342 915 2409 ἀκούσητε,
955 2342 1117 2396 ἀλλὰ
1173 2341 1430 2408 Χριστοῦ
1475 2342 1797 2396 ἀκούσατε.

225 2431 327 2485 Καὶ
359 2436 416 2486 ὲν
454 2429 539 2497 οἷς
593 2433 738 2500 ἔδοξε
797 2434 1032 2504 Χριστὸν
1071 2432 1313 2499 δοξάζειν
1343 2432 1706 2501 πεπλάνηται.
1735 2431 1800 2485 Ei

224 2522 324 2593 γὰρ
348 2519 413 2594 ἦν
432 2523 528 2577 τοῦ
552 2524 809 2595 Χριστοῦ,
837 2525 1021 2591 ἔλεγεν
1042 2524 1107 2577 ἂν
1135 2523 1277 2576 κατὰ
1296 2524 1424 2585 τοὺς
1449 2523 1637 2591 ἁγίους
1665 2521 1803 2575 ἀπο·

225 2615 451 2681 στόλους,
500 2617 581 2679 ὡς
622 2616 852 2679 ἕκαστος
888 2617 1075 2683 λέγει·
1111 2617 1314 2687 Πέτρος
1353 2617 1449 2686 μὲν
1478 2615 1692 2687 πρῶτος
1717 2615 1807 2669 λέ-

224 2720 326 2773 γων
343 2745 358 2770 ,
389 2707 469 2760 ὅτι
496 2707 700 2775 Ἡμεῖς
730 2709 865 2775 παρ’
890 2707 1077 2760 αὑτοῦ
1105 2708 1456 2775 ἠκούσαμεν
1478 2723 1490 2737 '
1514 2708 1608 2761 καὶ
1636 2706 1804 2762 αὑτοῦ

222 2799 306 2851 τοῦ
370 2801 585 2871 Κυρίου
634 2801 921 2867 λέγοντος·
1004 2801 1066 2853 '0
1121 2799 1288 2868 ὑμῶν
1342 2800 1597 2864 ἁκούων,
1657 2801 1803 2871 ἐμοῦ

222 2888 416 2943 ἀκούει
442 2907 456 2921 ·
491 2891 591 2944 καὶ
632 2889 727 2942 τοῦ
763 2889 976 2943 Παύλου
1029 2890 1312 2957 λέγοντοςο
1371 2891 1631 2957 Mettum!
1685 2908 1803 2958 μου

222 2980 476 3046 γίνεσθε,
541 2982 738 3046 καθὼς
768 2981 927 3049 κάγὼ
956 2980 1234 3050 Χριστοῦ.
1278 2981 1426 3051 Αὕτη
1463 2981 1521 3035 δὲ
1550 2982 1804 3052 ἀληθεύει

220 3072 543 3144 ψευδομένη,
603 3074 693 3126 καὶ
754 3074 826 3144 μὴ
856 3072 1175 3143 βουλομένη.
1201 3073 1398 3137 Καλῶς
1423 3074 1479 3126 δὲ
1516 3073 1664 3140 λέγει
1702 3074 1805 3142 φά-

223 3179 438 3231 σκουσα,
469 3164 639 3220 ἀλλὰ
678 3166 953 3234 Χριστοῦ.
990 3165 1259 3227 Πολλάκις
1285 3164 1392 3237 γὰρ
1418 3165 1487 3218 τά
1520 3165 1805 3236 ἀκάθαρτα

1901 1971 2029 2024 dum
2064 1972 2339 2040 prephetae
2374 1974 2539 2026 vestri
2572 1973 2918 2043 proﬁtentur.
2981 1973 3087 2029 Sed
3122 1975 3476 2030 Maximillam

1896 2066 2087 2119 nescio
2122 2080 2285 2135 quam
2314 2067 2472 2122 nobis
2509 2067 2802 2122 obtruditis
2846 2069 3086 2138 :quippe
3125 2070 3208 2123 vel
3235 2070 3350 2139 ipsa
3388 2085 3481 2123 no-

1900 2155 2049 2209 mina
2090 2165 2272 2211 vestra
2323 2173 2353 2211 a
2389 2160 2668 2212 communi
2713 2176 2816 2214 usu
2864 2168 3074 2215 remota
3127 2169 3273 2225 sunt,
3309 2168 3362 2214 et
3410 2162 3479 2214 ad

1901 2255 2163 2302 terrorem
2217 2250 2552 2320 composita;
2608 2267 2784 2320 neque
2839 2253 2969 2306 mite
3018 2253 3315 2323 quidquam
3371 2253 3479 2307 illis

1902 2340 2063 2407 inest,
2093 2350 2184 2393 aut
2228 2342 2579 2410 jucundum:
2617 2345 2711 2399 sed
2773 2345 3090 2409 barbarum,
3135 2353 3188 2399 et
3242 2354 3477 2416 agreste.

1903 2429 2027 2485 llaec
2073 2434 2236 2501 igitur
2286 2433 2603 2498 Maximilla,
2645 2451 2806 2505 quam
2855 2436 3096 2508 Phryges
3149 2438 3237 2491 isti
3284 2437 3481 2507 ιιι-πῖ(ιί-

1905 2531 2051 2589 cant,
2078 2525 2280 2587 audite,
2313 2525 2515 2579 Christi
2555 2527 2669 2588 lilii,
2700 2529 3161 2597 quemadmodum
3194 2529 3435 2599 loquitur
3465 2548 3480 2584 :

1906 2610 1994 2668 He
2026 2614 2234 2684 quidem
2262 2633 2365 2669 non
2396 2618 2595 2681 audite,
2626 2618 2715 2672 sed
2744 2618 3013 2673 Christum
3047 2620 3243 2673 audite.
3272 2620 3483 2685 Quibus

1905 2707 2106 2771 verbis,
2136 2707 2260 2761 licet
2301 2707 2521 2762 Christo
2550 2710 2812 2764 honorem
2848 2711 3048 2765 habere
3094 2712 3362 2774 videatur,
3390 2713 3486 2765 iis-

1905 2796 2027 2851 dem
2052 2805 2232 2851 tamen
2260 2798 2393 2867 ipsis
2421 2814 2662 2853 errorem
2692 2816 2849 2854 suum
2879 2801 3241 2855 demonstrat.
3278 2800 3410 2854 Nam
3436 2802 3486 2856 si

1905 2887 2106 2943 Christi
2149 2887 2307 2954 foret,
2336 2890 2581 2944 eamdem
2614 2892 2668 2944 in
2702 2892 2973 2962 loquendo
3011 2893 3295 2947 formulam
3327 2893 3485 2947 adhi-

1907 2978 2080 3044 beret,
2139 2995 2244 3049 qua
2296 2982 2526 3050 apostoli
2587 2998 2777 3036 omnes
2831 2984 3148 3054 singillatim
3196 2986 3280 3040 usi
3338 2997 3484 3042 sunt.

1908 3069 2164 3140 Inprimis
2198 3070 2392 3127 Petrus
2420 3092 2432 3126 :
2480 3071 2618 3134 Nos,
2650 3073 2845 3144 inquit,
2878 3079 2940 3127 ab
2983 3076 3077 3129 illo
3114 3077 3410 3131 audivimus
3435 3079 3483 3131 δ.
3537 3128 3543 3133 .

1912 3164 2017 3218 Sed
2048 3173 2101 3219 et
2130 3165 2391 3221 Dominus
2440 3167 2557 3235 ipse
2586 3167 2723 3221 dixit
2752 3187 2765 3224 :
2804 3168 2907 3233 Qui
2953 3183 3023 3230 var
3100 3169 3246 3234 adit,
3287 3187 3367 3223 me
3392 3187 3491 3222 au-

222 3253 501 3324 πνεύματα
559 3255 928 3324 ἀναγκάζεται
979 3244 1146 3310 ἑαυτά
1188 3256 1492 3328 καθαιρεῖν,
1544 3256 1644 3332 οὐκ
1681 3256 1805 3310 ὄντα

1912 3256 1989 3309 dit
2018 3258 2060 3310 ⁸.
2105 3256 2307 3313 Paulus
2334 3260 2460 3313 item
2489 3279 2502 3314 :
2534 3258 2838 3315 Imitatores
2881 3263 2981 3314 mei
3031 3270 3211 3328 estote,
3259 3263 3396 3315 sicut
3438 3271 3491 3315 et

218 3345 311 3413 τῆς
356 3346 645 3418 ἀληθείας,
698 3349 790 3401 καὶ
843 3348 1163 3417 ὑποφαίνειν
1213 3347 1305 3400 τὸν
1357 3348 1562 3418 Κύριον
1601 3347 1802 3413 αὐτῶν,

224 3432 456 3503 θέλοντα,
489 3439 592 3491 καὶ
623 3438 695 3508 μὴ
727 3438 965 3505 θέλοντα,
993 3440 1060 3492 δι’
1087 3439 1330 3509 ἀνάγκην
1348 3457 1360 3469 ·
1391 3440 1466 3503 ὡς
1490 3441 1522 3509 ή
1546 3440 1802 3511 παιδίσκη

221 3526 252 3595 ή
281 3526 476 3598 ἔχουσα
506 3530 731 3599 πνεῦμα
763 3531 1016 3595 Πύθωνος
1049 3532 1232 3599 ἔλεγεν
1255 3548 1270 3563 ·
1300 3526 1475 3586 Οὗτοι
1497 3536 1550 3585 οἱ
1586 3531 1807 3599 ἅνθρω-

222 3629 315 3669 ποι
360 3621 467 3674 τοῦ
498 3623 653 3675 Θεοῦ
704 3621 911 3676 δοῦλοι
936 3622 1042 3675 τοῦ
1112 3623 1381 3689 ὑψίστου
1410 3624 1558 3676 εὶσί’
1590 3623 1686 3676 καὶ
1723 3625 1804 3687 τὸ,

224 3707 289 3761 Τί
316 3711 503 3779 ἦλθες
536 3714 652 3780 πρὸ
698 3715 904 3782 καιροῦ
949 3715 1464 3785 ,ϐιισανίσαιὴμιῖς
1486 3733 1506 3781 ;
1555 3716 1810 3786 Οἴδαμέν

218 3815 291 3853 σε
316 3804 409 3871 τίς
439 3802 516 3871 εἷ,
550 3808 586 3859 ό
614 3805 803 3875 Ἄγιος
830 3807 936 3861 τοῦ
966 3806 1114 3861 Θεοῦ
1136 3826 1148 3839 ·
1177 3806 1251 3870 ὡς
1277 3807 1372 3860 καὶ
1400 3807 1536 3879 αὕτη
1571 3809 1810 3878 ἀναγκα-

215 3890 416 3964 ζομένη
445 3895 642 3963 ἔλεγεν
667 3896 836 3965 αὐτῆς
867 3898 941 3968 μὴ
976 3896 1215 3964 ἀκούειν,
1246 3897 1381 3951 ἀλλά
1406 3898 1666 3968 Χριστοῦ.

218 3979 337 4046 Quo
388 3996 442 4042 et
493 3987 635 4041 illud
675 3988 911 4056 pertinet
956 4007 968 4042 :
1007 3988 1117 4041 Cur
1166 3989 1351 4042 venisti
1403 3997 1524 4043 ante
1582 3998 1780 4056 tempus
1834 3996 2072 4056 torquere
2118 3989 2258 4042 nos?
2296 3985 2552 4039 Nouimus
2596 3987 2687 4055 qui
2736 3989 2809 4041 eis
2850 4003 2870 4041 :

1911 3364 2003 3417 ego
2038 3347 2239 3402 Christi
2270 3350 2308 3402 ".
2360 3350 2429 3404 At
2478 3351 2568 3406 illa
2606 3352 2917 3408 mentiendo
2948 3354 3032 3406 vel
3083 3354 3252 3408 invita
3300 3370 3489 3408 verum

1912 3438 2086 3491 dicit:
2131 3438 2295 3511 414.
2340 3449 2595 3512 recteque
2635 3443 2783 3498 istud
2828 3444 3035 3513 adjicit,
3076 3444 3166 3499 sed
3197 3444 3487 3500 Christum.

1918 3526 2071 3597 Smpe
2118 3531 2261 3583 enim
2315 3530 2513 3600 impuri
2568 3534 2794 3603 spiritus
2841 3536 3164 3606 semetipsos
3221 3545 3495 3608 coguntur

1916 3628 2181 3687 evertere,
2210 3636 2334 3675 cum
2366 3638 2395 3675 a
2424 3625 2652 3679 veritate
2698 3627 3046 3691 abhorreant,
3092 3643 3156 3682 ac
3203 3627 3491 3683 Dominum

1918 3730 2101 3778 suum,
2137 3715 2307 3769 velint
2337 3716 2533 3780 nolint,
2573 3720 2888 3773 necessario
2944 3721 3240 3776 declarant.
3290 3720 3497 3787 Quem-

1918 3805 2208 3859 admodum
2266 3807 2443 3874 puella
2504 3808 2594 3861 illa
2663 3809 2962 3879 Pythonico
3014 3810 3212 3880 spiritu
3269 3811 3496 3881 praedita

1918 3898 2229 3951 clamabat:
2262 3898 2515 3951 Homines
2560 3898 2650 3951 isti
2690 3898 2785 3951 Dei
2830 3899 3083 3953 altissimi
3114 3904 3250 3955 servi
3281 3912 3404 3956 sunt
3451 3904 3494 3954 ⁷.

2923 3987 3155 4043 Sanctus
3203 3989 3301 4043 Dei
3329 3993 3369 4043 ⁸.
3421 3990 3498 4045 Ita

219 4074 517 4133 Maximilla
579 4079 628 4131 vi
674 4077 910 4146 quadam
964 4078 1199 4146 impulsa
1250 4079 1424 4131 audiri
1475 4093 1534 4133 se
1588 4078 1813 4158 minime
1836 4076 1974 4140 vult,
2012 4075 2107 4130 sed
2134 4076 2435 4129 Christum.

289 4169 413 4233 Πῶς
435 4164 534 4223 οὖν
568 4167 725 4221 τοῦτο
760 4170 810 4220 οἱ
836 4168 962 4241 παρ’
987 4168 1157 4231 αὐτῆς
1194 4168 1511 4237 ἀκηκοότες,
1548 4168 1642 4220 καὶ
1671 4166 1808 4237 αὐτῇ

220 4257 677 4319 πεπιστευκότες,
715 4256 991 4325 βούλονται
1014 4256 1182 4326 αὐτῆς
1211 4256 1451 4321 ἀκούειν,
1480 4258 1609 4326 παρ’
1644 4256 1814 4326 αὐτῆς

222 4350 489 4418 μαθόντες
527 4349 607 4422 μὴ
642 4350 810 4419 αὐτῆς
845 4347 1086 4413 ἀκούειν,
1130 4346 1266 4402 ἀλλά
1302 4348 1506 4419 Κυρίου
1528 4364 1542 4412 ;
1566 4348 1676 4400 Kal.
1704 4347 1813 4418 γὰρ

216 4439 437 4510 ἀληθῶς
466 4440 693 4508 ἐπίγεια
716 4439 1092 4509 φθεγγομένης
1117 4440 1306 4509 αὐτῆς,
1344 4440 1393 4491 εἰ
1416 4439 1597 4509 παρῆν
1631 4439 1816 4501 αὐτοῖς

220 4533 462 4600 σύνεσις,
490 4535 598 4586 οὐκ
627 4533 731 4585 ἔδει
777 4533 948 4604 αὐτὴν
982 4532 1291 4587 ἀκούεσθαι.
1323 4535 1432 4586 Καὶ
1459 4534 1533 4603 μὴ
1563 4532 1708 4601 λέγε,
1733 4533 1815 4585 ὅτι

222 4624 656 4696 παρηκολούθει.
678 4624 749 4676 Ού
768 4623 876 4694 γὰρ
898 4623 1428 4694 παρακολουθοῦντός
1450 4625 1566 4677 ἐστι
1592 4624 1654 4677 τὸ
1671 4624 1819 4678 διδά-

221 4731 395 4781 σκειν,
421 4718 522 4770 καὶ
553 4715 745 4769 ἑαυτὸν
766 4716 1112 4787 ἀνατρέπειν.
1148 4717 1211 4768 Ei
1237 4715 1344 4786 γὰρ
1371 4715 1506 4778 ὅλως
1537 4715 1817 4784 λέγει,Μὴ

218 4809 479 4863 ἀκούετέ
497 4826 647 4881 μου,
682 4810 831 4860 ποῖον
855 4804 922 4878 ἦν
942 4808 1001 4860 τὸ
1029 4806 1252 4879 Πνεῦμα
1272 4807 1332 4859 τὸ
1350 4806 1542 4860 λαλοῦν
1568 4809 1625 4859 ὲν
1644 4807 1781 4877 αὐτῇ
1805 4825 1819 4873 ;

219 4901 281 4954 El.
317 4902 465 4973 αὐτὴ
507 4901 719 4967 ἔλεγεν,
765 4899 798 4969 ἢ
835 4902 853 4929 ¹
886 4898 1192 4970 ἄνθρωπος,
1219 4899 1326 4970 ἄρα
1349 4900 1448 4951 οὐκ
1477 4894 1545 4969 ἦν
1566 4900 1624 4951 ἐν
1653 4897 1821 4951 Πνεύ⁴

221 5011 356 5061 ματι
376 4993 554 5062 ἁγίῳ.
597 4992 661 5044 Ἠ
680 4990 790 5061 γάρ
817 4990 1072 5057 λέγουσα,
1103 4991 1199 5057 Μὴ
1214 4989 1467 5047 ἀκούετέ
1489 5007 1630 5057 μου,
1664 4988 1823 5058 δῆλον

216 5084 276 5136 τὸ
309 5084 669 5157 ἀνθρώπινον
708 5082 883 5150 ἔλεγε,
913 5082 1006 5134 καὶ
1037 5077 1232 5150 ούκνῆν
1275 5083 1331 5133 ἐν
1355 5079 1633 5149 Πνεύμοιτι
1656 5081 1819 5150 ἁγίῳ.

229 5176 294 5228 Ἡ
323 5178 383 5231 δὲ
403 5178 484 5248 μὴ
508 5173 647 5230 οῦσα
673 5178 730 5229 ἐν
748 5173 1025 5244 Πνεύματι
1060 5172 1196 5243 ἁγίῳ
1222 5171 1450 5235 ἄνωθεν,
1476 5168 1608 5225 οὖσα
1642 5172 1698 5224 δὲ
1724 5170 1818 5224 τοῦ

217 5271 586 5343 ἀνθρωπίνου
637 5255 1004 5343 φρονήματος,
1054 5267 1204 5320 οὐδὲν
1243 5264 1527 5332 ἐγίνωσκε.
1576 5264 1688 5317 Καὶ
1721 5265 1819 5317 οὐκ

1989 4164 2094 4230 Qui
2142 4166 2306 4235 igitur
2340 4166 2443 4219 hoc
2473 4164 2542 4219 ab
2588 4165 2678 4218 illa
2715 4167 3009 4232 audierint,
3045 4168 3205 4239 eique
3250 4171 3498 4227 credide-

1920 4253 2052 4317 rint,
2103 4268 2204 4307 cur
2250 4269 2371 4307 eam
2419 4254 2627 4309 diutius
2682 4256 2930 4321 audiunt,
2968 4271 3092 4311 cum
3134 4274 3243 4312 non
3295 4260 3493 4329 ipsam,

1923 4346 2019 4399 sed
2041 4345 2320 4401 Christum
2345 4344 2677 4400 audiendum
2705 4347 2775 4401 ab
2799 4348 3003 4403 illamet
3027 4350 3142 4419 ipsa
3169 4350 3503 4408 didicerint?

1923 4436 1988 4490 Et
2020 4452 2150 4492 vero
2194 4452 2317 4492 cum
2357 4438 2577 4493 nonnisi
2628 4446 2845 4494 terrena
2888 4440 3135 4508 qiimdam
3168 4440 3400 4507 ell‘utiat,
3455 4446 3502 4499 si

1923 4530 2066 4584 ullus
2097 4529 2152 4582 in
2178 4528 2260 4584 eis
2284 4544 2480 4585 sensus
2510 4531 2738 4597 inesset,
2763 4532 2951 4587 audire
2978 4532 3124 4586 illam
3156 4549 3501 4605 nequaquam

1920 4629 2219 4691 oporteret.
2268 4621 2377 4677 Nec
2408 4631 2493 4677 est
2523 4623 2667 4693 quod
2707 4624 2938 4693 obiicias
2988 4624 3129 4679 hanc
3171 4625 3506 4682 intellexisse

1922 4713 2054 4782 quid
2114 4713 2341 4767 diceret.
2378 4713 2500 4767 Non
2536 4715 2680 4767 enim
2741 4713 3093 4784 intelligentis
3147 4731 3268 4771 esse
3328 4727 3509 4787 potest

1923 4813 2113 4860 contra
2166 4821 2226 4861 se
2269 4811 2468 4861 docere
2525 4806 2754 4876 aliquid,
2811 4820 2876 4861 ac
2912 4807 3017 4860 sibi
3065 4806 3170 4876 ipsi
3222 4809 3505 4879 refragari.

1922 4897 2058 4952 Nam
2091 4900 2137 4953 si
2169 4901 2396 4953 omnino
2425 4899 2500 4952 ita
2530 4899 2777 4968 loquitur
2810 4918 2823 4953 :
2860 4898 2943 4952 Ne
2977 4916 3057 4952 me
3085 4901 3343 4967 auditote,
3372 4917 3509 4970 qua-

1929 4992 2130 5046 lisnam
2188 4992 2277 5045 hic
2328 4994 2420 5063 qui
2479 4993 2532 5046 in
2579 5008 2642 5048 ea
2703 4993 3028 5062 loquebatur
3087 4994 3314 5062 spiritus
3366 4992 3511 5047 fuit?

1931 5082 2086 5147 Quod
2120 5083 2165 5136 si
2199 5098 2297 5152 per
2328 5098 2450 5137 sese
2474 5084 2591 5153 ipsa
2622 5092 2895 5153 quatenus
2923 5083 3089 5137 homo
3111 5091 3249 5148 erat,
3278 5084 3352 5137 ita
3383 5100 3509 5154 pro-

1927 5175 2226 5237 nuntiavit,
2262 5188 2371 5227 non
2406 5174 2576 5243 igitur
2601 5171 2849 5243 Spiritus
2874 5188 2993 5229 eam
3024 5184 3250 5228 sanctus
3290 5174 3509 5228 amave-

1929 5275 2034 5323 rat.
2077 5268 2210 5332 Quaa
2237 5268 2381 5321 enim
2408 5266 2586 5321 audiri
2620 5281 2679 5322 se
2713 5265 2985 5335 prohibet,
3019 5265 3317 5317 humanum
3350 5265 3503 5335 quid-

218 5360 290 5436 ἦν
321 5366 439 5437 ἄρα
470 5363 706 5433 Πνεῦμα
754 5360 932 5430 ἅγιον,
982 5359 1119 5413 ἀλλά
1159 5357 1486 5429 ἀνθρωπίνῳ
1518 5357 1803 5428 φρονήματ

1928 5361 2053 5415 dam
2088 5361 2280 5430 procul
2342 5359 2510 5414 dubio
2558 5360 2854 5430 signiﬁcat,
2894 5371 2996 5412 nec
3044 5357 3285 5426 impulsu
3335 5356 3510 5411 sancti

218 5456 408 5510 ἐλάλει
461 5454 567 5508 καὶ
601 5453 918 5523 ἐφθέγγετο.
963 5450 1027 5503 Ei
1055 5450 1111 5503 δὲ
1159 5447 1435 5517 Πνεύματι
1469 5446 1609 5516 ἁγίῳ
1652 5447 1805 5501 ὲλάλε

1932 5447 2174 5517 Spiritus
2230 5451 2431 5520 agitur.
2491 5449 2658 5504 Porro
2718 5465 2840 5520 qua;
2889 5448 3109 5503 emlitus
3158 5448 3358 5502 hausto
3419 5447 3512 5500 illo

218 5551 315 5604 καὶ
359 5549 739 5619 προεφήτευε,
780 5548 933 5599 ποῖον
966 5543 1074 5614 ἄρα
1101 5538 1169 5613 ἦν
1205 5541 1264 5593 τὸ
1312 5538 1536 5611 Πνεῦμα
1564 5539 1623 5592 τὸ
1653 5539 1829 5607 ἅγιον,

299 5727 314 5757 ⁹
351 5724 416 5779 F.
454 5722 738 5794 2276327515.
816 5723 836 5754 ²
1107 5721 1128 5753 ³
1157 5720 1371 5777 Coloss.
1412 5735 1472 5787 ιι,
1518 5718 1599 5774 19.
1677 5718 1700 5748 ⁸
1729 5718 1804 5773 Ac

1919 5732 1971 5787 v,
2013 5720 2104 5775 20.
2182 5720 2202 5750 ⁵
2236 5719 2369 5775 Luc.
2408 5736 2461 5787 χ,
2500 5720 2586 5775 l6.
2667 5722 2687 5753 θ
2722 5719 2740 5773 l
2779 5719 2908 5782 Cor.
2942 5734 3020 5784 xi,
3057 5719 3108 5771 l.

222 5796 317 5851 l6.
386 5796 440 5873 _‘
467 5793 672 5847 Matth.
698 5808 820 5858 vm,
851 5793 930 5847 ευ.

435 5890 726 5953 ΡΑτιιοι.
767 5889 882 5950 Gn.
928 5886 1093 5949 XLI.

1791 5948 1824 5966 κ

1934 5538 2144 5609 Spiritu
2194 5542 2421 5595 minime
2468 5541 2798 5606 ducebatur,
2836 5539 2933 5594 sed
2968 5539 3208 5592 humana
3245 5539 3517 5595 duntaxat

3187 5717 3207 5749 ⁷
3237 5716 3369 5769 Act.
3399 5728 3513 5779 nn,

3125 5873 3205 5933 28
