3958 6452
582 385 690 443 £75
1990 380 2055 440 S.
2098 379 2145 437 Ε

2163 378 2445 437 ἓΙΡῙΙλΝῙΙ
2888 392 2895 401 ‘
3651 392 3726 452 87c}

587 496 872 571 rapientia,
903 504 1128 553 noverat
1156 493 1465 551 nihiL'Non
1495 505 1612 551 erat
1648 495 1815 567 igitur
1850 495 1905 550 in
1938 509 2004 551 ea
2028 494 2150 566 Spi-

2182 502 2227 558 Α
2255 495 2317 548 τὸ
2365 493 2542 562 λέγον,
2602 493 2765 565 Ἐμοῦ
2805 492 2881 567 μὴ
2929 493 3185 564 enode-te;
3235 494 3346 551 Καὶ
3372 496 3521 569 πολλὴ
3556 500 3646 554 ἐστι
3674 502 3740 567 τῆς

581 592 720 647 ritus
752 598 999 653 sanctus,
1041 589 1136 644 sed
1184 589 1443 655 humana,
1491 596 1548 643 ut
1578 587 1716 650 dixi,
1751 587 2018 658 sapientia
2038 586 2144 641 uni-

2266 586 2482 656 ἀπάτης
2524 588 2559 656 ὴ
2591 584 2883 656 τύφλωσις,
2920 588 3012 641 καὶ
3044 588 3218 659 μέγας
3252 590 3395 644 ἐστὶν
3421 593 3446 644 6
3466 590 3546 645 τοῦ
3561 590 3667 645 Θεοῦ
3684 593 3743 648 λ(-

581 697 738 737 versa
777 680 1188 751 pronuntiabat.
1230 680 1447 749 Alioqui
1484 680 1532 735 si
1585 679 1763 734 sancti
1815 678 2056 749 Spiritus
2090 680 2144 733 lo

2263 693 2382 745 γος,
2419 677 2448 728 6
2496 676 2639 730 κατά
2690 677 2870 731 πάντα
2906 680 3107 751 τρόπον
3148 682 3299 751 ἡμᾶς
3328 681 3603 748 συνετίζων,
3627 685 3688 745 εἰς
3706 685 3747 738 τι

580 782 843 840 queretur
890 785 953 824 ac
985 770 1383 824 vaticinaretur
1431 770 1721 837 instinctu,
1772 769 1898 839 quis
1933 768 2023 823 ille
2066 767 2143 823 de-

2265 756 2461 823 εἰδέναι
2496 772 2621 822 ποῖα
2650 770 2718 824 τὰ
2746 773 2809 824 ἐκ
2833 770 2928 824 τοῦ
2976 771 3290 842 Πθεύματος
3316 766 3406 826 τοῦ
3431 774 3564 841 ἁγίου
3582 774 3747 845 λελαλη-

580 878 725 916 mnm
761 864 989 931 spiritus
1014 861 1248 925 exstitit,
1288 861 1380 931 qui
1419 860 1600 916 audiri
1643 875 1701 915 se
1731 860 1936 915 nollet?
1969 858 2143 929 Magn:

2267 860 2424 930 μένα,
2459 859 2533 932 πὴ
2566 860 2664 932 μὲν
2695 862 2760 914 ὲκ
2792 859 3085 931 προσώπου
3116 861 3347 933 Πατρὸς,
3478 862 3526 915 δὲ
3555 864 3608 915 ἐκ
3629 880 3750 933 προσ-

583 955 827 1026 prul‘crto
865 954 1135 1008 mendacii
1173 963 1259 1009 est
1307 955 1624 1023 errorisque
1654 952 1895 1007 caecitas.
1934 950 2146 1021 Magnut

2262 951 2413 1005 ὠπου
2445 952 2598 1015 Υίοῦ,
2627 951 2704 1023 πὴ
2725 952 2782 1005 δὲ
2821 954 2887 1006 ὲκ
2907 952 3198 1023 προσώπου
3214 953 3307 1006 τοῦ
3331 953 3474 1021 ἁγίου
3493 955 3750 1023 nveniam.

580 1062 743 1116 porro
787 1046 879 1099 Dei
930 1060 1132 1108 sermo,
1165 1047 1258 1116 qui
1291 1061 1392 1101 nos
1424 1045 1573 1099 omni
1599 1045 1813 1098 ratione
1843 1042 1911 1097 ad
1951 1057 2015 1097 ea
2045 1042 2143 1096 dis-

2263 1044 2373 1096 Καὶ
2407 1044 2455 1095 εἰ
2476 1043 2538 1096 τὸ
2567 1045 2624 1097 ὲν
2651 1041 2962 1115 Μαξιμίλλῃ
3008 1043 3234 1114 Πνεῦμα
3277 1044 3424 1113 ἅγιον
3449 1040 3528 1114 ἦν,
3560 1046 3642 1097 οὐκ
3684 1046 3754 1099 ἁπ-

578 1138 847 1191 eerncnda
903 1138 1162 1200 instituit,
1224 1153 1346 1207 qua:
1393 1137 1568 1192 sancti
1625 1134 1864 1205 Spiritus
1918 1134 2141 1204 impuISt

2261 1135 2495 1206 ηγόρευε
2552 1135 2618 1189 τά
2669 1135 2779 1189 ἴδια
2834 1137 3075 1207 ῥήματα.
3127 1138 3239 1189 Ἓν
3279 1136 3388 1206 γάρ
3420 1136 3536 1189 ἐστι
3560 1137 3612 1189 τὸ
3636 1136 3756 1205 ἄτιον

578 1232 786 1300 prolata
820 1238 949 1284 sunt
984 1249 994 1283 :
1027 1246 1150 1299 quae
1184 1230 1382 1298 partim
1424 1245 1486 1284 ex
1525 1243 1761 1299 persona
1799 1227 2141 1297 Patris,>pari

2262 1227 2524 1296 Πνεῦμα,
2545 1226 2611 1281 τὸ
2634 1227 2904 1296 διαιροῦν
2926 1227 3161 1292 ἑκάστῳ
3185 1229 3265 1292 ὡς
3281 1229 3567 1292 βούλεται.
3591 1228 3756 1296 Λέγεται

579 1322 670 1374 tim
714 1336 780 1374 ea
827 1336 1060 1389 persona
1121 1318 1284 1382 Filii,
1335 1321 1534 1389 partim
1584 1335 1649 1373 ex
1704 1319 1942 1388 Spiritus
1985 1325 2137 1371 sanet

2265 1317 2322 1371 δὲ
2354 1318 2579 1387 Πνεῦμα
2616 1318 2920 1382 εὐσεϐείας,
2939 1318 3033 1371 καὶ
3059 1318 3275 1387 λέγεται
3305 1315 3438 1371 εἶναι
3457 1319 3648 1389 Πνεῦμα
3666 1316 3762 1389 Χρι-Δ

576 1428 811 1483 persona
862 1413 1140 1466 dicuntur.
1179 1412 1343 1481 Atqui
1399 1411 1444 1467 si
1496 1412 1586 1465 ille
1638 1411 1825 1482 quiin
1866 1408 2139 1463 Maximill:

2265 1408 2432 1474 στοῦ,
2482 1410 2576 1462 καλ⁵
2629 1407 2855 1478 Πνεῦμα
2912 1410 3061 1481 παρά
3112 1411 3322 1482 Πατρὺς
3374 1411 3758 1481 ἐκπορευόμενον,

577 1503 684 1556 fuit
737 1502 978 1571 Spiritus
1027 1511 1254 1556 sanctus
1303 1502 1642 1564 exstitisset,
1703 1498 2140 1570 nunquam'sui:

2263 1501 2356 1555 καὶ
2416 1500 2511 1554 τοῦ
2542 1499 2675 1553 Υξοῦ
2707 1501 3003 1571 λαμϐάνον,
3037 1502 3139 1555 ούκ
3180 1501 3455 1573 ἀλλότριον
3487 1502 3665 1572 “arpi;
3697 1499 3761 1552 καὶ

578 1595 695 1662 ipse
739 1594 924 1648 verbis
959 1593 1385 1647 contradicerct.
1433 1591 1580 1646 Unus
1625 1594 1764 1646 enim
1817 1601 1893 1645 est
1928 1592 2141 1660 Spiritu;

2282 1591 2413 1645 Υἰοῦ
2466 1592 2543 1645 6v.
2600 1593 2744 1664 ’Ἄρα
2800 1593 2897 1646 οὐκ
2947 1593 3131 1661 ἔλεγε·
3165 1593 3263 1660 Μὴ
3297 1592 3529 1647 ἀκούετέ
3555 1609 3669 1661 μου.
3708 1590 3763 1643 Τὰ

576 1695 812 1747 sanctus,
866 1686 956 1755 qui
1005 1670 1191 1739 dividit
1233 1684 1457 1754 singulis
1510 1693 1665 1753 prout
1716 1684 1824 1738 vult
1874 1686 1913 1738 '.
1968 1684 2072 1750 Qui
2105 1698 2139 1738 e‘

2263 1683 2377 1754 γὰρ
2399 1683 2633 1755 Χριστοῦ
2666 1683 2726 1736 τὸ
2768 1684 2906 1736 Πνεῦ
2916 1700 2991 1754 μα
3025 1683 3200 1737 ἐλάλει
3227 1683 3349 1755 (5‘),
3373 1684 3460 1736 καὶ
3477 1684 3503 1735 6
3523 1680 3709 1753 Χριστὸς
3726 1678 3764 1733 ci

577 1777 795 1845 pietatis
824 1784 877 1830 et
905 1777 1109 1829 Christi
1148 1776 1385 1844 Spiritus
1418 1784 1667 1839 vocatur,
1697 1784 1750 1830 ct
1775 1791 1804 1828 a
1830 1775 1993 1830 Patre
2028 1791 2140 1845 pro-

2202 1835 2229 1846 __
2268 1776 2492 1846 Πνεῦμα
2533 1774 2872 1838 ἀποστέλλει,
2926 1775 3019 1828 καὶ
3053 1778 3108 1827 ἐν
3148 1774 3425 1845 Πνεύματι
3454 1773 3577 1842 ἁγίῳ
3622 1770 3765 1824 ἐκϐάλ-

576 1835 798 1930 οοόειιε,
850 1874 904 1919 ct
939 1880 969 1917 a
1022 1865 1160 1919 Filio
1190 1835 1498 1935 accipiens,
1536 1873 1590 1919 ct
1641 1880 1671 1918 a
1722 1865 1883 1921 Patre
1923 1882 1987 1921 ac
2020 1835 2139 1920 li‘ilit

2201 1835 2232 1893 Β
2261 1867 2342 1920 λει
2389 1835 2459 1919 τὰ
2499 1866 2789 1937 δαιμόνια·
2826 1835 2921 1920 καὶ
2963 1868 2992 1918 6
3020 1867 3223 1938 Κύριος
3256 1835 3322 1919 τά
3356 1865 3445 1918 τοῦ
3497 1835 3675 1935 harpe;
3705 1862 3764 1914 λέ-

575 1958 801 2011 miuitoe
833 1958 1045 2012 alienus
1072 1958 1397 2027 appellatur.
1435 1956 1553 2011 Non
1585 1956 1750 2027 igitur
1780 1958 2039 2012 dixisset:
2076 1956 2138 2009 Ni

2263 1975 2386 2027 γειο
2435 1958 2532 2011 καὶ
2587 1962 2620 2012 ὀ
2670 1958 2873 2027 Πατὴρ
2924 1959 3032 2013 τὸν
3090 1959 3231 2013 Υὲὦν
3280 1960 3521 2027 ﬁrmos,
3560 1954 3761 2011 καίὰπέ·

575 2064 654 2101 me
693 2048 945 2102 auditote.
1000 2047 1132 2114 Quae
1181 2049 1326 2102 enim
1359 2050 1563 2103 Christi
1602 2059 1731 2103 sunt
1788 2048 2030 2118 Spiritus
2088 2049 2138 2103 lo

2262 2054 2507 2105 στειλεν
2533 2052 2620 2115 είς
2656 2049 2765 2103 τὸν
2798 2050 3052 2119 κόσμον,
3083 2052 3185 2103 ἵνα
3224 2051 3585 2121 γινώσκωσιν
3617 2045 3765 2108 αὑτὸν,

573 2144 858 2205 queretur.
914 2137 1170 2194 Christus
1221 2139 1423 2208 quippe
1478 2137 1747 2209 Spiritum
1785 2140 1973 2204 mittit,
2008 2148 2061 2193 et
2105 2140 2136 2193 it

2263 2139 2363 2192 καὶ
2393 2138 2720 2203 δοξάσωσι,
2755 2140 2949 2206 καθὼς
2982 2139 3299 2205 δοξάζουσι
3327 2141 3435 2195 τὸν
3456 2140 3673 2207 Πατέρα.
3692 2134 3767 2190 Καὶ

574 2228 780 2296 Spiritu
817 2237 1009 2283 sancto
1041 2229 1320 2285 daemones
1351 2229 1537 2298 ejicit;
1581 2229 1845 2285 Dominus
1884 2245 2015 2285 vero
2044 2246 2137 2299 qua

2226 2246 2231 2251 '
2264 2231 2483 2284 διέπεσε
2515 2228 2658 2283 κατὰ
2702 2228 2877 2283 πάντα
2903 2230 3103 2300 τρόπον
3134 2232 3167 2302 ἡ
3205 2230 3315 2284 τῶν
3347 2228 3768 2300 ἀπαλλοτριούντων

572 2317 751 2373 i’atris
782 2328 910 2374 sunt
935 2321 1244 2390 eloquitur'
1268 2340 1281 2375 :
1309 2333 1360 2375 et
1379 2319 1580 2375 Filium
1600 2320 2135 2391 Patersancti/icaril

2131 2333 2155 2385 ‘,
2266 2323 2490 2385 ἑαυτοὺς
2518 2320 2725 2375 διάνοια
2756 2322 2863 2375 ἀπὸ
2891 2322 2990 2391 τῆς
3018 2320 3367 2393 τοῦΧρεστοῦ
3400 2319 3694 2381 ἀκολουθίας.

571 2425 634 2464 ac
688 2413 828 2464 misit
881 2413 933 2465 in
971 2410 1133 2483 415
1207 2414 1490 2482 mundum,
1553 2422 1611 2468 ut
1672 2423 1983 2485 cognoscant
2035 2416 2205 2483 ipsum
2246 2424 2294 2468 et
2357 2414 2652 2482 gloriﬁcent
2705 2412 3143 2483 quemadmodum
3196 2414 3495 2483 glori/icon!
3546 2412 3719 2466 Patrem
3742 2409 3769 2467 ’.

574 2499 665 2557 Sic
706 2506 937 2559 istorum
989 2506 1290 2569 hominum,
1345 2507 1439 2576 qui
1496 2522 1556 2562 se
1597 2522 1626 2561 a
1670 2507 1872 2562 Christi
1916 2517 2063 2561 secta
2118 2522 2182 2561 ac
2235 2506 2523 2567 disciplina
2580 2512 2905 2577 segregant,
2947 2505 3193 2561 funditus
3234 2505 3582 2561 labefactatur
3620 2498 3767 2571 opinio-

642 2592 780 2648 Xlll.
814 2597 884 2649 At
911 2596 1055 2649 enim
1089 2594 1382 2649 Maximilla
1413 2598 1608 2667 pergit,
1641 2596 1853 2651 s‘umma
1888 2597 1980 2650 illa
2006 2596 2167 2650 into!-

2344 2596 2443 2649 ll".
2489 2597 2694 2650 Φάσκει
2729 2595 2787 2648 δὲ
2838 2594 2999 2648 πάλιν
3047 2598 3080 2664 ὴ
3123 2596 3260 2666 αὐτὴ
3289 2594 3610 2666 Μαξιμίλλα,
3640 2595 3669 2664 ἡ
3702 2591 3768 2659 τῆς

574 2687 809 2757 ligentiac
838 2685 1215 2756 doctrinaeque
1244 2687 1351 2750 vis,
1394 2695 1454 2740 ut
1488 2687 1542 2740 id
1584 2687 1695 2756 joci
1747 2687 1923 2741 obiter
1970 2702 2129 2757 θερει-

2273 2687 2713 2760 ττ-ιρακολουθίας
2755 2688 2851 2740 καὶ
2892 2684 3241 2749 διδασκαλίας
3287 2686 3507 2755 γνῶσις,
3536 2686 3612 2738 ἵνα
3634 2683 3770 2753 χλευα-

574 2790 696 2844 gatu
731 2793 746 2831 :
778 2774 1039 2828 Dominus
1071 2791 1153 2827 me
1186 2774 1352 2837 misit,
1385 2773 1582 2843 inquit,
1636 2771 1836 2826 laboris
1875 2772 2054 2841 hujus,
2099 2789 2137 2824 αι

2269 2778 2472 2843 στικῶς
2536 2778 2697 2842 εἴπω,
2751 2778 2835 2830 ὅτι
2892 2775 3232 2829 Ἀπέστειιέ
3264 2793 3346 2845 με
3374 2778 3575 2844 Κύριος
3617 2774 3772 2827 τούτου

571 2865 939 2936 professionis,
983 2875 1031 2918 et
1062 2864 1271 2933 [cederis
1300 2864 1437 2918 velut
1467 2874 1621 2918 sectae
1653 2865 1971 2921 antistitem.
2003 2880 2132 2917 enar

2265 2870 2372 2924 τοῦ
2403 2871 2615 2933 πόνου,
2663 2869 2760 2923 καί
2787 2868 2900 2938 τῆς
2932 2865 3313 2940 ἐπαγγελίας,
3352 2870 3449 2923 καί
3481 2868 3579 2936 τῆς
3606 2863 3770 2931 avriti-

574 2965 826 3019 ratorem,
858 2965 905 3008 et
936 2956 1304 3022 interpretem;
1331 2964 1379 3007 et
1426 2953 1633 3024 quidem
1677 2953 1746 3004 ad
1771 2952 2137 3022 percipiendan

2267 2979 2380 3029 κης
2408 2961 2777 3031 ιιὶρετιστὴν,
2812 2961 3115 3031 μηνυτὴν,
3155 2962 3547 3031 ἑρμηνευτὴν,
3575 2961 3773 3027 ἠναγκα-

575 3049 673 3102 Dei
706 3049 972 3110 notitiam,
1007 3047 1188 3101 uellem
1223 3047 1435 3107 nollem.
1473 3046 1666 3113 majori
1720 3046 1950 3115 quadam
1985 3060 2130 3098 neces

2209 3084 2232 3138 3
2261 3054 2518 3122 σμένον,
2548 3052 2820 3118 θέλοντα.
2858 3053 2959 3107 καὶ
2980 3052 3066 3123 μὴ
3092 3053 3370 3119 θέλοντα,
3387 3052 3592 3123 μαθεῖν
3610 3047 3772 3120 γνῶσιν

573 3141 731 3193 sitate
764 3139 1111 3207 compulsum.
1166 3137 1266 3191 Hic
1300 3153 1399 3193 nos
1440 3138 1630 3208 igitur,
1663 3136 2002 3199 citarissimi,
2037 3134 2136 3189 vita

2209 3134 2231 3138 —
2261 3146 2438 3202 Θεοῦ.
2476 3147 2847 3218 Σκοπήσωμεν
2868 3141 2961 3200 οὖν
2990 3146 3089 3216 τῆς
3121 3146 3275 3217 ἡμῶν
3303 3146 3452 3216 ζωῆς
3478 3145 3569 3216 τὴν
3601 3137 3772 3205 εὐσταθῆ

573 3243 777 3286 nostrae
831 3231 1066 3285 solidum
1097 3238 1151 3284 et
1198 3231 1393 3285 stabile
1444 3231 1868 3292 ﬁrmamentum,
1909 3242 1975 3281 ac
2018 3227 2136 3281 vian

2266 3234 2441 3305 βάσιν,
2472 3236 2568 3289 καὶ
2589 3236 2687 3307 τὴν
2729 3235 2847 3290 ὁδὸν
2882 3235 2976 3289 τοῦ
3013 3236 3212 3305 φωτδς,
3250 3230 3296 3289 ὦ
3322 3235 3603 3306 ἀγαπητοὶ,
3626 3232 3700 3284 καὶ
3725 3229 3773 3299 μὴ

572 3316 716 3377 l'ucis
751 3321 1183 3386 consideremus,
1233 3337 1410 3391 neque
1439 3320 1777 3375 contrarium
1829 3319 2135 3374 insistentis

2265 3326 2557 3396 σφαλῶμεν
2605 3326 2693 3380 διὰ
2738 3325 2848 3381 τῶν
2867 3326 3043 3395 λόγων
3079 3327 3188 3381 τῶν
3221 3325 3317 3381 τοῦ
3366 3326 3434 3382 δι’
3464 3320 3775 3387 ὲναντίιις,καὶ

576 3414 680 3468 hoc
711 3422 796 3467 est
829 3413 1115 3482 peregrino
1145 3414 1342 3482 spiritu
1374 3412 1594 3481 agitatae
1637 3410 1866 3481 pecudis
1893 3408 2139 3480 ejusmod

2261 3416 2358 3470 τοῦ
2390 3416 2737 3488 βοσκήματος
2774 3416 2868 3471 τοῦ
2895 3417 3176 3489 ἀλλοτρίου
3212 3418 3538 3491 πνεύματος.
3570 3417 3685 3486 Ὅρα
3703 3411 3774 3481 γὰρ

581 3505 804 3559 vocibus
841 3505 895 3556 in
931 3519 1174 3557 errorem
1205 3504 1568 3557 abducantur.
1604 3501 1745 3567 Quid
1778 3500 1924 3554 enim
1959 3499 2049 3553 ille
2078 3498 2144 3553 di

2264 3508 2501 3563 ἐνταῦθα
2531 3509 2622 3562 τὸν
2652 3509 2824 3573 οὓτως
2862 3509 3191 3581 λαλήσαντα,
3217 3510 3353 3582 qua}
3366 3510 3620 3581 κασμένον
3639 3503 3778 3560 ἑαυτὸν

576 3603 666 3650 cat
701 3595 1095 3648 animadverte.
1133 3592 1252 3646 Non
1283 3609 1381 3647 sua
1413 3600 1610 3663 sponte
1651 3607 1730 3657 se,
1780 3591 1876 3646 sed
1908 3599 2139 3645 coactun

2265 3600 2643 3671 ἀποφήναντα,
2667 3599 2766 3670 οὐχ
2794 3600 3018 3672 ἑκουσίᾳ
3042 3598 3257 3672 γνώμῃ.
3299 3601 3361 3656 '0
3384 3601 3443 3655 δὲ
3470 3601 3649 3671 Κύριος
3666 3593 3774 3666 ἡμῶν

577 3686 629 3740 id
644 3687 958 3755 suscepisse
974 3685 1235 3739 declarat.
1264 3686 1425 3754 Atqui
1450 3684 1712 3739 Dominus
1732 3691 1918 3738 noster
1938 3683 1993 3736 in
2018 3683 2140 3737 ltum

2256 3692 2363 3745 οὐκ
2388 3691 2534 3745 ἄκων
2555 3687 2715 3763 ἦλθεν
2755 3692 2836 3755 είς
2866 3692 2957 3745 τὸν
3002 3694 3227 3762 κόσμον,
3261 3693 3386 3746 οὐδὲ
3428 3690 3557 3763 μετὰ
3595 3689 3774 3753 ἀνάγκης

580 3778 767 3844 urbem
795 3776 938 3829 haud
959 3775 1164 3830 invitus
1195 3775 1499 3838 descendit,
1529 3788 1626 3827 nec
1646 3789 1675 3826 a
1693 3771 1857 3827 Patre
1879 3772 1989 3825 ulla
2006 3770 2143 3826 aditi

2264 3783 2374 3837 ἀπὸ
2395 3783 2609 3853 Πατρδς
2638 3782 2917 3855 ἀπεστάλη
2938 3800 2952 3814 ο
2991 3783 3127 3837 ἀλλὰ
3148 3783 3261 3854 ἅμα
3293 3785 3393 3839 σὺν
3412 3782 3581 3854 Ilasz
3606 3781 3714 3851 ἔχων
3738 3773 3776 3824 τὸ

579 3867 694 3922 trita
752 3865 1083 3920 necessitate
1122 3864 1325 3919 missus
1358 3874 1460 3919 est.
1516 3862 1621 3942 Sed
1654 3879 1781 3919 cum
1814 3878 2142 3918 communen

2266 3871 2461 3937 θέλειν,
2514 3872 2609 3926 καλ¹
2667 3873 2765 3926 σὺν
2823 3873 2963 3944 ἁγίῳ
3010 3872 3288 3944 Πνεύματι
3336 3873 3401 3927 τδ
3441 3871 3689 3943 παρέχειν,
3716 3863 3777 3916 καὶ

573 3974 702 4027 cum
729 3959 886 4012 Patre
925 3957 1223 4011 voluntatis
1264 3972 1445 4022 usum,
1477 3964 1531 4010 et
1565 3971 1690 4010 cum
1724 3955 1931 4025 Spiritu
1967 3964 2136 4010 sancti

2263 3962 2526 4027 ὡσαύτως
2558 3963 2675 4035 ἅμα
2727 3965 2824 4019 σὺν
2855 3964 2933 4036 τῷ
2976 3965 3153 4035 Πατρὶ
3186 3963 3248 4017 τὸ
3270 3964 3453 4018 θέλειν
3493 3965 3614 4035 ἔχει,
3643 3959 3716 4012 καί
3738 3955 3775 4005 τὸ

577 4043 843 4118 largiendi
869 4063 1066 4103 munus
1089 4047 1306 4111 habeat,
1341 4063 1447 4101 una
1475 4055 1529 4102 et
1554 4056 1613 4101 ut
1640 4048 1769 4102 velit
1797 4048 1847 4103 ei
1867 4062 1990 4101 cum
2003 4046 2140 4102 Patri

2262 4056 2384 4125 οὐχὶ
2429 4057 2566 4126 μετὰ
2600 4055 2846 4125 ἀνάγκης
2894 4055 3098 4126 ταύτην
3151 4057 3253 4127 τὴν
3277 4057 3440 4127 χάριν
3468 4057 3591 4111 πᾶσι
3616 4050 3773 4107 διδόναι,

574 4140 855 4201 convenit,
892 4147 945 4193 et
982 4147 1041 4193 ut
1079 4140 1217 4192 citra
1255 4141 1635 4194 necessitatem
1691 4141 1878 4205 ullam,
1917 4154 2019 4208 pro
2063 4155 2137 4195 su:

2266 4145 2408 4200 ἀλλά
2430 4146 2498 4199 δι’
2537 4146 2842 4217 ὑπερϐολὴν
2875 4145 3302 4215 φιλανθρωπίας.
3336 4148 3447 4201 Καὶ
3478 4145 3608 4199 οὕτω
3625 4136 3774 4195 naida;

576 4228 843 4282 duntaxat
875 4226 1183 4281 incredibili
1233 4227 1569 4296 benignitate
1615 4227 1942 4283 beneﬁcium
1974 4228 2077 4283 hoc
2106 4228 2139 4282 it

2266 4237 2515 4299 ἐκάλεσε,
2563 4237 2701 4308 μετὰ
2737 4237 3108 4308 προαιρέσεως
3150 4238 3441 4308 κέκληκεν,
3472 4237 3566 4291 ούκ
3595 4232 3776 4299 ἀνάγκην

578 4320 870 4374 universos
922 4319 1190 4373 conferat.
1237 4318 1329 4373 Sic
1368 4335 1508 4388 quos
1546 4320 1782 4384 vocavit,
1825 4320 2141 4374 voluntario:

2265 4329 2593 4393 ἐπιϐάλλων,
2622 4329 2695 4387 ού,
2714 4328 2894 4382 κλοιὸν
2941 4329 3335 4401 ἐπιτιθέμενος.
3371 4330 3568 4383 Φάσκει
3595 4326 3698 4394 γὰρ,
3723 4322 3775 4371 ὅτι

578 4412 768 4477 utique
799 4411 1030 4473 vocavit,
1084 4426 1196 4463 non
1246 4417 1307 4463 ut
1346 4412 1511 4464 ullam
1562 4411 1671 4465 vim
1723 4411 2029 4475 adhiberet,
2065 4421 2141 4464 aut

2212 4419 2234 4471 )
2263 4418 2577 4488 Διψῶντες,
2599 4419 2801 4473 ἔλθετε
2830 4420 2978 4488 πρὸς
2998 4420 3104 4490 per
3141 4421 3230 4476 καὶ
3264 4420 3456 4474 πάλιν·
3483 4416 3552 4472 Εἴ
3572 4432 3646 4480 τις
3667 4408 3775 4465 θέλει

579 4502 720 4555 collo
746 4501 1025 4553 vinculum
1058 4501 1378 4555 innecteret.
1404 4499 1479 4553 Ita
1507 4502 1652 4556 enim
1671 4501 1939 4571 loquitur:
1962 4499 2142 4554 Omne:

2265 4510 2546 4581 ἔρχεσθαι
2584 4510 2733 4579 πρὸς
2748 4509 2847 4579 μὲ,
2892 4511 3257 4579 ἀρνησάσθω
3303 4510 3539 4576 ἑαυτὸν,
3576 4504 3769 4560 saltim

568 4592 836 4657 sitientes,
871 4592 1033 4644 venite
1068 4590 1136 4643 ad
1170 4607 1250 4644 me
1294 4591 1337 4644 ³.
1380 4591 1510 4645 item
1539 4611 1552 4646 :
1590 4591 1649 4647 Si
1689 4593 1805 4662 quis
1840 4592 1948 4646 uult
1986 4594 2131 4647 venir

2265 4603 2550 4658 λουθείτω
2562 4604 2798 4671 μοι.Καὶ
2810 4603 2896 4656 διὰ
2910 4603 3128 4657 Ἡσαΐου
3147 4603 3302 4657 τοῦτο
3318 4605 3451 4657 αὐτὸ
3461 4600 3776 4673 φθεγγόμεδηςι
3805 4668 3809 4673 ⁴

583 4683 651 4735 ad
689 4697 788 4742 me,
819 4678 1035 4749 abneget
1060 4683 1413 4749 semetipsum,
1448 4696 1497 4735 et
1528 4692 1777 4752 sequatur
1799 4701 1881 4738 me
1913 4684 1953 4740 ⁸.
1988 4684 2146 4751 Quin-

2266 4691 2482 4761 ἔλεγεν·
2523 4690 2664 4746 Ἐὰν
2709 4695 2943 4761 θέλητε,
2977 4693 3077 4747 καὶ
3108 4695 3518 4763 είσακούσητέ
3545 4709 3669 4762 μου.
3706 4683 3777 4737 Καὶ

578 4773 745 4828 etiam
777 4786 874 4840 per
900 4769 1096 4825 Isaiam
1124 4771 1199 4824 ita
1233 4773 1368 4826 dixit
1404 4792 1415 4827 :
1456 4771 1516 4827 Si
1556 4775 1827 4829 volueritis
1853 4785 1903 4830 et
1927 4780 2141 4833 audieriu

2270 4783 2516 4856 ὕστερον,
2544 4785 2631 4837 ἵνα
2650 4785 2799 4858 δείξῃ
2823 4789 2853 4839 6
2884 4787 3187 4859 προφήτης,
3208 4789 3287 4842 ὅτι
3310 4789 3399 4851 τίς
3426 4792 3568 4842 ἐστιν
3590 4785 3615 4836 6
3635 4781 3775 4846 λέγων,

581 4865 646 4917 tis
683 4879 763 4916 me
798 4863 842 4916 ⁸.
882 4865 957 4917 Ac
992 4862 1271 4933 deinceps,
1298 4871 1359 4918 ut
1399 4865 1653 4934 quisnam
1684 4865 2003 4935 loqueretur
2044 4885 2144 4938 pro

2267 4874 2370 4946 ἔφη
2393 4891 2405 4906 '
2452 4876 2521 4930 Τὸ
2560 4875 2675 4945 γὰρ
2718 4878 2914 4947 στόμα
2934 4880 3166 4945 Κυρίου
3193 4879 3464 4945 ἐλάλησε
3498 4874 3676 4930 ταῦτα.
3705 4868 3778 4921 Καὶ

578 4953 739 5021 pheta
775 4953 1082 5007 declararet
1115 4972 1127 5008 :
1166 4952 1238 5007 0s
1262 4954 1424 5021 enim,
1464 4955 1659 5024 inquit,
1683 4954 1898 5010 Domini
1927 4956 2141 5013 locuturi

2265 4967 2399 5037 ὁρᾷς
2427 4967 2569 5020 κατὰ
2612 4969 2790 5022 πάντα
2828 4969 3031 5040 τρόπον
3054 4970 3153 5041 τὴν
3189 4970 3323 5041 πρὸς
3350 4969 3411 5022 τὸ
3442 4968 3576 5021 θεῖον
3604 4960 3778 5034 “illi”

573 5055 652 5099 est
700 5047 808 5100 ista
862 5046 904 5101 °.
950 5045 1142 5101 Jamne
1186 5046 1340 5103 vides
1377 5048 1510 5104 istos
1541 5064 1665 5102 cum
1713 5050 1887 5107 sacris
1934 5049 2136 5106 Litteri:

2263 5057 2469 5111 τούτων
2525 5058 2843 5128 διαφωνίαν,
2888 5061 2980 5114 καὶ
3012 5061 3113 5133 τὴν
3148 5061 3366 5116 ἀλλοίαν
3400 5047 3780 5114 ύπόνοιάνπκιί

578 5138 726 5192 nulla
759 5153 825 5192 ex
863 5146 1020 5208 parte
1058 5139 1373 5209 convenire,
1419 5140 1516 5194 sed
1551 5139 1932 5196 abhorrentem
1968 5157 1997 5195 a
2025 5158 2141 5197 coni

2264 5148 2533 5220 ὑπόληψιν
2565 5151 2715 5222 παρὰ
2736 5152 2840 5223 τὴν
2871 5152 2965 5206 τοῦ
2998 5152 3131 5206 Θεοῦ
3160 5153 3340 5207 πίστιν
3369 5154 3464 5207 καὶ
3493 5141 3777 5204 ἀκολουθὴνὶ

577 5237 845 5284 sentanea
884 5228 1084 5283 divinae
1110 5229 1230 5284 fidei
1262 5229 1510 5284 doctrina
1535 5232 1867 5286 sententiam
1888 5248 2140 5289 errorem

2265 5240 2378 5292 Καὶ
2409 5239 2519 5311 γὰρ
2548 5243 2643 5295 καὶ
2673 5242 2984 5313 Μαξιμίλλα
3008 5245 3137 5307 τοὺς
3167 5244 3419 5308 θέλοντας
3443 5243 3535 5296 καὶ
3565 5241 3631 5311 μὴ
3651 5235 3781 5287 θέλον·

578 5334 682 5387 que
720 5320 1056 5377 defendere?
1098 5320 1312 5377 Etenim
1352 5322 1646 5377 Maximilla
1683 5326 1931 5380 volentes
1973 5327 2137 5381 nolen

2263 5346 2363 5393 τας
2398 5330 2584 5401 ἔλεγεν
2637 5333 2969 5400 ἀναγκάζειν
2990 5351 3003 5365 ·
3040 5335 3116 5397 ὡς
3144 5335 3239 5388 καὶ
3262 5334 3320 5399 ἐξ
3362 5332 3525 5387 αὐτοῦ
3550 5328 3633 5384 τοῦ
3660 5315 3778 5396 ρητοᾗ

581 5416 662 5461 les
701 5427 894 5482 cogere
935 5428 994 5467 se
1032 5413 1272 5478 dicebat,
1318 5421 1376 5467 ut
1406 5414 1488 5467 vel
1526 5413 1628 5468 hoc
1660 5415 1779 5485 ipso
1818 5416 1966 5471 dicto
2004 5433 2144 5473 men~

2262 5418 2522 5489 ψεύσεται
2553 5425 2586 5494 ἡ
2624 5424 2871 5495 τοιαύτη.
2905 5425 3042 5479 Οὔτε
3063 5425 3174 5499 γὰρ
3190 5425 3445 5489 θέλοντας
3472 5419 3655 5483 ἐδίδαξε

587 5494 796 5554 dacium
844 5502 963 5570 ejus
1011 5506 1184 5574 possit
1226 5506 1473 5575 agnosci.
1531 5504 1666 5560 Nam
1726 5524 1827 5564 nec
1889 5511 2150 5574 volentes.

2264 5530 2347 5567 σιν
2375 5513 2531 5579 Θεοῦ,
2560 5518 2625 5586 ῆν
2653 5518 2754 5571 οὐκ
2770 5494 2905 5588 ᾔδει,
2933 5518 3053 5572 ούδὲ
3083 5494 3211 5584 τοῦς
3232 5521 3308 5592 μὴ
3334 5519 3579 5579 θέλοντας
3596 5514 3778 5583 ἠνάγκα·

656 5609 675 5640 ¹
712 5609 735 5661 ι
768 5610 892 5664 Cor.
924 5629 1022 5683 xu,
1051 5618 1139 5673 il.
1216 5622 1237 5650 ³
1264 5616 1420 5673 Joan.
1450 5636 1502 5685 κ,
1536 5620 1703 5689 56;ν,
1731 5624 1821 5678 25.
1899 5625 1919 5656 ³
1954 5626 2057 5681 lsa.
2094 5641 2179 5691 Lv,

2223 5626 2275 5680 1.
2352 5628 2373 5659 ⁸
2403 5616 2591 5689 Matth.
2626 5649 2735 5699 xvr,
2775 5634 2864 5689 24.
2943 5635 2964 5668 ⁵
2992 5633 3096 5692 lsa.
3131 5651 3169 5702 ι,
3196 5634 3283 5691 19.
3359 5638 3381 5669 ⁸
3409 5634 3508 5690 isa.
3536 5643 3673 5693 tvm,
3696 5620 3759 5676 Η-

655 5719 761 5788 (3‘)
802 5720 959 5780 Forte
986 5728 1271 5802 legendum
1302 5734 1367 5820 ἂν
1401 5735 1596 5804 ἐλάλει,
1638 5738 1716 5793 vel
1751 5738 1922 5795 λαλεῖ.
1956 5739 2116 5797 Εοιτ.
2158 5741 2401 5803 Pnrou.
