3958 6418
284 349 401 405 επ

906 343 1277 401 ADVERSUS
1314 339 1662 398 IUERESES
1701 340 1832 396 LIB.
1874 342 1885 393 l

1992 341 2152 398 ron.
2192 341 2320 395 1--
2358 318 2640 400 uenas.
2681 344 2912 399 xum.
3446 351 3552 403 επ

284 474 408 515 cev.
460 457 666 513 Αὐτίκα
711 457 769 512 οὗ
824 459 1025 523 πάντες
1064 461 1114 513 οί
1163 460 1221 512 ἐν
1248 457 1328 529 τῷ
1364 460 1553 530 κόσμῳ
1578 456 1773 521 οἴδασι,
1821 456 1872 508 τί

1992 454 2098 523 Dei,
2131 472 2294 526 quam
2320 472 2432 513 non
2476 457 2731 522 habebat,
2767 456 3133 527 cognitionem
3163 457 3419 523 edocuit;
3459 476 3554 515 ne.

286 550 442 603 ἑστιν
480 549 650 620 ὄνομα
711 549 1080 621 Μαξιμίλλης,
1111 551 1231 604 οὐδὲ
1258 551 1367 604 τῶν
1404 551 1572 621 αὐτῆς
1617 548 1790 617 λόγων
1811 548 1873 601 τὸ

283 639 690 711 παράφθεγμα.
750 641 867 694 Καὶ
918 641 1060 694 κατὰ
1093 641 1271 694 πάντα
1322 642 1525 712 τρόπον
1563 638 1809 693 διέπεσεν
1838 640 1873 709 ή

281 732 498 785 τούτων
532 733 924 805 πεπλανημένη
951 733 1183 799 ἐπίνοια,
1201 735 1302 787 οὐκ
1328 729 1467 787 οὖσα
1498 736 1596 805 τῆς
1626 730 1721 786 τοῦ
1738 731 1872 785 Θεοῦ

276 823 572 897 ἀληθείας.

364 1000 465 1053 ῙΔ’.
496 999 708 1071 Τιμῶσι
743 1000 799 1053 δὲ
855 1001 905 1053 οἱ
948 1000 1177 1055 τοιοῦτοι
1209 1003 1304 1055 καὶ
1329 1000 1492 1055 τόπον
1519 988 1640 1054 τινὰ
1672 1000 1874 1072 ἔρημον

284 1095 353 1145 ἓν
381 1095 444 1163 τῇ
468 1094 698 1165 Φρυγίᾳ,
734 1094 1019 1159 Πέπουζάν
1046 1113 1176 1150 ποτε
1213 1096 1554 1168 καλουμένην
1578 1096 1750 1161 πόλιν,
1780 1096 1876 1151 νῦν

281 1184 353 1236 δὲ
397 1185 790 1256 ἠδαφισμένην.
830 1188 937 1241 Καί
967 1205 1130 1256 φασιν
1161 1190 1337 1242 ἐκεῖσε
1377 1189 1620 1243 κατιέναι
1646 1188 1743 1260 τὴν
1765 1189 1877 1243 ἅνω

295 1276 679 1348 Ἰερουσαλήμ.
712 1278 878 1331 ’Όθεν
911 1280 1277 1351 ἀπερχόμενοι
1305 1283 1580 1353 μυστήρια
1608 1298 1727 1335 τινα
1758 1284 1877 1336 ἐπι-

280 1367 538 1420 τελοῦσιν
571 1369 628 1421 έν
650 1367 728 1438 τῷ
751 1369 921 1440 τόπῳ,
963 1371 1061 1423 καὶ
1087 1362 1429 1438 ἀγιάζουσιν,
1451 1371 1525 1435 ὡς
1556 1371 1877 1443 ὑπολαμϐά-

282 1474 494 1514 νουσιν.
539 1460 696 1514 Ἔστι
735 1460 843 1533 γὰρ
877 1460 971 1514 καὶ
1022 1461 1082 1515 τὸ
1115 1463 1271 1531 γένος
1311 1465 1370 1516 ὲν
1406 1465 1471 1534 τῇ
1494 1463 1877 1534 Καππαδοκίᾳ

274 1551 391 1603 καὶ
435 1550 688 1628 Γαλατίᾳ,
734 1553 828 1606 καὶ
877 1554 933 1605 ὲν
961 1555 1026 1624 τῇ
1076 1555 1451 1628 προειρημένῃ
1492 1556 1878 1627 Φρυγίᾳοόθεν

286 1640 452 1694 κατὰ
473 1626 704 1712 ὠρύγας
726 1645 760 1713 ἡ
781 1643 992 1714 αἵρεσις
1006 1644 1269 1698 καλεῖται·
1286 1626 1432 1698 ἀλλὰ
1451 1645 1545 1699 καὶ
1568 1648 1623 1700 ἐν
1638 1645 1876 1718 Κιλικίᾳ,

287 1733 395 1785 καὶ
428 1734 483 1788 ὲν
522 1734 1086 1789 Κωνσταντινουπόλει
1108 1735 1169 1788 τὸ
1194 1736 1463 1792 πλεῖστον.

368 1998 483 2052 Ἵνα
518 1997 576 2051 δὲ
632 1999 796 2069 μηδὲν
830 1998 1246 2070 καταλείψωμεν
1282 1998 1357 2071 (4)
1397 2001 1505 2053 τῶν
1542 2000 1677 2071 πρὸς
1709 1999 1878 2071 ὄνομα

281 2090 533 2160 ἑκάστης
595 2092 860 2161 αἱρέσεως
908 2091 997 2160 ὑφ’
1047 2091 1207 2162 ἡμῶν
1243 2090 1755 2162 προδεδηλωμένης,
1785 2092 1879 2145 καὶ

284 2184 425 2255 περὶ
454 2181 546 2236 τοῦ
605 2183 1083 2255 Τασκοδρουγιτῶν
1117 2184 1378 2254 ὀνόματος
1424 2180 1577 2247 αὖθις
1626 2184 1877 2256 ἐροῦμεν.

290 2275 459 2327 Ἔστι
501 2274 609 2346 γὰρ
638 2276 698 2328 τὸ
722 2275 891 2346 ὄνομα
918 2275 1078 2328 τοῦτο
1116 2275 1149 2345 ἢ
1189 2276 1247 2330 ὲν
1274 2275 1412 2346 αὐτῇ
1443 2276 1636 2347 ταύτῃ,
1670 2276 1703 2346 ἢ
1734 2279 1791 2329 ἐν
1812 2279 1879 2347 τῇ

288 2365 441 2436 μετὰ
459 2366 663 2438 ταύτην
695 2366 804 2420 τῶν
835 2366 1253 2421 Κυϊντιλλιανῶν
1275 2367 1613 2439 καλουμένῃο
1655 2367 1749 2420 ἀπ’
1788 2368 1884 2420 αὐ·-

280 2458 405 2513 τῶν
442 2457 549 2530 γὰρ
583 2458 787 2512 τούτων
821 2460 1057 2531 ὁρμᾶται
1098 2459 1193 2512 καὶ
1233 2458 1390 2513 τοῦτο
1424 2458 1487 2511 τὺ
1538 2459 1728 2533 ὄνομα.
1775 2459 1883 2511 Ka-

286 2549 515 2606 λοῦνται
573 2551 630 2604 δὲ
708 2550 796 2605 διὰ
858 2550 1116 2620 τοιαύτην
1170 2551 1351 2604 αἰτίαν
1398 2550 1882 2622 Τασκοδρουγῖται.

290 2645 345 2695 Τ
349 2645 515 2707 ασκὸς
544 2645 674 2716 παρ’
716 2644 899 2707 αὐτοῖς
934 2642 1211 2705 πάσσαλος
1246 2642 1323 2712 (5)
1353 2643 1637 2696 καλεῖται·
1671 2640 1884 2711 δροῦτ-

287 2717 409 2806 τος
435 2735 492 2788 δὲ
528 2733 763 2806 μυκτὴρ,
798 2736 973 2788 εῐτουν
997 2733 1196 2805 ῥύγχος
1221 2732 1459 2786 καλεῖται
1482 2749 1496 2763 ο
1534 2734 1629 2786 καὶ
1654 2730 1761 2786 ἀπὸ
1790 2731 1884 2785 τοῦ

284 2826 504 2881 τιθέναι
558 2827 769 2880 ἑαυτῶν
810 2826 899 2880 τὸν
928 2824 1186 2880 δάκτυλον
1219 2823 1311 2877 τὸν
1351 2823 1641 2894 λεγόμενον
1671 2823 1886 2894 λιχανὸν

290 2920 395 2973 ἐπὶ
430 2919 520 2973 τόν
566 2919 823 2991 μυκτῆρα
855 2919 912 2971 ὲν
947 2916 1026 2987 τῷ
1068 2915 1343 2987 εὔχεσθαι,
1391 2914 1554 2985 δῆθεν
1584 2914 1887 2985 κατηφείας

294 3011 483 3082 χάριν,
505 3013 599 3064 καὶ
618 3009 1136 3079 ὲθελοδικαιοσύνης,
1164 3007 1472 3077 ἐκλήθησαν
1489 3005 1592 3058 ὑπό
1606 3022 1765 3058 τινων
1780 3006 1888 3058 Τα-
1924 3036 1929 3039 ς

290 3104 699 3174 σκοδρσυγῖται,
716 3103 963 3156 τουτέστι
994 3101 1586 3168 Πασσαλορυγχῖται.
1610 3097 1698 3148 Ἑν
1714 3096 1886 3167 ταύτῃ

282 3189 358 3244 δὲ
390 3191 455 3260 τῇ
486 3189 715 3260 αἱρέσει.
740 3189 772 3260 ἣ
806 3192 864 3242 ἐν
883 3193 949 3261 τῇ
976 3188 1195 3259 συζύγῳ
1222 3186 1425 3257 ταύτης
1457 3186 1554 3256 τῆς
1580 3184 1687 3237 τῶν
1718 3187 1885 3238 Κυϊν-

291 3282 609 3348 τιλλιανῶν,
652 3284 825 3336 εῐτουν
868 3279 1320 3353 Πρισκιλλιανῶν,
1360 3279 1455 3332 καὶ
1503 3275 1885 3341 Πεπουζιανῶν

291 3374 635 3445 καλουμένῃ,
683 3372 853 3426 δεινόν
882 3389 935 3425 τι
966 3372 1061 3425 καὶ
1109 3370 1365 3439 ἀθέμιτον
1396 3368 1556 3439 ἔργον
1590 3368 1725 3436 φασὶ
1742 3367 1888 3436 γίνε-

293 3465 450 3520 σθαι.
477 3465 653 3520 Παϊδα
678 3466 787 3536 γὰρ
822 3464 1021 3537 κομιδῇ
1049 3463 1241 3534 νήπιον
1273 3460 1414 3519 κατὰ
1445 3462 1637 3531 ἑορτήν
1666 3476 1786 3513 τινα
1820 3459 1886 3512 δι’

290 3561 426 3614 ὅλου
459 3558 553 3613 τοῦ
581 3558 832 3631 σώματος
874 3553 1316 3617 κατακεντῶντες
1338 3552 1526 3625 ῥαφίσι
1554 3551 1801 3625 χαλκαῖς,
1827 3550 1890 3604 τὸ

298 3644 448 3721 αἷμα
479 3648 644 3703 αὐτοῦ
696 3645 1155 3720 προσπορίζονται
1182 3643 1396 3704 ἑαυτοῖς
1428 3641 1509 3702 εἰς
1544 3636 1889 3707 ἐπιτήδευσιν

286 3742 464 3811 δῆθεν
494 3740 706 3804 θυσίας.

378 3829 478 3881 1Ε’.
524 3827 774 3897 Ἀρκέσει
799 3826 856 3880 δὲ
891 3826 1024 3897 ἡμῖν
1066 3825 1125 3891 ἃ.⁸
1149 3823 1243 3879 καὶ
1273 3822 1403 3892 περὶ
1431 3821 1632 3895 ταύτης
1656 3824 1887 3895 εἰρήκα-

294 3936 434 3990 μεν,
476 3913 522 3972 ὦ
568 3917 910 3989 ἐπιπόθητοι.
953 3912 1430 3987 Ἐπηγγειλάμεθα
1475 3912 1582 3985 γὰρ
1617 3915 1724 3969 ἀπὸ
1756 3914 1891 3968 ἐκά-

299 4026 440 4079 στης
467 4010 567 4080 τῆς
589 4010 604 4040 ί
637 4010 733 4080 μὲν
755 4008 1020 4079 αἱρέσεως
1040 4007 1114 4078 μὴ
1141 4006 1424 4076 φθονῆσαι,
1450 4006 1588 4061 ἀλλὰ
1616 4008 1889 4078 ὑποφῆναι

297 4103 362 4155 εί
394 4116 456 4154 τε
506 4101 572 4154 δι’
629 4100 816 4171 ἀκοῆς,
860 4099 897 4153 ἆ
938 4116 996 4152 τε
1028 4098 1131 4152 ὑπὸ
1161 4099 1473 4169 ἐγγράφων,
1517 4099 1610 4153 καὶ
1640 4099 1675 4153 ἃ
1700 4116 1757 4152 τε
1786 4099 1891 4151 ὑπό

290 4210 466 4247 τινων
498 4191 713 4263 ἀληθῶς
738 4192 1167 4263 πιστωσαμένων
1202 4190 1298 4260 τὴν
1322 4188 1479 4260 ἡμῶν
1512 4190 1721 4244 ἔννοιαν
1753 4207 1891 4244 κατ-

297 4280 643 4352 ειληφαμενο
678 4281 788 4343 ἵνα,
825 4280 989 4351 μηδέν
1038 4298 1092 4333 τι
1126 4279 1377 4350 περιττὸν
1407 4271 1481 4332 ὧν
1513 4278 1613 4348 (τε)
1644 4279 1890 4349 ἔγνωμεν

294 4373 688 4444 ποιησάμενοι,
720 4373 824 4426 ὑπὸ
861 4372 1164 4444 συνείδησιν
1195 4370 1436 4441 δόξωμεν
1467 4366 1627 4435 εἶναι,
1663 4371 1738 4442 μὴ
1757 4370 1891 4441 όρθὰ

298 4468 405 4524 καὶ
460 4467 614 4521 αὐτοὶ
668 4466 1089 4536 ὲφευρίσκοντες
1141 4464 1282 4518 κατὰ
1330 4463 1631 4537 ἀνθρώπων
1675 4463 1885 4531 λέγειν,

1980 564 2086 618 que
2123 551 2232 604 vim
2281 552 2596 607 nolentibus
2627 552 2829 606 attulit.
2870 550 2990 606 Non
3036 550 3183 607 enim
3222 567 3414 609 omnes
3460 555 3557 625 qui

1978 646 2092 695 toto
2132 641 2266 696 orbe
2298 649 2447 701 sunt.
2489 640 2797 696 Maximillae
2836 656 3035 697 nomen
3062 641 3265 707 sciunt,
3310 649 3404 697 aut
3436 643 3557 712 ejus

1975 730 2116 785 falsa
2149 732 2404 802 dogmata
2430 740 2484 788 et
2510 748 2792 790 sermones
2835 734 3146 788 audierunt.
3198 732 3290 788 Sic
3327 736 3555 789 omnino

1977 821 2210 876 conﬁcta
2269 822 2488 878 illorum
2532 825 2744 879 somnia
2806 840 3070 897 nugaeque
3133 825 3452 893 concidunt,
3496 835 3558 881 ut

1970 928 2097 983 qua:
2127 914 2263 968 nihil
2307 915 2549 970 habeant
2588 932 2711 970 cum
2739 916 2923 972 divina
2965 919 3195 973 veritate
3232 933 3552 973 commune.

2044 1004 2211 1075 416
2223 1005 2364 1060 XIV.
2390 1006 2659 1063 Caeterum
2680 1009 2839 1064 iidem
2869 1009 2945 1063 illi
2966 1010 3241 1067 desertum
3261 1013 3553 1081 quemdam

1979 1096 2034 1151 in
2064 1096 2298 1168 Phrygia
2322 1100 2502 1154 locum
2533 1101 2804 1170 praecipue
2821 1110 3170 1168 venerantur,
3200 1104 3292 1158 ubi
3337 1102 3552 1174 Pepuza

1978 1189 2254 1258 quondam
2289 1191 2549 1261 oppidum
2584 1192 2708 1256 fuit,
2746 1193 2892 1261 quod
2935 1193 3096 1248 hodie
3128 1195 3244 1250 solo
3279 1205 3552 1266 aequatum

1978 1289 2082 1335 est.
2120 1281 2197 1336 Eo
2230 1283 2496 1352 siquidem
2532 1284 2862 1339 descendere
2892 1286 3171 1341 cmlcstem
3212 1286 3556 1343 Ilierusalcm

1972 1370 2267 1428 atﬁrmant.
2331 1374 2474 1445 Ergo
2526 1376 2619 1430 illo
2676 1376 3120 1446 proﬁciscuntur,
3174 1393 3240 1434 ac
3297 1380 3556 1448 mysteria

1979 1464 2226 1533 quaedam
2285 1465 2515 1531 obeunt,
2574 1469 2859 1539 sacrisque
2918 1470 3259 1526 caeremoniis
3308 1486 3406 1540 pro
3454 1485 3557 1525 sua

1980 1555 2237 1624 opinione
2286 1557 2585 1612 celebrant.
2621 1559 2718 1613 Est
2746 1559 2891 1614 enim
2937 1561 3217 1615 hominum
3252 1561 3344 1615 illa
3389 1561 3558 1616 factio

1979 1662 2077 1716 per
2120 1645 2542 1717 Cappadociam,
2583 1648 2870 1714 Galatiam,
2921 1650 3346 1723 Phrygiamque,
3392 1670 3556 1724 quam

1980 1743 2106 1791 ante
2141 1739 2714 1804 commemoravimus,
2747 1740 3027 1810 dispersa;
3061 1742 3208 1797 unde
3256 1749 3309 1798 et
3358 1758 3550 1796 secun—
3620 1798 3629 1803 _

1982 1827 2107 1880 dum
2148 1827 2390 1898 Phrygas
2432 1836 2581 1883 secta
2634 1829 2855 1884 dicitur.
2908 1829 3014 1884 Sed
3058 1841 3111 1885 et
3155 1832 3210 1885 in
3245 1832 3456 1896 Cilicia,
3504 1839 3562 1887 et

1911 1903 1952 1958 Β
1981 1915 2453 1985 Constantinopoli
2484 1915 2927 1987 frequentissima
2958 1919 3222 1972 cernitur.

2050 2005 2337 2061 Postremo
2378 2022 2448 2062 ne
2492 2008 2621 2078 quid
2644 2009 2916 2077 _omisisse
2960 2009 3267 2074 videamur,
3307 2011 3455 2079 quod
3492 2011 3561 2065 ad

1982 2099 2319 2169 singularum
2354 2100 2872 2169 comprehensarum
2912 2115 2942 2154 a
2968 2101 3126 2155 nobis
3159 2102 3437 2157 lmreseon
3468 2119 3564 2173 ap-

1983 2192 2335 2261 pellationem
2385 2193 2660 2262 pertinet,
2722 2193 2789 2247 de
2844 2192 3369 2263 Tascodrugitarum
3426 2210 3564 2251 vere

1985 2281 2247 2336 nonnulla
2279 2280 2511 2334 dicenda
2537 2287 2686 2334 sunt.
2720 2280 2835 2335 Hoc
2873 2282 3017 2335 enim
3051 2297 3248 2337 nomen
3277 2284 3359 2338 vel
3393 2300 3563 2353 penes

1986 2369 2123 2423 hanc
2159 2369 2355 2439 ipsam,
2398 2372 2482 2425 vel
2514 2386 2679 2440 penes
2710 2382 3029 2441 sequentem
3078 2373 3560 2439 Quintillianorum

1986 2461 2219 2516 lueresin
2282 2462 2505 2517 resedit.
2576 2462 2820 2518 Indidem
2875 2464 3022 2518 enim
3078 2464 3181 2519 hoc
3232 2465 3559 2520 vocabulum

1986 2553 2251 2623 originem
2301 2556 2530 2624 accepit.
2580 2553 2750 2625 Igitur
2782 2554 3194 2627 Tascodrugitm
3230 2556 3434 2612 idcirco
3468 2573 3564 2611 co-

1986 2642 2286 2711 gnominati
2316 2651 2465 2707 sunt,
2506 2643 2651 2711 quod
2686 2644 2888 2707 τασκός
2911 2646 3129 2698 illorum
3159 2646 3343 2715 lingua
3387 2649 3566 2715 paxil-

1990 2730 2096 2784 lum
2113 2733 2412 2803 signiﬁcat;
2435 2734 2700 2804 δροῦγκος
2729 2750 2855 2791 vero
2895 2752 3105 2802 nasum,
3158 2737 3272 2791 sive
3307 2750 3561 2792 rostrum.

1989 2820 2144 2888 Quod
2177 2825 2343 2893 igitur
2374 2826 2516 2880 inter
2548 2827 2813 2881 orandum
2849 2827 3083 2883 indicem
3112 2843 3306 2883 manus
3336 2829 3565 2898 digitum

1990 2930 2126 2970 naso
2176 2917 2485 2985 imponunt,
2517 2925 2577 2970 ut
2625 2918 2793 2971 animi
2830 2919 3137 2983 tristitiam,
3169 2927 3225 2975 et
3258 2920 3564 2975 aﬂ'ectatam

1990 3006 2280 3073 quamdam
2322 3008 2670 3063 sanctitatem
2719 3023 2831 3078 pra:
2874 3024 2934 3063 se
2984 3010 3183 3075 ferant,
3215 3027 3245 3064 a
3286 3014 3566 3067 nonnullis

1991 3096 2111 3151 ideo
2141 3096 2550 3168 Tascodrugitaa
2582 3100 2959 3165 nominantur,
2996 3105 3155 3170 quasi
3191 3103 3569 3161 Paxillonaso-

1991 3205 2081 3242 ne:
2113 3188 2338 3245 dixeris.
2383 3189 2489 3244 Sed
2532 3191 2589 3245 in
2634 3191 2736 3246 hac
2769 3191 3037 3257 Montani,
3089 3195 3171 3250 vel
3207 3196 3260 3250 in
3297 3197 3416 3265 ejus
3443 3213 3568 3267 ger-

1991 3296 2152 3335 mana
2188 3281 2694 3348 Quintillianorum,
2733 3292 2826 3338 aut
2875 3294 3023 3341 certe
3072 3285 3564 3350 Prisciilianorum.

1987 3381 2043 3429 et
2086 3372 2521 3443 Pepuzianorum
2564 3374 2759 3431 haeresi
2812 3376 3145 3431 horrendum
3202 3380 3460 3449 quiddam
3502 3395 3566 3434 ac

1988 3461 2372 3518 detestandum
2402 3462 2521 3518 ﬁeri
2562 3464 2784 3518 dicitur.
2819 3463 2953 3518 Nam
2986 3465 3315 3522 infantulum
3351 3482 3447 3539 per
3475 3484 3568 3524 so-

1988 3553 2170 3609 lemne
2209 3554 2481 3624 quoddam
2519 3555 2718 3611 testum
2764 3556 2975 3613 acubus
3001 3560 3159 3613 areis
3188 3566 3305 3613 toto
3340 3574 3569 3629 corpore

1990 3651 2319 3713 pungentes,
2347 3653 2634 3714 exceptum
2662 3645 2987 3716 sanguinem
3014 3647 3301 3704 sacriﬁciis
3324 3651 3440 3705 suis
3463 3650 3567 3703 ad-

1991 3732 2197 3788 hibent.
2712 3780 2717 3790 .

2062 3823 2178 3879 XV.
2233 3823 2337 3881 Sed
2394 3826 2456 3881 de
2512 3826 2617 3881 hac
2675 3826 2870 3885 haeresi
2924 3829 3059 3887 satis
3110 3830 3393 3888 hactenus.
3453 3831 3571 3886 Hoc

1989 3915 2139 3970 enim
2180 3914 2238 3969 in
2281 3930 2609 3989 unaquaque
2638 3919 3019 3989 suscepimus;
3056 3922 3195 3975 nihil
3248 3932 3308 3977 ut
3356 3931 3572 3993 practer-

1990 4007 2352 4072 mitteremus,
2395 4008 2489 4062 sed
2535 4009 2771 4078 ingenue
2820 4013 3375 4078 communicaremus,
3420 4017 3567 4083 quod

1990 4097 2072 4152 vel
2091 4097 2368 4152 auditione
2384 4110 2743 4168 compertum,
2767 4101 2852 4156 vel
2878 4102 3110 4156 aliorum
3142 4104 3364 4172 scriptis
3392 4106 3573 4174 prodi--

1992 4193 2129 4250 tum,
2158 4187 2244 4240 vel
2288 4188 2699 4254 nonnullorum,
2744 4190 2838 4259 qui
2876 4189 3035 4245 ﬁdem
3067 4192 3229 4246 nobis
3282 4191 3566 4256 fecissent,

1991 4278 2377 4336 testiﬁcatione
2425 4280 2709 4351 cognitum
2757 4281 3089 4338 haberemus
3134 4300 3146 4336 :
3197 4298 3266 4338 ne
3312 4284 3359 4339 si
3413 4285 3569 4353 plura

1993 4386 2156 4442 quam
2205 4386 2326 4440 quae
2369 4375 2704 4441 accepimus,
2750 4373 3013 4428 mandare
3052 4374 3272 4444 scriptis
3316 4376 3568 4439 velimus,

1994 4460 2048 4514 in
2079 4477 2199 4516 eam
2251 4465 2620 4535 suspicionem
2671 4466 2868 4521 merito
2911 4464 3221 4533 veniamus,
3266 4482 3433 4536 prava
3467 4484 3570 4521 nos

298 4556 449 4617 ἀλλὰ
511 4555 910 4618 ὑποπίπτοντες
955 4554 1135 4619 πάθει,
1183 4547 1227 4621 ᾧ
1259 4554 1353 4606 καὶ
1397 4553 1552 4607 αὐτοὶ
1587 4553 1885 4618 ὑπέπεσαν,

1995 4553 2242 4623 quzedam
2291 4564 2346 4610 et
2393 4555 2632 4612 absurda
2686 4572 2752 4612 eo
2794 4557 3130 4614 conﬁnxisse
3176 4559 3379 4622 studio,
3413 4569 3472 4614 ut
3502 4563 3572 4616 ad

296 4647 565 4718 ἀλήθειαν
598 4646 672 4717 μὴ
692 4645 960 4713 λέγοντες,
992 4644 1129 4699 ἀλλὰ
1156 4643 1518 4715 κηρύσσοντες
1545 4643 1581 4697 δι
1619 4644 1692 4715 μὴ
1718 4645 1897 4717 ὲωράυ
1930 4656 1944 4671 "

304 4756 494 4803 κασιν,
525 4737 644 4791 οὐδὲ
673 4736 1071 4808 ἥκουσαν,οὐδὲ
1098 4736 1252 4807 παρὰ
1279 4736 1378 4807 τῆς
1398 4735 1611 4806 ἀληθῶς
1634 4737 1894 4792 διδασκα-

302 4834 436 4896 λίας
483 4832 578 4886 τοῦ
618 4832 772 4899 ἁγίου
814 4830 1130 4902 Πνεύματος
1159 4830 1581 4901 παρειλήφασιν.
1627 4830 1892 4902 Ἀκριϐῶς

300 4926 373 4980 δὲ
406 4926 602 4983 πάντα,
621 4925 696 4987 ὡς
726 4922 881 4991 ἔφην,
905 4920 1305 4992 διεξερχόμενοι
1339 4919 1466 4990 περὶ
1491 4920 1725 4991 ἑκάστης
1743 4921 1893 4993 αἶρέ-ο

303 5033 470 5079 σεως,
526 5016 588 5069 τὸ
622 5016 717 5085 μὲν
761 5013 934 5071 δεινὸν
986 5010 1462 5073 ἀποκαλύπτοντες
1504 5012 1584 5074 εἰς
1610 5010 1892 5081 διόρθωσιν

296 5108 419 5163 τῶν
448 5104 1019 5178 παρεντυγχανόντων,
1052 5103 1148 5155 καὶ
1182 5101 1270 5154 διὰ
1310 5101 1409 5172 τῆς
1437 5103 1752 5173 ἀνατροπῆς
1782 5105 1892 5157 τῶν

300 5200 420 5255 ἀπὸ
447 5198 603 5252 θείων
627 5197 822 5266 λόγων,
842 5196 936 5249 καὶ
967 5194 1026 5261 ἐξ
1057 5191 1233 5264 ὀρθῶν
1261 5191 1535 5261 λογισμῶν
1558 5193 1890 5265 ποιούμενοι,

305 5290 539 5357 ἰατικὸν,
589 5288 666 5353 ῶς
690 5290 896 5353 ⁷είπεῖν,
923 5284 1211 5357 φάρμακον
1246 5283 1389 5347 κατὰ
1412 5281 1625 5346 διττοὺς
1658 5284 1892 5355 τρόπους

386 5406 404 5437 ⁸
434 5405 548 5460 Del.
573 5404 695 5475 τῆς,
731 5411 785 5458 et
812 5416 935 5457 mox
966 5401 1072 5471 leg.
1096 5398 1193 5454 ἆτε
1218 5398 1285 5453 δι’
1316 5398 1436 5452 ἁκο.

381 5514 462 5587 (4)
502 5518 629 5571 Ἵνα
664 5514 733 5570 δὲ
769 5513 966 5587 μηδὲν
997 5510 1499 5587 σςαταβείψωμενεη
1513 5505 1887 5587 Theodoretus

307 5577 655 5644 Aseodrutas
675 5622 699 5648 ,-
740 5577 1281 5649 vel'Ascodrupitas,
1313 5580 1430 5633 sive
1458 5577 1887 5647 Taseodrupitas

307 5659 594 5732 appellat:
625 5657 718 5726 qui
745 5655 959 5732 illorpm
987 5651 1240 5732 dogmata
1269 5649 1516 5732 pluribus
1546 5650 1882 5732 exsequi-tur.

291 5717 659 5794 ,P'h'ilastrius'
690 5740 829 5785 vero,
858 5717 1251 5791 Ascodr'ogitas
1270 5717 1286 5720 ⁷
1309 5734 1341 5775 a
1397 5717 1890 5789 Passaloryncbitis

310 5797 574 5855 secernit.

1996 4648 2377 4704 haereticorum
2421 4648 2681 4705 invidiam
2710 4650 2780 4705 iis
2824 4650 3247 4715 ascriberemus,
3271 4651 3573 4721 eodemque

1994 4751 2106 4808 quo
2139 4737 2219 4792 illi
2251 4739 2483 4795 crimine
2517 4750 2823 4813 teneamur,
2857 4741 2953 4810 qui
2984 4741 3097 4796 veri
3132 4742 3269 4805 nihil
3300 4742 3570 4803 alierum:

1996 4830 2090 4885 sed
2118 4845 2240 4900 quae
2270 4846 2548 4901 nunquam
2578 4840 2675 4887 aut
2702 4833 3001 4898 audierint,
3035 4841 3128 4886 aut
3171 4835 3431 4901 viderint,
3478 4844 3573 4888 aut

1995 4935 2253 4989 germana
2286 4921 2549 4991 ,Spiritus
2605 4924 2784 4978 sancti
2818 4923 3112 4995 disciplina
3167 4923 3482 4987 didicerint,
3516 4926 3573 4979 in

1996 5012 2233 5067 medium
2279 5012 2580 5069 adducunt.
2619 5013 2755 5067 Cum
2809 5013 2975 5084 igitur
3012 5021 3287 5081 accurate,
3333 5021 3395 5068 ut
3430 5014 3572 5067 dixi-

1996 5118 2139 5170 mus,
2174 5106 2357 5159 omnia
2388 5120 2508 5175 qua:
2539 5104 2703 5176 417
2742 5105 2811 5159 ad
2853 5120 3295 5174 unamquamque
3322 5110 3572 5172 spectant

1995 5194 2231 5251 haeresin
2280 5196 2831 5266 comprehendamus,
2885 5196 3020 5251 adeo
3063 5204 3122 5249 ut
3166 5195 3312 5265 quod
3360 5197 3416 5251 in
3465 5198 3573 5253 illis

1996 5288 2288 5344 exitiosum
2327 5297 2433 5353 est,
2466 5304 2530 5343 ac
2560 5286 2901 5358 pestiferum,
2933 5288 3001 5342 ad
3028 5289 3292 5343 lectorum
3322 5291 3575 5345 emcnda-
3632 5296 3637 5301 ‘

2068 5507 2145 5576 (5)
2165 5505 2394 5587 τασκὸς
2404 5508 2540 5587 παρ’
2552 5505 3109 5587 αιᾷτοῖςίτάσᾳαλος,
3125 5514 3290 5587 aee.
3316 5514 3574 5587 Drungus

1995 5593 2099 5632 vox
2133 5584 2218 5629 est
2246 5590 2277 5630 a
2311 5577 2711 5649 recentioribus
2733 5576 2938 5632 Graecis
2988 5582 3238 5649 perinde.
3273 5600 3336 5638 ac
3363 5576 3572 5642 Latinis
3661 5588 3685 5612 ‘

1994 5653 2280 5721 usurpata,
2325 5662 2487 5721 quam
2539 5661 2570 5699 a
2606 5644 2797 5721 graeca
2826 5644 3035 5721 eam;
3085 5653 3353 5708 detortam
3396 5658 3569 5715 inunit

1998 5714 2362 5795 Epiphanius?
2385 5714 2698 5795 veget._lib.
2736 5733 2796 5771 ιιι
2821 5714 2847 5780 ,⁷
2873 5714 3026 5773 (ιζ’ἰϐ
3079 5732 3132 5775 et
3174 5720 3446 5795 19.9Inbos
3476 5741 3572 5794 ap-

1999 5787 2191 5857 pellat,
2230 5787 2685 5856 quemadmodum
2709 5800 2760 5843 et
2788 5803 2993 5846 cuneos
3017 5803 3174 5862 caput
3201 5787 3495 5863 porcinum.
