  <div class='ocr_page' id='page_1' title='image "/cluster/home/n/w/nwhite01/storage/ocr_20150623/41:no.1/coo.31924054869387/450.png"; bbox 0 0 3958 6416; ppageno 0'>
   <div class='ocr_carea' id='block_1_1' title="bbox 281 286 393 342">
    <p class='ocr_par' dir='ltr' id='par_1_1' title="bbox 281 286 393 342">
     <span class='ocr_line' id='line_1_1' title="bbox 281 286 393 342; baseline 0.009 -1"><span class='ocrx_word' id='word_1_1' title='bbox 281 286 393 342; x_wconf 81' lang='grc'><strong>835</strong></span> 
     </span>
    </p>
   </div>
   <div class='ocr_carea' id='block_1_2' title="bbox 996 281 2842 341">
    <p class='ocr_par' dir='ltr' id='par_1_2' title="bbox 996 281 2842 341">
     <span class='ocr_line' id='line_1_2' title="bbox 996 281 2842 341; baseline 0.002 -4"><span class='ocrx_word' id='word_1_2' title='bbox 996 282 1373 341; x_wconf 75' lang='lat' dir='ltr'><strong>ADVERSUS</strong></span> <span class='ocrx_word' id='word_1_3' title='bbox 1410 281 1755 340; x_wconf 80' lang='lat' dir='ltr'><strong>IUERESES</strong></span> <span class='ocrx_word' id='word_1_4' title='bbox 1790 282 1921 339; x_wconf 86' lang='lat' dir='ltr'><strong>LIB.</strong></span> <span class='ocrx_word' id='word_1_5' title='bbox 1951 281 2015 340; x_wconf 85' lang='lat' dir='ltr'><strong>ll.</strong></span> <span class='ocrx_word' id='word_1_6' title='bbox 2063 282 2227 339; x_wconf 74' lang='lat' dir='ltr'><strong>TOM.</strong></span> <span class='ocrx_word' id='word_1_7' title='bbox 2264 282 2307 341; x_wconf 89' lang='grc' dir='ltr'>Ῐ.</span> <span class='ocrx_word' id='word_1_8' title='bbox 2348 314 2418 325; x_wconf 89' lang='lat'><strong>--—</strong></span> <span class='ocrx_word' id='word_1_9' title='bbox 2457 283 2734 340; x_wconf 64' lang='lat' dir='ltr'><strong>lleRES.</strong></span> <span class='ocrx_word' id='word_1_10' title='bbox 2779 284 2842 341; x_wconf 86' lang='lat' dir='ltr'><strong>L.</strong></span> 
     </span>
    </p>
   </div>
   <div class='ocr_carea' id='block_1_3' title="bbox 3443 289 3549 344">
    <p class='ocr_par' dir='ltr' id='par_1_3' title="bbox 3443 289 3549 344">
     <span class='ocr_line' id='line_1_3' title="bbox 3443 289 3549 344; baseline 0.057 -8"><span class='ocrx_word' id='word_1_11' title='bbox 3443 289 3549 344; x_wconf 61' lang='lat'><strong>836</strong></span> 
     </span>
    </p>
   </div>
   <div class='ocr_carea' id='block_1_4' title="bbox 277 402 1875 478">
    <p class='ocr_par' dir='ltr' id='par_1_4' title="bbox 277 404 1869 478">
     <span class='ocr_line' id='line_1_4' title="bbox 277 404 1869 478; baseline -0.002 -18"><span class='ocrx_word' id='word_1_12' title='bbox 277 407 543 474; x_wconf 81' lang='grc' dir='ltr'>ἄγοντες,</span> <span class='ocrx_word' id='word_1_13' title='bbox 593 406 686 458; x_wconf 75' lang='grc' dir='ltr'><strong>καὶ</strong></span> <span class='ocrx_word' id='word_1_14' title='bbox 720 405 819 476; x_wconf 80' lang='grc' dir='ltr'>τὴν</span> <span class='ocrx_word' id='word_1_15' title='bbox 872 405 1041 476; x_wconf 76' lang='grc' dir='ltr'>αὐτὴν</span> <span class='ocrx_word' id='word_1_16' title='bbox 1078 404 1209 475; x_wconf 86' lang='grc' dir='ltr'>μίαν</span> <span class='ocrx_word' id='word_1_17' title='bbox 1238 404 1453 478; x_wconf 74' lang='grc' dir='ltr'>ἡμέραν</span> <span class='ocrx_word' id='word_1_18' title='bbox 1494 404 1869 475; x_wconf 75' lang='grc' dir='ltr'>νηστεύοντες,</span> 
     </span>
    </p>
   </div>
   <div class='ocr_carea' id='block_1_5' title="bbox 1982 402 3557 478">
    <p class='ocr_par' dir='ltr' id='par_1_5' title="bbox 1982 402 3557 474">
     <span class='ocr_line' id='line_1_5' title="bbox 1982 402 3557 474; baseline -0.002 -15"><span class='ocrx_word' id='word_1_19' title='bbox 1982 403 2207 474; x_wconf 81' lang='lat' dir='ltr'><strong>demque</strong></span> <span class='ocrx_word' id='word_1_20' title='bbox 2246 403 2391 459; x_wconf 89' lang='lat' dir='ltr'><strong>diem</strong></span> <span class='ocrx_word' id='word_1_21' title='bbox 2445 404 2766 469; x_wconf 75' lang='lat' dir='ltr'><strong>observant,</strong></span> <span class='ocrx_word' id='word_1_22' title='bbox 2822 410 2876 458; x_wconf 88' lang='lat' dir='ltr'><strong>et</strong></span> <span class='ocrx_word' id='word_1_23' title='bbox 2929 418 3037 457; x_wconf 91' lang='lat' dir='ltr'><strong>una</strong></span> <span class='ocrx_word' id='word_1_24' title='bbox 3082 402 3385 472; x_wconf 83' lang='lat' dir='ltr'><strong>eademque</strong></span> <span class='ocrx_word' id='word_1_25' title='bbox 3407 403 3557 472; x_wconf 73' lang='lat' dir='ltr'><strong>jeju-</strong></span> 
     </span>
    </p>
   </div>
   <div class='ocr_carea' id='block_1_6' title="bbox 278 494 1862 567">
    <p class='ocr_par' dir='ltr' id='par_1_6' title="bbox 278 494 1862 567">
     <span class='ocr_line' id='line_1_6' title="bbox 278 494 1862 567; baseline 0.001 -20"><span class='ocrx_word' id='word_1_26' title='bbox 278 496 382 548; x_wconf 71' lang='grc' dir='ltr'><strong>καὶ</strong></span> <span class='ocrx_word' id='word_1_27' title='bbox 420 494 490 547; x_wconf 71' lang='grc' dir='ltr'>τὰ</span> <span class='ocrx_word' id='word_1_28' title='bbox 549 496 824 567; x_wconf 75' lang='grc' dir='ltr'><strong>μυστήρια</strong></span> <span class='ocrx_word' id='word_1_29' title='bbox 890 494 1294 559; x_wconf 75' lang='grc' dir='ltr'><strong>ἐπιτελοῦντες,</strong></span> <span class='ocrx_word' id='word_1_30' title='bbox 1330 495 1438 548; x_wconf 72' lang='grc' dir='ltr'><strong>ἀπὸ</strong></span> <span class='ocrx_word' id='word_1_31' title='bbox 1493 497 1604 549; x_wconf 86' lang='grc' dir='ltr'><strong>τῶν</strong></span> <span class='ocrx_word' id='word_1_32' title='bbox 1648 496 1862 548; x_wconf 82' lang='grc' dir='ltr'>Ἀκτων</span> 
     </span>
    </p>
   </div>
   <div class='ocr_carea' id='block_1_7' title="bbox 277 585 1863 659">
    <p class='ocr_par' dir='ltr' id='par_1_7' title="bbox 277 585 1863 659">
     <span class='ocr_line' id='line_1_7' title="bbox 277 585 1863 659; baseline 0 -19"><span class='ocrx_word' id='word_1_33' title='bbox 277 586 445 655; x_wconf 76' lang='grc' dir='ltr'>δῆοεν</span> <span class='ocrx_word' id='word_1_34' title='bbox 475 585 705 639; x_wconf 75' lang='grc' dir='ltr'><strong>Πιλάτου</strong></span> <span class='ocrx_word' id='word_1_35' title='bbox 744 587 969 657; x_wconf 77' lang='grc' dir='ltr'>αὐχοῦσι</span> <span class='ocrx_word' id='word_1_36' title='bbox 1008 585 1106 657; x_wconf 75' lang='grc' dir='ltr'><strong>τὴν</strong></span> <span class='ocrx_word' id='word_1_37' title='bbox 1138 586 1424 658; x_wconf 77' lang='grc' dir='ltr'>ἀκρίϐειαν</span> <span class='ocrx_word' id='word_1_38' title='bbox 1460 586 1776 659; x_wconf 80' lang='grc' dir='ltr'><strong>εὑρηκέναι,</strong></span> <span class='ocrx_word' id='word_1_39' title='bbox 1805 589 1863 640; x_wconf 84' lang='grc' dir='ltr'>ὲν</span> 
     </span>
    </p>
   </div>
   <div class='ocr_carea' id='block_1_8' title="bbox 277 670 1863 748">
    <p class='ocr_par' dir='ltr' id='par_1_8' title="bbox 277 670 1863 748">
     <span class='ocr_line' id='line_1_8' title="bbox 277 670 1863 748; baseline 0 -20"><span class='ocrx_word' id='word_1_40' title='bbox 277 670 363 739; x_wconf 75' lang='grc' dir='ltr'>οἷς</span> <span class='ocrx_word' id='word_1_41' title='bbox 405 677 721 746; x_wconf 76' lang='grc' dir='ltr'><strong>ἐμφέρεται,</strong></span> <span class='ocrx_word' id='word_1_42' title='bbox 761 678 827 747; x_wconf 86' lang='grc' dir='ltr'>τῇ</span> <span class='ocrx_word' id='word_1_43' title='bbox 869 678 973 747; x_wconf 83' lang='grc' dir='ltr'><strong>πρὸ</strong></span> <span class='ocrx_word' id='word_1_44' title='bbox 1000 675 1143 729; x_wconf 82' lang='grc' dir='ltr'>ὀκτὼ</span> <span class='ocrx_word' id='word_1_45' title='bbox 1195 675 1491 730; x_wconf 81' lang='grc' dir='ltr'>Καλανδῶν</span> <span class='ocrx_word' id='word_1_46' title='bbox 1541 675 1863 748; x_wconf 82' lang='grc' dir='ltr'>Ἀπριλλίων</span> 
     </span>
    </p>
   </div>
   <div class='ocr_carea' id='block_1_9' title="bbox 277 767 1863 839">
    <p class='ocr_par' dir='ltr' id='par_1_9' title="bbox 277 767 1863 839">
     <span class='ocr_line' id='line_1_9' title="bbox 277 767 1863 839; baseline -0.003 -17"><span class='ocrx_word' id='word_1_47' title='bbox 277 768 376 822; x_wconf 74' lang='grc' dir='ltr'>τὸν</span> <span class='ocrx_word' id='word_1_48' title='bbox 428 769 655 839; x_wconf 78' lang='grc' dir='ltr'><strong>Σωτῆρα</strong></span> <span class='ocrx_word' id='word_1_49' title='bbox 687 768 1033 822; x_wconf 78' lang='grc' dir='ltr'>πεπονθέναι.</span> <span class='ocrx_word' id='word_1_50' title='bbox 1087 768 1194 821; x_wconf 77' lang='grc' dir='ltr'><strong>Καὶ</strong></span> <span class='ocrx_word' id='word_1_51' title='bbox 1233 769 1289 821; x_wconf 80' lang='grc' dir='ltr'>ὲν</span> <span class='ocrx_word' id='word_1_52' title='bbox 1341 767 1525 838; x_wconf 74' lang='grc' dir='ltr'>ἐκείνῃ</span> <span class='ocrx_word' id='word_1_53' title='bbox 1576 769 1639 837; x_wconf 84' lang='grc' dir='ltr'>τῇ</span> <span class='ocrx_word' id='word_1_54' title='bbox 1682 767 1863 837; x_wconf 83' lang='grc' dir='ltr'>ἡμέρᾳ</span> 
     </span>
    </p>
   </div>
   <div class='ocr_carea' id='block_1_10' title="bbox 281 857 1862 931">
    <p class='ocr_par' dir='ltr' id='par_1_10' title="bbox 281 857 1862 931">
     <span class='ocr_line' id='line_1_10' title="bbox 281 857 1862 931; baseline -0.002 -19"><span class='ocrx_word' id='word_1_55' title='bbox 281 860 565 931; x_wconf 80' lang='grc' dir='ltr'>βούλονται</span> <span class='ocrx_word' id='word_1_56' title='bbox 622 860 773 926; x_wconf 81' lang='grc' dir='ltr'>ἄγειν</span> <span class='ocrx_word' id='word_1_57' title='bbox 818 858 879 912; x_wconf 80' lang='grc' dir='ltr'><strong>τὸ</strong></span> <span class='ocrx_word' id='word_1_58' title='bbox 928 858 1139 928; x_wconf 80' lang='grc' dir='ltr'>Πάσχα,</span> <span class='ocrx_word' id='word_1_59' title='bbox 1195 857 1356 928; x_wconf 76' lang='grc' dir='ltr'>ὁποίᾳ</span> <span class='ocrx_word' id='word_1_60' title='bbox 1382 858 1426 910; x_wconf 86' lang='grc' dir='ltr'>δ’</span> <span class='ocrx_word' id='word_1_61' title='bbox 1463 857 1529 911; x_wconf 76' lang='grc' dir='ltr'><strong>ἂν</strong></span> <span class='ocrx_word' id='word_1_62' title='bbox 1569 857 1787 927; x_wconf 83' lang='grc' dir='ltr'>ἐμπέσῃ</span> <span class='ocrx_word' id='word_1_63' title='bbox 1828 858 1862 927; x_wconf 79' lang='grc' dir='ltr'>ἡ</span> 
     </span>
    </p>
   </div>
   <div class='ocr_carea' id='block_1_11' title="bbox 277 948 1864 1022">
    <p class='ocr_par' dir='ltr' id='par_1_11' title="bbox 277 948 1864 1022">
     <span class='ocr_line' id='line_1_11' title="bbox 277 948 1864 1022; baseline -0.003 -18"><span class='ocrx_word' id='word_1_64' title='bbox 277 950 848 1022; x_wconf 71' lang='grc' dir='ltr'>τεσσαρεσκαιδεκάτη</span> <span class='ocrx_word' id='word_1_65' title='bbox 898 950 996 1019; x_wconf 75' lang='grc' dir='ltr'>τῆς</span> <span class='ocrx_word' id='word_1_66' title='bbox 1045 949 1292 1019; x_wconf 79' lang='grc' dir='ltr'><strong>σελήνης.</strong></span> <span class='ocrx_word' id='word_1_67' title='bbox 1331 949 1392 1001; x_wconf 85' lang='grc' dir='ltr'><strong>Οἱ</strong></span> <span class='ocrx_word' id='word_1_68' title='bbox 1421 948 1476 1000; x_wconf 83' lang='grc' dir='ltr'>δὲ</span> <span class='ocrx_word' id='word_1_69' title='bbox 1509 950 1565 1000; x_wconf 86' lang='grc' dir='ltr'><strong>ὲν</strong></span> <span class='ocrx_word' id='word_1_70' title='bbox 1607 950 1673 1018; x_wconf 85' lang='grc' dir='ltr'>τῇ</span> <span class='ocrx_word' id='word_1_71' title='bbox 1707 949 1864 999; x_wconf 74' lang='grc' dir='ltr'>Καπε-</span> 
     </span>
    </p>
   </div>
   <div class='ocr_carea' id='block_1_12' title="bbox 280 1038 1864 1114">
    <p class='ocr_par' dir='ltr' id='par_1_12' title="bbox 280 1038 1864 1114">
     <span class='ocr_line' id='line_1_12' title="bbox 280 1038 1864 1114; baseline -0.004 -18"><span class='ocrx_word' id='word_1_72' title='bbox 280 1043 520 1114; x_wconf 72' lang='grc' dir='ltr'>παδοκία</span> <span class='ocrx_word' id='word_1_73' title='bbox 558 1041 655 1112; x_wconf 84' lang='grc' dir='ltr'><strong>τὴν</strong></span> <span class='ocrx_word' id='word_1_74' title='bbox 689 1041 857 1112; x_wconf 81' lang='grc' dir='ltr'>αὐτὴν</span> <span class='ocrx_word' id='word_1_75' title='bbox 889 1040 1016 1111; x_wconf 86' lang='grc' dir='ltr'>μίαν</span> <span class='ocrx_word' id='word_1_76' title='bbox 1047 1040 1257 1111; x_wconf 77' lang='grc' dir='ltr'>ἡμέραν</span> <span class='ocrx_word' id='word_1_77' title='bbox 1288 1041 1386 1109; x_wconf 85' lang='grc' dir='ltr'>τὴν</span> <span class='ocrx_word' id='word_1_78' title='bbox 1418 1039 1522 1111; x_wconf 71' lang='grc' dir='ltr'>πρὸ</span> <span class='ocrx_word' id='word_1_79' title='bbox 1574 1038 1718 1093; x_wconf 85' lang='grc' dir='ltr'>ὀκτὼ</span> <span class='ocrx_word' id='word_1_80' title='bbox 1750 1040 1864 1091; x_wconf 81' lang='grc' dir='ltr'>Κα-</span> 
     </span>
    </p>
   </div>
   <div class='ocr_carea' id='block_1_13' title="bbox 279 1128 1864 1204">
    <p class='ocr_par' dir='ltr' id='par_1_13' title="bbox 279 1128 1864 1204">
     <span class='ocr_line' id='line_1_13' title="bbox 279 1128 1864 1204; baseline -0.004 -17"><span class='ocrx_word' id='word_1_81' title='bbox 279 1134 495 1188; x_wconf 88' lang='grc' dir='ltr'>λανδῶν</span> <span class='ocrx_word' id='word_1_82' title='bbox 538 1132 864 1204; x_wconf 85' lang='grc' dir='ltr'>Ἀπριλλίων</span> <span class='ocrx_word' id='word_1_83' title='bbox 912 1131 1124 1199; x_wconf 83' lang='grc' dir='ltr'>ἄγουσι.</span> <span class='ocrx_word' id='word_1_84' title='bbox 1170 1132 1278 1184; x_wconf 68' lang='grc' dir='ltr'><strong>Καὶ</strong></span> <span class='ocrx_word' id='word_1_85' title='bbox 1314 1132 1371 1185; x_wconf 78' lang='grc' dir='ltr'>ἐν</span> <span class='ocrx_word' id='word_1_86' title='bbox 1415 1131 1595 1193; x_wconf 77' lang='grc' dir='ltr'>αὐτοῖς</span> <span class='ocrx_word' id='word_1_87' title='bbox 1634 1130 1691 1181; x_wconf 79' lang='grc' dir='ltr'>δὲ</span> <span class='ocrx_word' id='word_1_88' title='bbox 1736 1128 1864 1182; x_wconf 82' lang='grc' dir='ltr'>στά-</span> 
     </span>
    </p>
   </div>
   <div class='ocr_carea' id='block_1_14' title="bbox 281 1218 1867 1291">
    <p class='ocr_par' dir='ltr' id='par_1_14' title="bbox 281 1218 1867 1291">
     <span class='ocr_line' id='line_1_14' title="bbox 281 1218 1867 1291; baseline -0.006 -14"><span class='ocrx_word' id='word_1_89' title='bbox 281 1237 372 1287; x_wconf 86' lang='grc' dir='ltr'><strong>σις</strong></span> <span class='ocrx_word' id='word_1_90' title='bbox 402 1221 481 1291; x_wconf 85' lang='grc'>(9)</span> <span class='ocrx_word' id='word_1_91' title='bbox 510 1222 608 1291; x_wconf 82' lang='grc' dir='ltr'>οὐχ</span> <span class='ocrx_word' id='word_1_92' title='bbox 634 1223 666 1291; x_wconf 84' lang='grc' dir='ltr'>ἡ</span> <span class='ocrx_word' id='word_1_93' title='bbox 712 1218 971 1290; x_wconf 74' lang='grc' dir='ltr'>τυχοῦσα,</span> <span class='ocrx_word' id='word_1_94' title='bbox 994 1218 1103 1271; x_wconf 87' lang='grc' dir='ltr'><strong>τῶν</strong></span> <span class='ocrx_word' id='word_1_95' title='bbox 1141 1218 1240 1288; x_wconf 85' lang='grc' dir='ltr'><strong>μὲν</strong></span> <span class='ocrx_word' id='word_1_96' title='bbox 1269 1218 1537 1287; x_wconf 86' lang='grc' dir='ltr'>λεγόντων</span> <span class='ocrx_word' id='word_1_97' title='bbox 1569 1220 1635 1287; x_wconf 84' lang='grc' dir='ltr'>τῇ</span> <span class='ocrx_word' id='word_1_98' title='bbox 1672 1232 1867 1269; x_wconf 87' lang='grc' dir='ltr'>τεσσα-</span> 
     </span>
    </p>
   </div>
   <div class='ocr_carea' id='block_1_15' title="bbox 279 1306 1863 1390">
    <p class='ocr_par' dir='ltr' id='par_1_15' title="bbox 279 1306 1863 1390">
     <span class='ocr_line' id='line_1_15' title="bbox 279 1306 1863 1390; baseline -0.006 -21"><span class='ocrx_word' id='word_1_99' title='bbox 279 1314 676 1390; x_wconf 81' lang='grc' dir='ltr'>ρεσκαιδεκάτῃ</span> <span class='ocrx_word' id='word_1_100' title='bbox 724 1312 820 1382; x_wconf 84' lang='grc' dir='ltr'>τῆς</span> <span class='ocrx_word' id='word_1_101' title='bbox 846 1311 1072 1381; x_wconf 82' lang='grc' dir='ltr'>σελήνης</span> <span class='ocrx_word' id='word_1_102' title='bbox 1099 1309 1207 1373; x_wconf 85' lang='grc' dir='ltr'><strong>τῶν</strong></span> <span class='ocrx_word' id='word_1_103' title='bbox 1239 1309 1345 1381; x_wconf 75' lang='grc' dir='ltr'><strong>πρὸ</strong></span> <span class='ocrx_word' id='word_1_104' title='bbox 1394 1308 1537 1363; x_wconf 88' lang='grc' dir='ltr'>ὀκτὼ</span> <span class='ocrx_word' id='word_1_105' title='bbox 1571 1306 1863 1362; x_wconf 80' lang='grc' dir='ltr'>Καλανδῶν</span> 
     </span>
    </p>
   </div>
   <div class='ocr_carea' id='block_1_16' title="bbox 290 1399 1865 1474">
    <p class='ocr_par' dir='ltr' id='par_1_16' title="bbox 290 1399 1865 1474">
     <span class='ocr_line' id='line_1_16' title="bbox 290 1399 1865 1474; baseline -0.004 -16"><span class='ocrx_word' id='word_1_106' title='bbox 290 1403 641 1474; x_wconf 78' lang='grc' dir='ltr'>’Δπριλλίων.</span> <span class='ocrx_word' id='word_1_107' title='bbox 677 1403 795 1455; x_wconf 85' lang='grc' dir='ltr'>Ἔτι</span> <span class='ocrx_word' id='word_1_108' title='bbox 825 1400 880 1453; x_wconf 80' lang='grc' dir='ltr'>δὲ</span> <span class='ocrx_word' id='word_1_109' title='bbox 916 1399 1148 1473; x_wconf 77' lang='grc' dir='ltr'>εὕρομεν</span> <span class='ocrx_word' id='word_1_110' title='bbox 1176 1400 1489 1471; x_wconf 84' lang='grc' dir='ltr'>ἀντίγραφα</span> <span class='ocrx_word' id='word_1_111' title='bbox 1529 1402 1593 1453; x_wconf 81' lang='grc' dir='ltr'>ἐκ</span> <span class='ocrx_word' id='word_1_112' title='bbox 1620 1399 1727 1452; x_wconf 87' lang='grc' dir='ltr'><strong>τῶν</strong></span> <span class='ocrx_word' id='word_1_113' title='bbox 1768 1400 1865 1451; x_wconf 89' lang='grc' dir='ltr'><strong>Πι-</strong></span> 
     </span>
    </p>
   </div>
   <div class='ocr_carea' id='block_1_17' title="bbox 1944 486 3548 566">
    <p class='ocr_par' dir='ltr' id='par_1_17' title="bbox 1944 486 3548 566">
     <span class='ocr_line' id='line_1_17' title="bbox 1944 486 3548 566; baseline 0 -16"><span class='ocrx_word' id='word_1_114' title='bbox 1944 486 2127 558; x_wconf 58' lang='grc' dir='ltr'>ᾚοιιι,</span> <span class='ocrx_word' id='word_1_115' title='bbox 2162 509 2226 549; x_wconf 89' lang='lat' dir='ltr'><strong>ac</strong></span> <span class='ocrx_word' id='word_1_116' title='bbox 2261 495 2541 566; x_wconf 76' lang='lat' dir='ltr'><strong>mysteriis</strong></span> <span class='ocrx_word' id='word_1_117' title='bbox 2571 502 2890 565; x_wconf 76' lang='lat' dir='ltr'><strong>operantur.</strong></span> <span class='ocrx_word' id='word_1_118' title='bbox 2927 492 3062 549; x_wconf 89' lang='lat' dir='ltr'><strong>Nam</strong></span> <span class='ocrx_word' id='word_1_119' title='bbox 3095 511 3164 551; x_wconf 84' lang='lat' dir='ltr'><strong>ex</strong></span> <span class='ocrx_word' id='word_1_120' title='bbox 3203 495 3358 550; x_wconf 86' lang='lat' dir='ltr'><strong>Actis</strong></span> <span class='ocrx_word' id='word_1_121' title='bbox 3388 494 3548 550; x_wconf 82' lang='lat' dir='ltr'><strong>Pilati</strong></span> 
     </span>
    </p>
   </div>
   <div class='ocr_carea' id='block_1_18' title="bbox 1968 584 3549 654">
    <p class='ocr_par' dir='ltr' id='par_1_18' title="bbox 1968 584 3549 654">
     <span class='ocr_line' id='line_1_18' title="bbox 1968 584 3549 654; baseline 0.001 -16"><span class='ocrx_word' id='word_1_122' title='bbox 1968 594 2285 640; x_wconf 84' lang='lat' dir='ltr'><strong>accuratam</strong></span> <span class='ocrx_word' id='word_1_123' title='bbox 2337 600 2397 639; x_wconf 90' lang='lat' dir='ltr'><strong>se</strong></span> <span class='ocrx_word' id='word_1_124' title='bbox 2454 584 2621 654; x_wconf 85' lang='lat' dir='ltr'><strong>hujus</strong></span> <span class='ocrx_word' id='word_1_125' title='bbox 2679 585 2914 640; x_wconf 89' lang='lat' dir='ltr'><strong>instituti</strong></span> <span class='ocrx_word' id='word_1_126' title='bbox 2968 586 3237 641; x_wconf 86' lang='lat' dir='ltr'><strong>rationem</strong></span> <span class='ocrx_word' id='word_1_127' title='bbox 3285 586 3549 640; x_wconf 89' lang='lat' dir='ltr'><strong>didicisse</strong></span> 
     </span>
    </p>
   </div>
   <div class='ocr_carea' id='block_1_19' title="bbox 1966 675 3552 749">
    <p class='ocr_par' dir='ltr' id='par_1_19' title="bbox 1966 675 3552 749">
     <span class='ocr_line' id='line_1_19' title="bbox 1966 675 3552 749; baseline 0.001 -20"><span class='ocrx_word' id='word_1_128' title='bbox 1966 675 2298 747; x_wconf 76' lang='lat' dir='ltr'><strong>gloriantur,</strong></span> <span class='ocrx_word' id='word_1_129' title='bbox 2340 676 2394 729; x_wconf 91' lang='lat' dir='ltr'><strong>in</strong></span> <span class='ocrx_word' id='word_1_130' title='bbox 2426 677 2632 749; x_wconf 87' lang='lat' dir='ltr'><strong>quibus</strong></span> <span class='ocrx_word' id='word_1_131' title='bbox 2666 677 2930 746; x_wconf 85' lang='lat' dir='ltr'><strong>scriptum</strong></span> <span class='ocrx_word' id='word_1_132' title='bbox 2971 687 3053 732; x_wconf 91' lang='lat' dir='ltr'><strong>est</strong></span> <span class='ocrx_word' id='word_1_133' title='bbox 3087 692 3183 731; x_wconf 85' lang='lat' dir='ltr'><strong>vut</strong></span> <span class='ocrx_word' id='word_1_134' title='bbox 3216 676 3336 731; x_wconf 91' lang='lat' dir='ltr'><strong>Kal.</strong></span> <span class='ocrx_word' id='word_1_135' title='bbox 3387 678 3552 746; x_wconf 87' lang='lat' dir='ltr'><strong>Apri-</strong></span> 
     </span>
    </p>
   </div>
   <div class='ocr_carea' id='block_1_20' title="bbox 1968 764 3547 835">
    <p class='ocr_par' dir='ltr' id='par_1_20' title="bbox 1968 764 3547 835">
     <span class='ocr_line' id='line_1_20' title="bbox 1968 764 3547 835; baseline 0.001 -18"><span class='ocrx_word' id='word_1_136' title='bbox 1968 764 2034 820; x_wconf 85' lang='lat' dir='ltr'><strong>lis</strong></span> <span class='ocrx_word' id='word_1_137' title='bbox 2081 764 2419 818; x_wconf 82' lang='lat' dir='ltr'><strong>Salvatorem</strong></span> <span class='ocrx_word' id='word_1_138' title='bbox 2450 780 2575 820; x_wconf 89' lang='lat' dir='ltr'><strong>esse</strong></span> <span class='ocrx_word' id='word_1_139' title='bbox 2607 780 2850 835; x_wconf 89' lang='lat' dir='ltr'><strong>passum.</strong></span> <span class='ocrx_word' id='word_1_140' title='bbox 2888 766 3256 831; x_wconf 80' lang='lat' dir='ltr'><strong>Quamobrem</strong></span> <span class='ocrx_word' id='word_1_141' title='bbox 3300 766 3391 819; x_wconf 89' lang='lat' dir='ltr'><strong>illa</strong></span> <span class='ocrx_word' id='word_1_142' title='bbox 3429 766 3547 834; x_wconf 84' lang='lat' dir='ltr'><strong>ipsa</strong></span> 
     </span>
    </p>
   </div>
   <div class='ocr_carea' id='block_1_21' title="bbox 1965 854 3643 926">
    <p class='ocr_par' dir='ltr' id='par_1_21' title="bbox 1965 854 3643 926">
     <span class='ocr_line' id='line_1_21' title="bbox 1965 854 3643 926; baseline -0.001 -15"><span class='ocrx_word' id='word_1_143' title='bbox 1965 856 2053 911; x_wconf 91' lang='lat' dir='ltr'><strong>die</strong></span> <span class='ocrx_word' id='word_1_144' title='bbox 2080 857 2358 911; x_wconf 88' lang='lat' dir='ltr'><strong>celebrare</strong></span> <span class='ocrx_word' id='word_1_145' title='bbox 2382 858 2590 911; x_wconf 85' lang='lat' dir='ltr'><strong>Pascha</strong></span> <span class='ocrx_word' id='word_1_146' title='bbox 2614 858 2821 923; x_wconf 87' lang='lat' dir='ltr'><strong>volunt,</strong></span> <span class='ocrx_word' id='word_1_147' title='bbox 2838 856 2893 911; x_wconf 92' lang='lat' dir='ltr'><strong>in</strong></span> <span class='ocrx_word' id='word_1_148' title='bbox 2921 872 3305 926; x_wconf 89' lang='lat' dir='ltr'><strong>quamcunque</strong></span> <span class='ocrx_word' id='word_1_149' title='bbox 3326 857 3547 911; x_wconf 83' lang='lat' dir='ltr'><strong>demum</strong></span> <span class='ocrx_word' id='word_1_150' title='bbox 3637 854 3643 861; x_wconf 82' lang='grc'><em>’</em></span> 
     </span>
    </p>
   </div>
   <div class='ocr_carea' id='block_1_22' title="bbox 1965 945 3546 1017">
    <p class='ocr_par' dir='ltr' id='par_1_22' title="bbox 1965 945 3546 1017">
     <span class='ocr_line' id='line_1_22' title="bbox 1965 945 3546 1017; baseline 0.001 -18"><span class='ocrx_word' id='word_1_151' title='bbox 1965 946 2108 999; x_wconf 73' lang='lat' dir='ltr'><strong>lunae</strong></span> <span class='ocrx_word' id='word_1_152' title='bbox 2158 961 2248 999; x_wconf 80' lang='lat' dir='ltr'><strong>xlv</strong></span> <span class='ocrx_word' id='word_1_153' title='bbox 2301 945 2420 999; x_wconf 88' lang='lat' dir='ltr'><strong>dies</strong></span> <span class='ocrx_word' id='word_1_154' title='bbox 2475 947 2793 1001; x_wconf 87' lang='lat' dir='ltr'><strong>incurrerit.</strong></span> <span class='ocrx_word' id='word_1_155' title='bbox 2846 946 2915 999; x_wconf 87' lang='lat' dir='ltr'><strong>At</strong></span> <span class='ocrx_word' id='word_1_156' title='bbox 2963 947 3057 1017; x_wconf 86' lang='lat' dir='ltr'><strong>qui</strong></span> <span class='ocrx_word' id='word_1_157' title='bbox 3105 948 3158 1000; x_wconf 88' lang='lat' dir='ltr'><strong>in</strong></span> <span class='ocrx_word' id='word_1_158' title='bbox 3193 948 3546 1017; x_wconf 77' lang='lat' dir='ltr'><strong>Cappadocia</strong></span> 
     </span>
    </p>
   </div>
   <div class='ocr_carea' id='block_1_23' title="bbox 1970 1035 3643 1108">
    <p class='ocr_par' dir='ltr' id='par_1_23' title="bbox 1970 1035 3643 1108">
     <span class='ocr_line' id='line_1_23' title="bbox 1970 1035 3643 1108; baseline 0.002 -19"><span class='ocrx_word' id='word_1_159' title='bbox 1970 1035 2196 1106; x_wconf 80' lang='lat' dir='ltr'><strong>degunt,</strong></span> <span class='ocrx_word' id='word_1_160' title='bbox 2228 1037 2474 1090; x_wconf 91' lang='lat' dir='ltr'><strong>eamdem</strong></span> <span class='ocrx_word' id='word_1_161' title='bbox 2516 1037 2682 1102; x_wconf 91' lang='lat' dir='ltr'><strong>diem,</strong></span> <span class='ocrx_word' id='word_1_162' title='bbox 2716 1054 2838 1108; x_wconf 73' lang='lat' dir='ltr'><strong>quae</strong></span> <span class='ocrx_word' id='word_1_163' title='bbox 2875 1048 2960 1093; x_wconf 91' lang='lat' dir='ltr'><strong>est</strong></span> <span class='ocrx_word' id='word_1_164' title='bbox 2988 1054 3083 1091; x_wconf 75' lang='lat' dir='ltr'><strong>vm</strong></span> <span class='ocrx_word' id='word_1_165' title='bbox 3121 1038 3241 1092; x_wconf 92' lang='lat' dir='ltr'><strong>Kal.</strong></span> <span class='ocrx_word' id='word_1_166' title='bbox 3276 1040 3410 1108; x_wconf 85' lang='lat' dir='ltr'><strong>Apr.</strong></span> <span class='ocrx_word' id='word_1_167' title='bbox 3455 1054 3551 1093; x_wconf 81' lang='lat' dir='ltr'><strong>ce-</strong></span> <span class='ocrx_word' id='word_1_168' title='bbox 3636 1090 3643 1099; x_wconf 31' lang='grc' dir='ltr'>λ</span> 
     </span>
    </p>
   </div>
   <div class='ocr_carea' id='block_1_24' title="bbox 1967 1126 3547 1186">
    <p class='ocr_par' dir='ltr' id='par_1_24' title="bbox 1967 1126 3547 1186">
     <span class='ocr_line' id='line_1_24' title="bbox 1967 1126 3547 1186; baseline 0.004 -7"><span class='ocrx_word' id='word_1_169' title='bbox 1967 1126 2205 1182; x_wconf 85' lang='lat' dir='ltr'><strong>lehrant.</strong></span> <span class='ocrx_word' id='word_1_170' title='bbox 2235 1127 2477 1182; x_wconf 83' lang='lat' dir='ltr'><strong>Tametsi</strong></span> <span class='ocrx_word' id='word_1_171' title='bbox 2511 1144 2623 1183; x_wconf 90' lang='lat' dir='ltr'><strong>non</strong></span> <span class='ocrx_word' id='word_1_172' title='bbox 2662 1130 2956 1185; x_wconf 87' lang='lat' dir='ltr'><strong>mediocris</strong></span> <span class='ocrx_word' id='word_1_173' title='bbox 2982 1137 3065 1185; x_wconf 81' lang='lat' dir='ltr'><strong>est</strong></span> <span class='ocrx_word' id='word_1_174' title='bbox 3096 1131 3239 1186; x_wconf 91' lang='lat' dir='ltr'><strong>inter</strong></span> <span class='ocrx_word' id='word_1_175' title='bbox 3273 1132 3394 1186; x_wconf 90' lang='lat' dir='ltr'><strong>illos</strong></span> <span class='ocrx_word' id='word_1_176' title='bbox 3426 1131 3547 1186; x_wconf 82' lang='lat' dir='ltr'><strong>dis-</strong></span> 
     </span>
    </p>
   </div>
   <div class='ocr_carea' id='block_1_25' title="bbox 1966 1213 3542 1289">
    <p class='ocr_par' dir='ltr' id='par_1_25' title="bbox 1966 1213 3542 1289">
     <span class='ocr_line' id='line_1_25' title="bbox 1966 1213 3542 1289; baseline 0.001 -19"><span class='ocrx_word' id='word_1_177' title='bbox 1966 1216 2171 1271; x_wconf 85' lang='lat' dir='ltr'><strong>sensio.</strong></span> <span class='ocrx_word' id='word_1_178' title='bbox 2222 1213 2481 1269; x_wconf 89' lang='lat' dir='ltr'><strong>Nonnulli</strong></span> <span class='ocrx_word' id='word_1_179' title='bbox 2543 1217 2687 1271; x_wconf 87' lang='lat' dir='ltr'><strong>enim</strong></span> <span class='ocrx_word' id='word_1_180' title='bbox 2743 1218 2927 1271; x_wconf 87' lang='lat' dir='ltr'><strong>lunam</strong></span> <span class='ocrx_word' id='word_1_181' title='bbox 2985 1235 3074 1271; x_wconf 80' lang='lat' dir='ltr'><strong>xw</strong></span> <span class='ocrx_word' id='word_1_182' title='bbox 3116 1227 3362 1275; x_wconf 85' lang='lat' dir='ltr'><strong>statuunt</strong></span> <span class='ocrx_word' id='word_1_183' title='bbox 3420 1236 3542 1289; x_wconf 65' lang='lat' dir='ltr'><strong>qum.</strong></span> 
     </span>
    </p>
   </div>
   <div class='ocr_carea' id='block_1_26' title="bbox 1965 1304 3543 1379">
    <p class='ocr_par' dir='ltr' id='par_1_26' title="bbox 1965 1304 3543 1379">
     <span class='ocr_line' id='line_1_26' title="bbox 1965 1304 3543 1379; baseline 0.003 -19"><span class='ocrx_word' id='word_1_184' title='bbox 1965 1307 2022 1360; x_wconf 94' lang='lat' dir='ltr'><strong>in</strong></span> <span class='ocrx_word' id='word_1_185' title='bbox 2064 1322 2161 1359; x_wconf 81' lang='lat' dir='ltr'><strong>\‘lll</strong></span> <span class='ocrx_word' id='word_1_186' title='bbox 2189 1304 2310 1359; x_wconf 85' lang='lat' dir='ltr'><strong>Kal.</strong></span> <span class='ocrx_word' id='word_1_187' title='bbox 2365 1305 2496 1375; x_wconf 85' lang='lat' dir='ltr'><strong>Apr.</strong></span> <span class='ocrx_word' id='word_1_188' title='bbox 2551 1307 2761 1361; x_wconf 83' lang='lat' dir='ltr'><strong>incidit.</strong></span> <span class='ocrx_word' id='word_1_189' title='bbox 2818 1306 2929 1362; x_wconf 90' lang='lat' dir='ltr'><strong>Nos</strong></span> <span class='ocrx_word' id='word_1_190' title='bbox 2967 1310 3227 1362; x_wconf 87' lang='lat' dir='ltr'><strong>Actorum</strong></span> <span class='ocrx_word' id='word_1_191' title='bbox 3275 1310 3543 1379; x_wconf 85' lang='lat' dir='ltr'><strong>ejusmodi</strong></span> 
     </span>
    </p>
   </div>
   <div class='ocr_carea' id='block_1_27' title="bbox 1964 1395 3546 1470">
    <p class='ocr_par' dir='ltr' id='par_1_27' title="bbox 1964 1395 3546 1470">
     <span class='ocr_line' id='line_1_27' title="bbox 1964 1395 3546 1470; baseline 0.004 -20"><span class='ocrx_word' id='word_1_192' title='bbox 1964 1395 2125 1450; x_wconf 85' lang='lat' dir='ltr'><strong>Pilati</strong></span> <span class='ocrx_word' id='word_1_193' title='bbox 2181 1397 2516 1466; x_wconf 76' lang='lat' dir='ltr'><strong>exemplaria</strong></span> <span class='ocrx_word' id='word_1_194' title='bbox 2571 1398 2820 1468; x_wconf 55' lang='lat' dir='ltr'><strong>quaedam</strong></span> <span class='ocrx_word' id='word_1_195' title='bbox 2877 1398 3207 1465; x_wconf 75' lang='lat' dir='ltr'><strong>invenimus,</strong></span> <span class='ocrx_word' id='word_1_196' title='bbox 3251 1417 3371 1470; x_wconf 60' lang='lat' dir='ltr'><strong>quae</strong></span> <span class='ocrx_word' id='word_1_197' title='bbox 3420 1412 3546 1458; x_wconf 89' lang='lat' dir='ltr'><strong>ante</strong></span> 
     </span>
    </p>
   </div>
   <div class='ocr_carea' id='block_1_28' title="bbox 279 1482 1875 1561">
    <p class='ocr_par' dir='ltr' id='par_1_28' title="bbox 279 1482 1865 1558">
     <span class='ocr_line' id='line_1_28' title="bbox 279 1482 1865 1558; baseline -0.001 -15"><span class='ocrx_word' id='word_1_198' title='bbox 279 1490 475 1555; x_wconf 73' lang='grc' dir='ltr'>λάτον,</span> <span class='ocrx_word' id='word_1_199' title='bbox 519 1491 577 1543; x_wconf 80' lang='grc' dir='ltr'>ὲν</span> <span class='ocrx_word' id='word_1_200' title='bbox 631 1482 713 1552; x_wconf 74' lang='grc' dir='ltr'>οἷς</span> <span class='ocrx_word' id='word_1_201' title='bbox 769 1488 1021 1557; x_wconf 77' lang='grc' dir='ltr'>σημαίνει</span> <span class='ocrx_word' id='word_1_202' title='bbox 1072 1489 1178 1558; x_wconf 83' lang='grc' dir='ltr'><strong>πρὸ</strong></span> <span class='ocrx_word' id='word_1_203' title='bbox 1232 1488 1526 1541; x_wconf 87' lang='grc' dir='ltr'>δεκαπέντε</span> <span class='ocrx_word' id='word_1_204' title='bbox 1570 1488 1865 1542; x_wconf 80' lang='grc' dir='ltr'>Καλανδῶν</span> 
     </span>
    </p>
   </div>
   <div class='ocr_carea' id='block_1_29' title="bbox 1982 1482 3542 1561">
    <p class='ocr_par' dir='ltr' id='par_1_29' title="bbox 1982 1486 3542 1561">
     <span class='ocr_line' id='line_1_29' title="bbox 1982 1486 3542 1561; baseline 0.004 -20"><span class='ocrx_word' id='word_1_205' title='bbox 1982 1486 2110 1543; x_wconf 88' lang='lat' dir='ltr'><strong>liem</strong></span> <span class='ocrx_word' id='word_1_206' title='bbox 2168 1503 2239 1541; x_wconf 88' lang='lat' dir='ltr'><strong>xv</strong></span> <span class='ocrx_word' id='word_1_207' title='bbox 2288 1486 2410 1540; x_wconf 89' lang='lat' dir='ltr'><strong>Kal.</strong></span> <span class='ocrx_word' id='word_1_208' title='bbox 2444 1488 2577 1558; x_wconf 88' lang='lat' dir='ltr'><strong>Apr.</strong></span> <span class='ocrx_word' id='word_1_209' title='bbox 2619 1487 2939 1543; x_wconf 88' lang='lat' dir='ltr'><strong>Passionem</strong></span> <span class='ocrx_word' id='word_1_210' title='bbox 2997 1489 3202 1543; x_wconf 85' lang='lat' dir='ltr'><strong>Christi</strong></span> <span class='ocrx_word' id='word_1_211' title='bbox 3238 1492 3542 1561; x_wconf 81' lang='lat' dir='ltr'><strong>contigisse</strong></span> 
     </span>
    </p>
   </div>
   <div class='ocr_carea' id='block_1_30' title="bbox 290 1578 1875 1653">
    <p class='ocr_par' dir='ltr' id='par_1_30' title="bbox 290 1578 1865 1651">
     <span class='ocr_line' id='line_1_30' title="bbox 290 1578 1865 1651; baseline -0.002 -17"><span class='ocrx_word' id='word_1_212' title='bbox 290 1579 621 1651; x_wconf 73' lang='grc' dir='ltr'>Ἀπριλλίων</span> <span class='ocrx_word' id='word_1_213' title='bbox 648 1579 707 1631; x_wconf 76' lang='grc' dir='ltr'>τὸ</span> <span class='ocrx_word' id='word_1_214' title='bbox 735 1578 913 1642; x_wconf 79' lang='grc' dir='ltr'>Πάϐος</span> <span class='ocrx_word' id='word_1_215' title='bbox 974 1579 1322 1649; x_wconf 81' lang='grc' dir='ltr'>γεγενῆσθαι.</span> <span class='ocrx_word' id='word_1_216' title='bbox 1359 1579 1574 1650; x_wconf 80' lang='grc' dir='ltr'>Τάληθῆ</span> <span class='ocrx_word' id='word_1_217' title='bbox 1603 1579 1676 1644; x_wconf 81' lang='grc' dir='ltr'>δὲ,</span> <span class='ocrx_word' id='word_1_218' title='bbox 1697 1579 1772 1643; x_wconf 85' lang='grc' dir='ltr'>ὡς</span> <span class='ocrx_word' id='word_1_219' title='bbox 1801 1580 1865 1632; x_wconf 82' lang='grc' dir='ltr'><strong>ἐκ</strong></span> 
     </span>
    </p>
   </div>
   <div class='ocr_carea' id='block_1_31' title="bbox 1982 1578 3549 1653">
    <p class='ocr_par' dir='ltr' id='par_1_31' title="bbox 1982 1578 3549 1653">
     <span class='ocr_line' id='line_1_31' title="bbox 1982 1578 3549 1653; baseline 0.003 -20"><span class='ocrx_word' id='word_1_220' title='bbox 1982 1579 2286 1634; x_wconf 61' lang='lat' dir='ltr'><strong>&#39;iarrabant.</strong></span> <span class='ocrx_word' id='word_1_221' title='bbox 2314 1578 2515 1633; x_wconf 85' lang='lat' dir='ltr'><strong>Verum</strong></span> <span class='ocrx_word' id='word_1_222' title='bbox 2545 1589 2699 1635; x_wconf 90' lang='lat' dir='ltr'><strong>certo</strong></span> <span class='ocrx_word' id='word_1_223' title='bbox 2745 1590 2798 1635; x_wconf 90' lang='lat' dir='ltr'><strong>et</strong></span> <span class='ocrx_word' id='word_1_224' title='bbox 2843 1598 2906 1636; x_wconf 83' lang='lat' dir='ltr'><strong>ex</strong></span> <span class='ocrx_word' id='word_1_225' title='bbox 2943 1582 3021 1635; x_wconf 90' lang='lat' dir='ltr'><strong>rei</strong></span> <span class='ocrx_word' id='word_1_226' title='bbox 3058 1584 3286 1637; x_wconf 78' lang='lat' dir='ltr'><strong>veritate</strong></span> <span class='ocrx_word' id='word_1_227' title='bbox 3327 1598 3549 1653; x_wconf 83' lang='lat' dir='ltr'><strong>compe-</strong></span> 
     </span>
    </p>
   </div>
   <div class='ocr_carea' id='block_1_32' title="bbox 279 1668 1875 1742">
    <p class='ocr_par' dir='ltr' id='par_1_32' title="bbox 279 1668 1862 1742">
     <span class='ocr_line' id='line_1_32' title="bbox 279 1668 1862 1742; baseline -0.002 -18"><span class='ocrx_word' id='word_1_228' title='bbox 279 1669 489 1740; x_wconf 70' lang='grc' dir='ltr'>πολ-λῆς</span> <span class='ocrx_word' id='word_1_229' title='bbox 542 1668 829 1741; x_wconf 76' lang='grc' dir='ltr'>ἀκριϐείας</span> <span class='ocrx_word' id='word_1_230' title='bbox 885 1669 1162 1741; x_wconf 76' lang='grc' dir='ltr'>ἔγνωμεν,</span> <span class='ocrx_word' id='word_1_231' title='bbox 1218 1672 1276 1723; x_wconf 84' lang='grc' dir='ltr'><strong>ἐν</strong></span> <span class='ocrx_word' id='word_1_232' title='bbox 1318 1674 1382 1742; x_wconf 88' lang='grc' dir='ltr'>τῇ</span> <span class='ocrx_word' id='word_1_233' title='bbox 1414 1672 1519 1742; x_wconf 81' lang='grc' dir='ltr'><strong>πρὸ</strong></span> <span class='ocrx_word' id='word_1_234' title='bbox 1565 1669 1862 1740; x_wconf 82' lang='grc' dir='ltr'>δεκατριῶν</span> 
     </span>
    </p>
   </div>
   <div class='ocr_carea' id='block_1_33' title="bbox 1982 1668 3548 1742">
    <p class='ocr_par' dir='ltr' id='par_1_33' title="bbox 1982 1668 3548 1740">
     <span class='ocr_line' id='line_1_33' title="bbox 1982 1668 3548 1740; baseline 0.003 -19"><span class='ocrx_word' id='word_1_235' title='bbox 1982 1670 2161 1732; x_wconf 74' lang='lat' dir='ltr'><strong>rimus,</strong></span> <span class='ocrx_word' id='word_1_236' title='bbox 2203 1676 2327 1721; x_wconf 87' lang='lat' dir='ltr'><strong>ante</strong></span> <span class='ocrx_word' id='word_1_237' title='bbox 2358 1668 2502 1722; x_wconf 91' lang='lat' dir='ltr'><strong>diem</strong></span> <span class='ocrx_word' id='word_1_238' title='bbox 2557 1684 2655 1723; x_wconf 88' lang='lat' dir='ltr'><strong>xtu</strong></span> <span class='ocrx_word' id='word_1_239' title='bbox 2689 1669 2810 1724; x_wconf 89' lang='lat' dir='ltr'><strong>Kal.</strong></span> <span class='ocrx_word' id='word_1_240' title='bbox 2847 1671 2980 1740; x_wconf 84' lang='lat' dir='ltr'><strong>Apr.</strong></span> <span class='ocrx_word' id='word_1_241' title='bbox 3015 1686 3239 1740; x_wconf 89' lang='lat' dir='ltr'><strong>passum</strong></span> <span class='ocrx_word' id='word_1_242' title='bbox 3274 1688 3395 1727; x_wconf 90' lang='lat' dir='ltr'><strong>esse</strong></span> <span class='ocrx_word' id='word_1_243' title='bbox 3426 1672 3548 1726; x_wconf 86' lang='lat' dir='ltr'><strong>Sal-</strong></span> 
     </span>
    </p>
   </div>
   <div class='ocr_carea' id='block_1_34' title="bbox 279 1754 1875 1831">
    <p class='ocr_par' dir='ltr' id='par_1_34' title="bbox 279 1758 1869 1831">
     <span class='ocr_line' id='line_1_34' title="bbox 279 1758 1869 1831; baseline -0.001 -17"><span class='ocrx_word' id='word_1_244' title='bbox 279 1759 589 1814; x_wconf 85' lang='grc' dir='ltr'>Καλανδῶν</span> <span class='ocrx_word' id='word_1_245' title='bbox 632 1759 953 1831; x_wconf 81' lang='grc' dir='ltr'>Ἀπριλλίων</span> <span class='ocrx_word' id='word_1_246' title='bbox 987 1761 1077 1813; x_wconf 81' lang='grc' dir='ltr'><strong>τὸν</strong></span> <span class='ocrx_word' id='word_1_247' title='bbox 1124 1761 1353 1831; x_wconf 76' lang='grc' dir='ltr'>Σωτῆρα</span> <span class='ocrx_word' id='word_1_248' title='bbox 1387 1758 1712 1813; x_wconf 81' lang='grc' dir='ltr'>πεπονθέναι</span> <span class='ocrx_word' id='word_1_249' title='bbox 1741 1776 1869 1813; x_wconf 85' lang='grc' dir='ltr'>κατ-</span> 
     </span>
    </p>
   </div>
   <div class='ocr_carea' id='block_1_35' title="bbox 1982 1754 3548 1831">
    <p class='ocr_par' dir='ltr' id='par_1_35' title="bbox 1982 1754 3548 1827">
     <span class='ocr_line' id='line_1_35' title="bbox 1982 1754 3548 1827; baseline 0.001 -15"><span class='ocrx_word' id='word_1_250' title='bbox 1982 1764 2233 1812; x_wconf 79' lang='lat' dir='ltr'><strong>vatorem.</strong></span> <span class='ocrx_word' id='word_1_251' title='bbox 2270 1756 2375 1809; x_wconf 83' lang='lat' dir='ltr'><strong>Alii</strong></span> <span class='ocrx_word' id='word_1_252' title='bbox 2419 1754 2487 1809; x_wconf 90' lang='lat' dir='ltr'><strong>ad</strong></span> <span class='ocrx_word' id='word_1_253' title='bbox 2524 1772 2554 1809; x_wconf 86' lang='lat' dir='ltr'><strong>x</strong></span> <span class='ocrx_word' id='word_1_254' title='bbox 2580 1756 2701 1810; x_wconf 87' lang='lat' dir='ltr'><strong>Kal.</strong></span> <span class='ocrx_word' id='word_1_255' title='bbox 2748 1757 2878 1827; x_wconf 84' lang='lat' dir='ltr'><strong>Apr.</strong></span> <span class='ocrx_word' id='word_1_256' title='bbox 2928 1759 3204 1827; x_wconf 87' lang='lat' dir='ltr'><strong>rejiciunt.</strong></span> <span class='ocrx_word' id='word_1_257' title='bbox 3250 1758 3354 1814; x_wconf 90' lang='lat' dir='ltr'><strong>Sed</strong></span> <span class='ocrx_word' id='word_1_258' title='bbox 3388 1760 3476 1815; x_wconf 82' lang='lat' dir='ltr'><strong>isti</strong></span> <span class='ocrx_word' id='word_1_259' title='bbox 3517 1776 3548 1814; x_wconf 90' lang='lat' dir='ltr'><strong>a</strong></span> 
     </span>
    </p>
   </div>
   <div class='ocr_carea' id='block_1_36' title="bbox 274 1849 1868 1924">
    <p class='ocr_par' dir='ltr' id='par_1_36' title="bbox 274 1849 1868 1924">
     <span class='ocr_line' id='line_1_36' title="bbox 274 1849 1868 1924; baseline 0.001 -23"><span class='ocrx_word' id='word_1_260' title='bbox 274 1849 608 1920; x_wconf 78' lang='grc' dir='ltr'>ειλήφαμεν.</span> <span class='ocrx_word' id='word_1_261' title='bbox 650 1850 804 1911; x_wconf 82' lang='grc' dir='ltr'>Τινὲς</span> <span class='ocrx_word' id='word_1_262' title='bbox 828 1849 882 1903; x_wconf 85' lang='grc' dir='ltr'>δὲ</span> <span class='ocrx_word' id='word_1_263' title='bbox 914 1852 979 1920; x_wconf 84' lang='grc' dir='ltr'>τῇ</span> <span class='ocrx_word' id='word_1_264' title='bbox 1006 1850 1111 1921; x_wconf 73' lang='grc' dir='ltr'>πρὸ</span> <span class='ocrx_word' id='word_1_265' title='bbox 1137 1851 1269 1905; x_wconf 86' lang='grc' dir='ltr'>δέκα</span> <span class='ocrx_word' id='word_1_266' title='bbox 1297 1851 1588 1904; x_wconf 84' lang='grc' dir='ltr'>Καλανδῶν</span> <span class='ocrx_word' id='word_1_267' title='bbox 1647 1851 1868 1924; x_wconf 84' lang='grc' dir='ltr'>Ἀπριλ-</span> 
     </span>
    </p>
   </div>
   <div class='ocr_carea' id='block_1_37' title="bbox 278 1936 1870 2014">
    <p class='ocr_par' dir='ltr' id='par_1_37' title="bbox 278 1936 1870 2014">
     <span class='ocr_line' id='line_1_37' title="bbox 278 1936 1870 2014; baseline 0.001 -21"><span class='ocrx_word' id='word_1_268' title='bbox 278 1940 419 1993; x_wconf 86' lang='grc' dir='ltr'>λίων</span> <span class='ocrx_word' id='word_1_269' title='bbox 463 1940 731 2009; x_wconf 83' lang='grc' dir='ltr'>λέγουσιν.</span> <span class='ocrx_word' id='word_1_270' title='bbox 785 1941 1072 2006; x_wconf 86' lang='grc' dir='ltr'>Ἐξέπεσον</span> <span class='ocrx_word' id='word_1_271' title='bbox 1105 1943 1161 1996; x_wconf 88' lang='grc' dir='ltr'>δὲ</span> <span class='ocrx_word' id='word_1_272' title='bbox 1208 1944 1302 1997; x_wconf 76' lang='grc' dir='ltr'><strong>καὶ</strong></span> <span class='ocrx_word' id='word_1_273' title='bbox 1344 1936 1489 1995; x_wconf 73' lang='grc' dir='ltr'>οὗτοι</span> <span class='ocrx_word' id='word_1_274' title='bbox 1521 1941 1616 1995; x_wconf 79' lang='grc' dir='ltr'>τοῦ</span> <span class='ocrx_word' id='word_1_275' title='bbox 1644 1959 1870 2014; x_wconf 82' lang='grc' dir='ltr'>προκει-</span> 
     </span>
    </p>
   </div>
   <div class='ocr_carea' id='block_1_38' title="bbox 284 2030 1870 2105">
    <p class='ocr_par' dir='ltr' id='par_1_38' title="bbox 284 2030 1870 2105">
     <span class='ocr_line' id='line_1_38' title="bbox 284 2030 1870 2105; baseline 0.001 -21"><span class='ocrx_word' id='word_1_276' title='bbox 284 2030 477 2100; x_wconf 80' lang='grc' dir='ltr'>μένου.</span> <span class='ocrx_word' id='word_1_277' title='bbox 510 2032 667 2085; x_wconf 86' lang='grc' dir='ltr'>Δέδια</span> <span class='ocrx_word' id='word_1_278' title='bbox 705 2031 761 2084; x_wconf 82' lang='grc' dir='ltr'>δὲ</span> <span class='ocrx_word' id='word_1_279' title='bbox 790 2033 884 2084; x_wconf 76' lang='grc' dir='ltr'><strong>καὶ</strong></span> <span class='ocrx_word' id='word_1_280' title='bbox 934 2032 1063 2103; x_wconf 73' lang='grc' dir='ltr'>περὶ</span> <span class='ocrx_word' id='word_1_281' title='bbox 1094 2033 1298 2086; x_wconf 78' lang='grc' dir='ltr'>τούτων</span> <span class='ocrx_word' id='word_1_282' title='bbox 1342 2033 1435 2086; x_wconf 75' lang='grc' dir='ltr'>ἐπὶ</span> <span class='ocrx_word' id='word_1_283' title='bbox 1481 2033 1729 2087; x_wconf 84' lang='grc' dir='ltr'>πλεῖστον</span> <span class='ocrx_word' id='word_1_284' title='bbox 1767 2050 1870 2105; x_wconf 84' lang='grc' dir='ltr'>μη-</span> 
     </span>
    </p>
   </div>
   <div class='ocr_carea' id='block_1_39' title="bbox 281 2122 1583 2197">
    <p class='ocr_par' dir='ltr' id='par_1_39' title="bbox 281 2122 1583 2197">
     <span class='ocr_line' id='line_1_39' title="bbox 281 2122 1583 2197; baseline 0.003 -22"><span class='ocrx_word' id='word_1_285' title='bbox 281 2122 449 2176; x_wconf 80' lang='grc' dir='ltr'>κῦναι</span> <span class='ocrx_word' id='word_1_286' title='bbox 480 2123 570 2177; x_wconf 77' lang='grc' dir='ltr'><strong>τὸν</strong></span> <span class='ocrx_word' id='word_1_287' title='bbox 600 2123 778 2192; x_wconf 76' lang='grc' dir='ltr'>λόγον.</span> <span class='ocrx_word' id='word_1_288' title='bbox 814 2124 993 2178; x_wconf 82' lang='grc' dir='ltr'>Πολλὰ</span> <span class='ocrx_word' id='word_1_289' title='bbox 1022 2125 1128 2197; x_wconf 83' lang='grc' dir='ltr'><strong>γὰρ</strong></span> <span class='ocrx_word' id='word_1_290' title='bbox 1156 2124 1352 2196; x_wconf 82' lang='grc' dir='ltr'>ἔχομεν</span> <span class='ocrx_word' id='word_1_291' title='bbox 1384 2126 1583 2195; x_wconf 87' lang='grc' dir='ltr'>λέγειν.</span> 
     </span>
    </p>
   </div>
   <div class='ocr_carea' id='block_1_40' title="bbox 359 2213 1869 2288">
    <p class='ocr_par' dir='ltr' id='par_1_40' title="bbox 359 2213 1869 2288">
     <span class='ocr_line' id='line_1_40' title="bbox 359 2213 1869 2288; baseline 0.003 -22"><span class='ocrx_word' id='word_1_292' title='bbox 359 2213 435 2266; x_wconf 85' lang='lat' dir='ltr'><strong>B&#39;.</strong></span> <span class='ocrx_word' id='word_1_293' title='bbox 476 2213 779 2285; x_wconf 82' lang='grc' dir='ltr'>Πληρὼσας</span> <span class='ocrx_word' id='word_1_294' title='bbox 808 2214 918 2282; x_wconf 77' lang='grc' dir='ltr'>γὰρ</span> <span class='ocrx_word' id='word_1_295' title='bbox 951 2215 978 2266; x_wconf 84' lang='grc' dir='ltr'>ὁ</span> <span class='ocrx_word' id='word_1_296' title='bbox 1017 2216 1315 2287; x_wconf 75' lang='grc' dir='ltr'>νομοθέτης</span> <span class='ocrx_word' id='word_1_297' title='bbox 1353 2217 1443 2269; x_wconf 78' lang='grc' dir='ltr'>τὸν</span> <span class='ocrx_word' id='word_1_298' title='bbox 1479 2217 1657 2270; x_wconf 79' lang='grc' dir='ltr'>πάντα</span> <span class='ocrx_word' id='word_1_299' title='bbox 1707 2218 1869 2288; x_wconf 77' lang='grc' dir='ltr'>νόμον</span> 
     </span>
    </p>
   </div>
   <div class='ocr_carea' id='block_1_41' title="bbox 280 2305 1870 2381">
    <p class='ocr_par' dir='ltr' id='par_1_41' title="bbox 280 2305 1870 2381">
     <span class='ocr_line' id='line_1_41' title="bbox 280 2305 1870 2381; baseline 0 -21"><span class='ocrx_word' id='word_1_300' title='bbox 280 2306 511 2376; x_wconf 81' lang='grc' dir='ltr'>Μωσῆς,</span> <span class='ocrx_word' id='word_1_301' title='bbox 547 2307 610 2359; x_wconf 81' lang='grc' dir='ltr'>ἐκ</span> <span class='ocrx_word' id='word_1_302' title='bbox 655 2305 790 2360; x_wconf 89' lang='grc' dir='ltr'><strong>Θεοῦ</strong></span> <span class='ocrx_word' id='word_1_303' title='bbox 820 2306 999 2360; x_wconf 78' lang='grc' dir='ltr'>λαϐὼν</span> <span class='ocrx_word' id='word_1_304' title='bbox 1044 2307 1103 2360; x_wconf 75' lang='grc' dir='ltr'><strong>τὸ</strong></span> <span class='ocrx_word' id='word_1_305' title='bbox 1137 2309 1370 2379; x_wconf 82' lang='grc' dir='ltr'>πρᾶγμα</span> <span class='ocrx_word' id='word_1_306' title='bbox 1399 2310 1415 2339; x_wconf 85' lang='grc'>¹</span> <span class='ocrx_word' id='word_1_307' title='bbox 1461 2310 1518 2361; x_wconf 82' lang='grc' dir='ltr'><strong>ὲν</strong></span> <span class='ocrx_word' id='word_1_308' title='bbox 1571 2311 1636 2379; x_wconf 81' lang='grc' dir='ltr'>τῇ</span> <span class='ocrx_word' id='word_1_309' title='bbox 1666 2309 1870 2381; x_wconf 76' lang='grc' dir='ltr'>ἐσχάτῃ</span> 
     </span>
    </p>
   </div>
   <div class='ocr_carea' id='block_1_42' title="bbox 284 2396 1869 2469">
    <p class='ocr_par' dir='ltr' id='par_1_42' title="bbox 284 2396 1869 2469">
     <span class='ocr_line' id='line_1_42' title="bbox 284 2396 1869 2469; baseline 0.001 -20"><span class='ocrx_word' id='word_1_310' title='bbox 284 2396 457 2466; x_wconf 78' lang='grc' dir='ltr'>βίϐλῳ</span> <span class='ocrx_word' id='word_1_311' title='bbox 502 2397 922 2469; x_wconf 86' lang='grc' dir='ltr'>Δευτερονομίου</span> <span class='ocrx_word' id='word_1_312' title='bbox 949 2438 964 2464; x_wconf 92' lang='grc'><strong>,</strong></span> <span class='ocrx_word' id='word_1_313' title='bbox 1006 2398 1251 2451; x_wconf 76' lang='grc' dir='ltr'>τουτέστι</span> <span class='ocrx_word' id='word_1_314' title='bbox 1303 2398 1487 2469; x_wconf 83' lang='grc' dir='ltr'>τίθησι</span> <span class='ocrx_word' id='word_1_315' title='bbox 1532 2398 1715 2462; x_wconf 79' lang='grc' dir='ltr'>πάσας</span> <span class='ocrx_word' id='word_1_316' title='bbox 1769 2398 1869 2462; x_wconf 84' lang='grc' dir='ltr'>τὰς</span> 
     </span>
    </p>
   </div>
   <div class='ocr_carea' id='block_1_43' title="bbox 282 2487 1869 2560">
    <p class='ocr_par' dir='ltr' id='par_1_43' title="bbox 282 2487 1869 2560">
     <span class='ocr_line' id='line_1_43' title="bbox 282 2487 1869 2560; baseline 0.001 -20"><span class='ocrx_word' id='word_1_317' title='bbox 282 2489 571 2557; x_wconf 81' lang='grc' dir='ltr'>κατάρας,</span> <span class='ocrx_word' id='word_1_318' title='bbox 614 2487 675 2540; x_wconf 80' lang='grc' dir='ltr'><strong>οὐ</strong></span> <span class='ocrx_word' id='word_1_319' title='bbox 740 2487 896 2557; x_wconf 87' lang='grc' dir='ltr'>μόνον</span> <span class='ocrx_word' id='word_1_320' title='bbox 928 2487 1056 2558; x_wconf 75' lang='grc' dir='ltr'>περὶ</span> <span class='ocrx_word' id='word_1_321' title='bbox 1111 2487 1364 2559; x_wconf 84' lang='grc' dir='ltr'>Πασχῶν,</span> <span class='ocrx_word' id='word_1_322' title='bbox 1408 2487 1546 2541; x_wconf 83' lang='grc' dir='ltr'>ἀλλὰ</span> <span class='ocrx_word' id='word_1_323' title='bbox 1596 2488 1691 2541; x_wconf 82' lang='grc' dir='ltr'><strong>καὶ</strong></span> <span class='ocrx_word' id='word_1_324' title='bbox 1742 2488 1869 2560; x_wconf 70' lang='grc' dir='ltr'>περὶ</span> 
     </span>
    </p>
   </div>
   <div class='ocr_carea' id='block_1_44' title="bbox 282 2575 1867 2647">
    <p class='ocr_par' dir='ltr' id='par_1_44' title="bbox 282 2575 1867 2647">
     <span class='ocr_line' id='line_1_44' title="bbox 282 2575 1867 2647; baseline 0.002 -18"><span class='ocrx_word' id='word_1_325' title='bbox 282 2576 621 2646; x_wconf 78' lang='grc' dir='ltr'>περιτομῆς,</span> <span class='ocrx_word' id='word_1_326' title='bbox 670 2576 763 2628; x_wconf 77' lang='grc' dir='ltr'><strong>καὶ</strong></span> <span class='ocrx_word' id='word_1_327' title='bbox 800 2576 928 2647; x_wconf 77' lang='grc' dir='ltr'>περὶ</span> <span class='ocrx_word' id='word_1_328' title='bbox 964 2575 1345 2639; x_wconf 82' lang='grc' dir='ltr'>δεκατώσεως,</span> <span class='ocrx_word' id='word_1_329' title='bbox 1381 2577 1475 2629; x_wconf 73' lang='grc' dir='ltr'><strong>καὶ</strong></span> <span class='ocrx_word' id='word_1_330' title='bbox 1518 2575 1867 2647; x_wconf 79' lang='grc' dir='ltr'>προσφορῶν.</span> 
     </span>
    </p>
   </div>
   <div class='ocr_carea' id='block_1_45' title="bbox 285 2662 1870 2738">
    <p class='ocr_par' dir='ltr' id='par_1_45' title="bbox 285 2662 1870 2738">
     <span class='ocr_line' id='line_1_45' title="bbox 285 2662 1870 2738; baseline 0 -18"><span class='ocrx_word' id='word_1_331' title='bbox 285 2665 456 2720; x_wconf 80' lang='grc' dir='ltr'>Ὥστε</span> <span class='ocrx_word' id='word_1_332' title='bbox 488 2662 601 2731; x_wconf 78' lang='grc' dir='ltr'>οὖν,</span> <span class='ocrx_word' id='word_1_333' title='bbox 635 2666 684 2719; x_wconf 83' lang='grc' dir='ltr'>εἰ</span> <span class='ocrx_word' id='word_1_334' title='bbox 715 2666 841 2738; x_wconf 91' lang='grc' dir='ltr'>μίαν</span> <span class='ocrx_word' id='word_1_335' title='bbox 881 2668 1125 2738; x_wconf 82' lang='grc' dir='ltr'>κατάραν</span> <span class='ocrx_word' id='word_1_336' title='bbox 1150 2666 1504 2736; x_wconf 80' lang='grc' dir='ltr'>πεφεύγασιν,</span> <span class='ocrx_word' id='word_1_337' title='bbox 1544 2670 1622 2731; x_wconf 81' lang='grc' dir='ltr'><strong>είς</strong></span> <span class='ocrx_word' id='word_1_338' title='bbox 1665 2666 1870 2730; x_wconf 82' lang='grc' dir='ltr'>πολλὰς</span> 
     </span>
    </p>
   </div>
   <div class='ocr_carea' id='block_1_46' title="bbox 282 2757 1868 2832">
    <p class='ocr_par' dir='ltr' id='par_1_46' title="bbox 282 2757 1868 2832">
     <span class='ocr_line' id='line_1_46' title="bbox 282 2757 1868 2832; baseline 0.001 -22"><span class='ocrx_word' id='word_1_339' title='bbox 282 2758 517 2821; x_wconf 78' lang='grc' dir='ltr'>ἑαυτοὺς</span> <span class='ocrx_word' id='word_1_340' title='bbox 547 2758 854 2829; x_wconf 82' lang='grc' dir='ltr'>ὲνέπειραν.</span> <span class='ocrx_word' id='word_1_341' title='bbox 885 2757 1287 2829; x_wconf 78' lang='grc' dir='ltr'>Εὖρεθήσονται</span> <span class='ocrx_word' id='word_1_342' title='bbox 1314 2758 1420 2832; x_wconf 84' lang='grc' dir='ltr'>γὰρ</span> <span class='ocrx_word' id='word_1_343' title='bbox 1454 2759 1868 2829; x_wconf 82' lang='grc' dir='ltr'>ὲπικατάρατοι,</span> 
     </span>
    </p>
   </div>
   <div class='ocr_carea' id='block_1_47' title="bbox 290 2847 1874 2919">
    <p class='ocr_par' dir='ltr' id='par_1_47' title="bbox 290 2847 1874 2919">
     <span class='ocr_line' id='line_1_47' title="bbox 290 2847 1874 2919; baseline 0.001 -18"><span class='ocrx_word' id='word_1_344' title='bbox 290 2849 373 2919; x_wconf 81' lang='grc' dir='ltr'>μὴ</span> <span class='ocrx_word' id='word_1_345' title='bbox 408 2848 859 2919; x_wconf 81' lang='grc' dir='ltr'>περιτεμνόμενοι</span> <span class='ocrx_word' id='word_1_346' title='bbox 879 2865 892 2879; x_wconf 80' lang='grc'><em>’</em></span> <span class='ocrx_word' id='word_1_347' title='bbox 915 2847 1333 2918; x_wconf 85' lang='grc' dir='ltr'>ὲπικατάρατοι,</span> <span class='ocrx_word' id='word_1_348' title='bbox 1371 2848 1446 2919; x_wconf 85' lang='grc' dir='ltr'>μὴ</span> <span class='ocrx_word' id='word_1_349' title='bbox 1476 2847 1874 2902; x_wconf 84' lang='grc' dir='ltr'>ἁποδεκατοῦν-</span> 
     </span>
    </p>
   </div>
   <div class='ocr_carea' id='block_1_48' title="bbox 283 2938 1869 3012">
    <p class='ocr_par' dir='ltr' id='par_1_48' title="bbox 283 2938 1869 3012">
     <span class='ocr_line' id='line_1_48' title="bbox 283 2938 1869 3012; baseline -0.001 -20"><span class='ocrx_word' id='word_1_350' title='bbox 283 2956 385 3001; x_wconf 90' lang='grc' dir='ltr'><strong>τες</strong></span> <span class='ocrx_word' id='word_1_351' title='bbox 407 2955 422 2971; x_wconf 78' lang='grc' dir='ltr'><strong>ο</strong></span> <span class='ocrx_word' id='word_1_352' title='bbox 456 2940 551 2992; x_wconf 70' lang='grc' dir='ltr'><strong>καὶ</strong></span> <span class='ocrx_word' id='word_1_353' title='bbox 579 2940 971 3012; x_wconf 85' lang='grc' dir='ltr'>ὲπικατάρατοι</span> <span class='ocrx_word' id='word_1_354' title='bbox 1005 2940 1267 3009; x_wconf 86' lang='grc' dir='ltr'>γίνονται,</span> <span class='ocrx_word' id='word_1_355' title='bbox 1301 2940 1376 3011; x_wconf 81' lang='grc' dir='ltr'>μὴ</span> <span class='ocrx_word' id='word_1_356' title='bbox 1402 2942 1483 3002; x_wconf 84' lang='grc' dir='ltr'><strong>είς</strong></span> <span class='ocrx_word' id='word_1_357' title='bbox 1514 2938 1869 3009; x_wconf 78' lang='grc' dir='ltr'>Ἰερουσαλὴμ</span> 
     </span>
    </p>
   </div>
   <div class='ocr_carea' id='block_1_49' title="bbox 286 3030 1871 3103">
    <p class='ocr_par' dir='ltr' id='par_1_49' title="bbox 286 3030 1871 3103">
     <span class='ocr_line' id='line_1_49' title="bbox 286 3030 1871 3103; baseline -0.001 -19"><span class='ocrx_word' id='word_1_358' title='bbox 286 3030 718 3103; x_wconf 81' lang='grc' dir='ltr'>προσφέροντες.</span> <span class='ocrx_word' id='word_1_359' title='bbox 778 3031 889 3085; x_wconf 75' lang='grc' dir='ltr'><strong>Καὶ</strong></span> <span class='ocrx_word' id='word_1_360' title='bbox 934 3030 979 3083; x_wconf 87' lang='grc' dir='ltr'><strong>ῶ</strong></span> <span class='ocrx_word' id='word_1_361' title='bbox 1012 3031 1119 3084; x_wconf 89' lang='grc' dir='ltr'><strong>τῶν</strong></span> <span class='ocrx_word' id='word_1_362' title='bbox 1164 3030 1373 3084; x_wconf 84' lang='grc' dir='ltr'>πολλῶν</span> <span class='ocrx_word' id='word_1_363' title='bbox 1413 3030 1717 3102; x_wconf 83' lang='grc' dir='ltr'>ἀνθρώπων</span> <span class='ocrx_word' id='word_1_364' title='bbox 1763 3030 1871 3084; x_wconf 88' lang='grc' dir='ltr'><strong>τῶν</strong></span> 
     </span>
    </p>
   </div>
   <div class='ocr_carea' id='block_1_50' title="bbox 1969 1844 3551 1919">
    <p class='ocr_par' dir='ltr' id='par_1_50' title="bbox 1969 1844 3551 1919">
     <span class='ocr_line' id='line_1_50' title="bbox 1969 1844 3551 1919; baseline 0.003 -18"><span class='ocrx_word' id='word_1_365' title='bbox 1969 1847 2254 1918; x_wconf 84' lang='lat' dir='ltr'><strong>pr0posito</strong></span> <span class='ocrx_word' id='word_1_366' title='bbox 2279 1845 2622 1900; x_wconf 81' lang='lat' dir='ltr'><strong>exciderunt.</strong></span> <span class='ocrx_word' id='word_1_367' title='bbox 2654 1844 2855 1900; x_wconf 77' lang='lat' dir='ltr'><strong>Verum</strong></span> <span class='ocrx_word' id='word_1_368' title='bbox 2886 1849 3012 1901; x_wconf 92' lang='lat' dir='ltr'><strong>nolo</strong></span> <span class='ocrx_word' id='word_1_369' title='bbox 3037 1849 3286 1919; x_wconf 86' lang='lat' dir='ltr'><strong>pluribus</strong></span> <span class='ocrx_word' id='word_1_370' title='bbox 3315 1866 3377 1904; x_wconf 89' lang='lat' dir='ltr'><strong>ea</strong></span> <span class='ocrx_word' id='word_1_371' title='bbox 3400 1851 3464 1904; x_wconf 87' lang='lat' dir='ltr'><strong>de</strong></span> <span class='ocrx_word' id='word_1_372' title='bbox 3492 1866 3551 1905; x_wconf 89' lang='lat' dir='ltr'><strong>re</strong></span> 
     </span>
    </p>
   </div>
   <div class='ocr_carea' id='block_1_51' title="bbox 1969 1937 3553 2012">
    <p class='ocr_par' dir='ltr' id='par_1_51' title="bbox 1969 1937 3553 2012">
     <span class='ocr_line' id='line_1_51' title="bbox 1969 1937 3553 2012; baseline 0.002 -20"><span class='ocrx_word' id='word_1_373' title='bbox 1969 1939 2276 2007; x_wconf 88' lang='lat' dir='ltr'><strong>disputare.</strong></span> <span class='ocrx_word' id='word_1_374' title='bbox 2308 1937 2529 2007; x_wconf 89' lang='lat' dir='ltr'><strong>Alioqui</strong></span> <span class='ocrx_word' id='word_1_375' title='bbox 2576 1938 2753 1992; x_wconf 85' lang='lat' dir='ltr'><strong>multa</strong></span> <span class='ocrx_word' id='word_1_376' title='bbox 2788 1939 2946 1995; x_wconf 90' lang='lat' dir='ltr'><strong>nobis</strong></span> <span class='ocrx_word' id='word_1_377' title='bbox 2984 1939 3053 1994; x_wconf 88' lang='lat' dir='ltr'><strong>ad</strong></span> <span class='ocrx_word' id='word_1_378' title='bbox 3083 1940 3379 1995; x_wconf 89' lang='lat' dir='ltr'><strong>dicendum</strong></span> <span class='ocrx_word' id='word_1_379' title='bbox 3417 1958 3553 2012; x_wconf 88' lang='lat' dir='ltr'><strong>sup-</strong></span> 
     </span>
    </p>
   </div>
   <div class='ocr_carea' id='block_1_52' title="bbox 1968 2035 2182 2098">
    <p class='ocr_par' dir='ltr' id='par_1_52' title="bbox 1968 2035 2182 2098">
     <span class='ocr_line' id='line_1_52' title="bbox 1968 2035 2182 2098; baseline 0.005 -16"><span class='ocrx_word' id='word_1_380' title='bbox 1968 2035 2182 2098; x_wconf 88' lang='lat' dir='ltr'><strong>petunt.</strong></span> 
     </span>
    </p>
   </div>
   <div class='ocr_carea' id='block_1_53' title="bbox 2041 2205 3570 2277">
    <p class='ocr_par' dir='ltr' id='par_1_53' title="bbox 2041 2205 3570 2277">
     <span class='ocr_line' id='line_1_53' title="bbox 2041 2205 3570 2277; baseline 0.004 -19"><span class='ocrx_word' id='word_1_381' title='bbox 2041 2205 2105 2259; x_wconf 91' lang='lat' dir='ltr'><strong>ll.</strong></span> <span class='ocrx_word' id='word_1_382' title='bbox 2152 2205 2364 2277; x_wconf 74' lang='lat' dir='ltr'><strong>Moyses</strong></span> <span class='ocrx_word' id='word_1_383' title='bbox 2421 2205 2638 2276; x_wconf 81' lang='lat' dir='ltr'><strong>quidem</strong></span> <span class='ocrx_word' id='word_1_384' title='bbox 2694 2206 2997 2276; x_wconf 79' lang='lat' dir='ltr'><strong>legislator,</strong></span> <span class='ocrx_word' id='word_1_385' title='bbox 3060 2224 3182 2264; x_wconf 89' lang='lat' dir='ltr'><strong>cum</strong></span> <span class='ocrx_word' id='word_1_386' title='bbox 3234 2210 3570 2265; x_wconf 82' lang='lat' dir='ltr'><strong>universam-</strong></span> 
     </span>
    </p>
   </div>
   <div class='ocr_carea' id='block_1_54' title="bbox 1971 2295 3546 2369">
    <p class='ocr_par' dir='ltr' id='par_1_54' title="bbox 1971 2295 3546 2369">
     <span class='ocr_line' id='line_1_54' title="bbox 1971 2295 3546 2369; baseline 0.001 -18"><span class='ocrx_word' id='word_1_387' title='bbox 1971 2296 2143 2366; x_wconf 82' lang='lat' dir='ltr'><strong>lcgem</strong></span> <span class='ocrx_word' id='word_1_388' title='bbox 2186 2295 2475 2359; x_wconf 78' lang='lat' dir='ltr'><strong>edixisset,</strong></span> <span class='ocrx_word' id='word_1_389' title='bbox 2528 2296 2789 2350; x_wconf 90' lang='lat' dir='ltr'><strong>mandato</strong></span> <span class='ocrx_word' id='word_1_390' title='bbox 2827 2297 3095 2352; x_wconf 89' lang='lat' dir='ltr'><strong>divinitus</strong></span> <span class='ocrx_word' id='word_1_391' title='bbox 3127 2310 3365 2369; x_wconf 89' lang='lat' dir='ltr'><strong>recepto,</strong></span> <span class='ocrx_word' id='word_1_392' title='bbox 3402 2309 3461 2353; x_wconf 93' lang='lat' dir='ltr'><strong>ut</strong></span> <span class='ocrx_word' id='word_1_393' title='bbox 3492 2300 3546 2354; x_wconf 89' lang='lat' dir='ltr'><strong>in</strong></span> 
     </span>
    </p>
   </div>
   <div class='ocr_carea' id='block_1_55' title="bbox 1971 2386 3548 2462">
    <p class='ocr_par' dir='ltr' id='par_1_55' title="bbox 1971 2386 3548 2462">
     <span class='ocr_line' id='line_1_55' title="bbox 1971 2386 3548 2462; baseline 0.004 -22"><span class='ocrx_word' id='word_1_394' title='bbox 1971 2386 2684 2457; x_wconf 84' lang='lat' dir='ltr'><strong>postremoDeuterouomii</strong></span> <span class='ocrx_word' id='word_1_395' title='bbox 2720 2387 2857 2441; x_wconf 87' lang='lat' dir='ltr'><strong>libro</strong></span> <span class='ocrx_word' id='word_1_396' title='bbox 2882 2389 3146 2459; x_wconf 90' lang='lat' dir='ltr'><strong>scriptum</strong></span> <span class='ocrx_word' id='word_1_397' title='bbox 3178 2400 3257 2444; x_wconf 85' lang='lat' dir='ltr'><strong>est</strong></span> <span class='ocrx_word' id='word_1_398' title='bbox 3273 2396 3314 2455; x_wconf 75' lang='grc'>⁵,</span> <span class='ocrx_word' id='word_1_399' title='bbox 3346 2392 3548 2462; x_wconf 83' lang='lat' dir='ltr'><strong>impre-</strong></span> 
     </span>
    </p>
   </div>
   <div class='ocr_carea' id='block_1_56' title="bbox 1971 2477 3544 2553">
    <p class='ocr_par' dir='ltr' id='par_1_56' title="bbox 1971 2477 3544 2553">
     <span class='ocr_line' id='line_1_56' title="bbox 1971 2477 3544 2553; baseline 0.004 -21"><span class='ocrx_word' id='word_1_400' title='bbox 1971 2477 2216 2532; x_wconf 69' lang='lat' dir='ltr'><strong>sationes</strong></span> <span class='ocrx_word' id='word_1_401' title='bbox 2275 2492 2467 2533; x_wconf 90' lang='lat' dir='ltr'><strong>omnes</strong></span> <span class='ocrx_word' id='word_1_402' title='bbox 2514 2479 2837 2549; x_wconf 89' lang='lat' dir='ltr'><strong>proposuit;</strong></span> <span class='ocrx_word' id='word_1_403' title='bbox 2898 2496 3006 2534; x_wconf 91' lang='lat' dir='ltr'><strong>non</strong></span> <span class='ocrx_word' id='word_1_404' title='bbox 3069 2481 3234 2537; x_wconf 85' lang='lat' dir='ltr'><strong>modo</strong></span> <span class='ocrx_word' id='word_1_405' title='bbox 3303 2500 3423 2553; x_wconf 81' lang='lat' dir='ltr'><strong>quae</strong></span> <span class='ocrx_word' id='word_1_406' title='bbox 3480 2485 3544 2538; x_wconf 88' lang='lat' dir='ltr'><strong>ad</strong></span> 
     </span>
    </p>
   </div>
   <div class='ocr_carea' id='block_1_57' title="bbox 1970 2568 3548 2644">
    <p class='ocr_par' dir='ltr' id='par_1_57' title="bbox 1970 2568 3548 2644">
     <span class='ocr_line' id='line_1_57' title="bbox 1970 2568 3548 2644; baseline 0.003 -21"><span class='ocrx_word' id='word_1_407' title='bbox 1970 2568 2260 2625; x_wconf 87' lang='lat' dir='ltr'><strong>Paschalis</strong></span> <span class='ocrx_word' id='word_1_408' title='bbox 2306 2570 2756 2635; x_wconf 85' lang='lat' dir='ltr'><strong>celebrationem,</strong></span> <span class='ocrx_word' id='word_1_409' title='bbox 2810 2573 2903 2627; x_wconf 91' lang='lat' dir='ltr'><strong>sed</strong></span> <span class='ocrx_word' id='word_1_410' title='bbox 2947 2573 3108 2626; x_wconf 89' lang='lat' dir='ltr'><strong>etiam</strong></span> <span class='ocrx_word' id='word_1_411' title='bbox 3154 2589 3273 2644; x_wconf 80' lang='lat' dir='ltr'><strong>quae</strong></span> <span class='ocrx_word' id='word_1_412' title='bbox 3325 2574 3393 2628; x_wconf 91' lang='lat' dir='ltr'><strong>ad</strong></span> <span class='ocrx_word' id='word_1_413' title='bbox 3440 2576 3548 2629; x_wconf 86' lang='lat' dir='ltr'><strong>cir—</strong></span> 
     </span>
    </p>
   </div>
   <div class='ocr_carea' id='block_1_58' title="bbox 1972 2658 3580 2733">
    <p class='ocr_par' dir='ltr' id='par_1_58' title="bbox 1972 2658 3580 2733">
     <span class='ocr_line' id='line_1_58' title="bbox 1972 2658 3580 2733; baseline 0.001 -19"><span class='ocrx_word' id='word_1_414' title='bbox 1972 2658 2398 2726; x_wconf 89' lang='lat' dir='ltr'><strong>cumcisionem,</strong></span> <span class='ocrx_word' id='word_1_415' title='bbox 2453 2675 2518 2715; x_wconf 90' lang='lat' dir='ltr'><strong>ac</strong></span> <span class='ocrx_word' id='word_1_416' title='bbox 2563 2660 2828 2724; x_wconf 86' lang='lat' dir='ltr'><strong>decimas,</strong></span> <span class='ocrx_word' id='word_1_417' title='bbox 2881 2671 2935 2716; x_wconf 84' lang='lat' dir='ltr'><strong>et</strong></span> <span class='ocrx_word' id='word_1_418' title='bbox 2977 2664 3282 2719; x_wconf 81' lang='lat' dir='ltr'><strong>oblationes</strong></span> <span class='ocrx_word' id='word_1_419' title='bbox 3334 2672 3580 2733; x_wconf 47' lang='lat' dir='ltr'><strong>specta»</strong></span> 
     </span>
    </p>
   </div>
   <div class='ocr_carea' id='block_1_59' title="bbox 1970 2748 3553 2824">
    <p class='ocr_par' dir='ltr' id='par_1_59' title="bbox 1970 2748 3553 2824">
     <span class='ocr_line' id='line_1_59' title="bbox 1970 2748 3553 2824; baseline 0.003 -20"><span class='ocrx_word' id='word_1_420' title='bbox 1970 2748 2126 2806; x_wconf 85' lang='lat' dir='ltr'><strong>bant.</strong></span> <span class='ocrx_word' id='word_1_421' title='bbox 2160 2749 2344 2816; x_wconf 84' lang='lat' dir='ltr'><strong>Quare</strong></span> <span class='ocrx_word' id='word_1_422' title='bbox 2370 2750 2502 2805; x_wconf 84' lang='lat' dir='ltr'><strong>dum</strong></span> <span class='ocrx_word' id='word_1_423' title='bbox 2538 2766 2707 2806; x_wconf 89' lang='lat' dir='ltr'><strong>unum</strong></span> <span class='ocrx_word' id='word_1_424' title='bbox 2738 2753 3149 2821; x_wconf 86' lang='lat' dir='ltr'><strong>imprecationis</strong></span> <span class='ocrx_word' id='word_1_425' title='bbox 3189 2770 3361 2824; x_wconf 82' lang='lat' dir='ltr'><strong>genus</strong></span> <span class='ocrx_word' id='word_1_426' title='bbox 3400 2754 3553 2809; x_wconf 83' lang='lat' dir='ltr'><strong>devi-</strong></span> 
     </span>
    </p>
   </div>
   <div class='ocr_carea' id='block_1_60' title="bbox 1970 2841 3552 2915">
    <p class='ocr_par' dir='ltr' id='par_1_60' title="bbox 1970 2841 3552 2915">
     <span class='ocr_line' id='line_1_60' title="bbox 1970 2841 3552 2915; baseline 0.005 -22"><span class='ocrx_word' id='word_1_427' title='bbox 1970 2845 2109 2904; x_wconf 86' lang='lat' dir='ltr'><strong>tant,</strong></span> <span class='ocrx_word' id='word_1_428' title='bbox 2153 2841 2207 2894; x_wconf 91' lang='lat' dir='ltr'><strong>in</strong></span> <span class='ocrx_word' id='word_1_429' title='bbox 2235 2841 2371 2896; x_wconf 91' lang='lat' dir='ltr'><strong>alias</strong></span> <span class='ocrx_word' id='word_1_430' title='bbox 2399 2843 2711 2912; x_wconf 90' lang='lat' dir='ltr'><strong>complures</strong></span> <span class='ocrx_word' id='word_1_431' title='bbox 2735 2842 3059 2915; x_wconf 89' lang='lat' dir='ltr'><strong>semetipsos</strong></span> <span class='ocrx_word' id='word_1_432' title='bbox 3092 2844 3346 2900; x_wconf 87' lang='lat' dir='ltr'><strong>induunt.</strong></span> <span class='ocrx_word' id='word_1_433' title='bbox 3379 2845 3552 2901; x_wconf 87' lang='lat' dir='ltr'><strong>Exse-</strong></span> 
     </span>
    </p>
   </div>
   <div class='ocr_carea' id='block_1_61' title="bbox 1971 2930 3552 3005">
    <p class='ocr_par' dir='ltr' id='par_1_61' title="bbox 1971 2930 3552 3005">
     <span class='ocr_line' id='line_1_61' title="bbox 1971 2930 3552 3005; baseline 0.002 -20"><span class='ocrx_word' id='word_1_434' title='bbox 1971 2930 2206 2985; x_wconf 90' lang='lat' dir='ltr'><strong>crabiles</strong></span> <span class='ocrx_word' id='word_1_435' title='bbox 2247 2931 2448 3000; x_wconf 90' lang='lat' dir='ltr'><strong>quippe</strong></span> <span class='ocrx_word' id='word_1_436' title='bbox 2492 2947 2590 2987; x_wconf 88' lang='lat' dir='ltr'><strong>eos</strong></span> <span class='ocrx_word' id='word_1_437' title='bbox 2638 2940 2853 3002; x_wconf 89' lang='lat' dir='ltr'><strong>oportet</strong></span> <span class='ocrx_word' id='word_1_438' title='bbox 2885 2948 3029 2995; x_wconf 87' lang='lat' dir='ltr'><strong>esse,</strong></span> <span class='ocrx_word' id='word_1_439' title='bbox 3071 2935 3165 3003; x_wconf 91' lang='lat' dir='ltr'><strong>qui</strong></span> <span class='ocrx_word' id='word_1_440' title='bbox 3212 2940 3392 3005; x_wconf 85' lang='lat' dir='ltr'><strong>neque</strong></span> <span class='ocrx_word' id='word_1_441' title='bbox 3439 2938 3552 2991; x_wconf 89' lang='lat' dir='ltr'><strong>cir-</strong></span> 
     </span>
    </p>
   </div>
   <div class='ocr_carea' id='block_1_62' title="bbox 1971 3021 3549 3095">
    <p class='ocr_par' dir='ltr' id='par_1_62' title="bbox 1971 3021 3549 3095">
     <span class='ocr_line' id='line_1_62' title="bbox 1971 3021 3549 3095; baseline 0.003 -19"><span class='ocrx_word' id='word_1_442' title='bbox 1971 3021 2357 3076; x_wconf 88' lang='lat' dir='ltr'><strong>cumcidantur</strong></span> <span class='ocrx_word' id='word_1_443' title='bbox 2406 3022 2663 3092; x_wconf 89' lang='lat' dir='ltr'><strong>atnplius,</strong></span> <span class='ocrx_word' id='word_1_444' title='bbox 2719 3039 2898 3093; x_wconf 89' lang='lat' dir='ltr'><strong>neque</strong></span> <span class='ocrx_word' id='word_1_445' title='bbox 2947 3024 3190 3079; x_wconf 82' lang='lat' dir='ltr'><strong>decimas</strong></span> <span class='ocrx_word' id='word_1_446' title='bbox 3251 3027 3549 3095; x_wconf 79' lang='lat' dir='ltr'><strong>pensitent,</strong></span> 
     </span>
    </p>
   </div>
   <div class='ocr_carea' id='block_1_63' title="bbox 288 3110 1875 3189">
    <p class='ocr_par' dir='ltr' id='par_1_63' title="bbox 288 3115 1875 3189">
     <span class='ocr_line' id='line_1_63' title="bbox 288 3115 1875 3189; baseline 0.003 -22"><span class='ocrx_word' id='word_1_447' title='bbox 288 3116 376 3177; x_wconf 70' lang='lat' dir='ltr'><strong>ei;</strong></span> <span class='ocrx_word' id='word_1_448' title='bbox 398 3115 597 3179; x_wconf 81' lang='grc' dir='ltr'>πολλὰς</span> <span class='ocrx_word' id='word_1_449' title='bbox 617 3116 842 3179; x_wconf 75' lang='grc' dir='ltr'>ἑαυτοὺς</span> <span class='ocrx_word' id='word_1_450' title='bbox 868 3118 1176 3188; x_wconf 79' lang='grc' dir='ltr'>ὲρεσχελίας</span> <span class='ocrx_word' id='word_1_451' title='bbox 1199 3118 1573 3189; x_wconf 75' lang='grc' dir='ltr'>ἐμϐαλλόντων</span> <span class='ocrx_word' id='word_1_452' title='bbox 1603 3120 1615 3172; x_wconf 88' lang='lat'><strong>!</strong></span> <span class='ocrx_word' id='word_1_453' title='bbox 1635 3117 1875 3188; x_wconf 83' lang='grc' dir='ltr'>Ἀληθῶς</span> 
     </span>
    </p>
   </div>
   <div class='ocr_carea' id='block_1_64' title="bbox 1982 3110 3551 3189">
    <p class='ocr_par' dir='ltr' id='par_1_64' title="bbox 1982 3110 3551 3184">
     <span class='ocr_line' id='line_1_64' title="bbox 1982 3110 3551 3184; baseline 0.005 -18"><span class='ocrx_word' id='word_1_454' title='bbox 1982 3126 2155 3181; x_wconf 91' lang='lat' dir='ltr'><strong>neque</strong></span> <span class='ocrx_word' id='word_1_455' title='bbox 2181 3110 2557 3183; x_wconf 84' lang='lat' dir='ltr'><strong>Hierosolyma</strong></span> <span class='ocrx_word' id='word_1_456' title='bbox 2583 3114 2882 3184; x_wconf 86' lang='lat' dir='ltr'><strong>quidquam</strong></span> <span class='ocrx_word' id='word_1_457' title='bbox 2911 3115 3177 3169; x_wconf 68' lang='lat' dir='ltr'><strong>oﬂ‘erendi</strong></span> <span class='ocrx_word' id='word_1_458' title='bbox 3213 3118 3387 3183; x_wconf 74' lang='lat' dir='ltr'><strong>gratia</strong></span> <span class='ocrx_word' id='word_1_459' title='bbox 3418 3119 3551 3173; x_wconf 88' lang='lat' dir='ltr'><strong>sub-</strong></span> 
     </span>
    </p>
   </div>
   <div class='ocr_carea' id='block_1_65' title="bbox 291 3204 1877 3280">
    <p class='ocr_par' dir='ltr' id='par_1_65' title="bbox 291 3204 1877 3280">
     <span class='ocr_line' id='line_1_65' title="bbox 291 3204 1877 3280; baseline 0.003 -23"><span class='ocrx_word' id='word_1_460' title='bbox 291 3204 410 3276; x_wconf 77' lang='grc' dir='ltr'><strong>γὰρ</strong></span> <span class='ocrx_word' id='word_1_461' title='bbox 436 3204 582 3259; x_wconf 83' lang='grc' dir='ltr'>ἔστιν</span> <span class='ocrx_word' id='word_1_462' title='bbox 612 3209 786 3261; x_wconf 70' lang='grc' dir='ltr'>εἰπεῖν</span> <span class='ocrx_word' id='word_1_463' title='bbox 820 3209 996 3262; x_wconf 80' lang='grc' dir='ltr'>ἐκεῖνο</span> <span class='ocrx_word' id='word_1_464' title='bbox 1023 3208 1085 3261; x_wconf 81' lang='grc' dir='ltr'><strong>τὸ</strong></span> <span class='ocrx_word' id='word_1_465' title='bbox 1120 3211 1272 3280; x_wconf 76' lang='grc' dir='ltr'>ῥῆμα</span> <span class='ocrx_word' id='word_1_466' title='bbox 1296 3208 1358 3262; x_wconf 81' lang='grc' dir='ltr'>τὸ</span> <span class='ocrx_word' id='word_1_467' title='bbox 1382 3209 1597 3263; x_wconf 81' lang='grc' dir='ltr'>συνετὸν</span> <span class='ocrx_word' id='word_1_468' title='bbox 1621 3208 1714 3262; x_wconf 80' lang='grc' dir='ltr'>τοῦ</span> <span class='ocrx_word' id='word_1_469' title='bbox 1758 3207 1877 3262; x_wconf 85' lang='grc' dir='ltr'><strong>Ἐκ-</strong></span> 
     </span>
    </p>
   </div>
   <div class='ocr_carea' id='block_1_66' title="bbox 292 3296 1876 3372">
    <p class='ocr_par' dir='ltr' id='par_1_66' title="bbox 292 3296 1876 3372">
     <span class='ocr_line' id='line_1_66' title="bbox 292 3296 1876 3372; baseline 0.003 -23"><span class='ocrx_word' id='word_1_470' title='bbox 292 3296 625 3367; x_wconf 81' lang='grc' dir='ltr'>κλησιαστοῦ</span> <span class='ocrx_word' id='word_1_471' title='bbox 646 3302 688 3362; x_wconf 84' lang='grc'>²,</span> <span class='ocrx_word' id='word_1_472' title='bbox 723 3300 785 3353; x_wconf 83' lang='grc' dir='ltr'>τὸ</span> <span class='ocrx_word' id='word_1_473' title='bbox 817 3303 882 3354; x_wconf 86' lang='grc' dir='ltr'>ὲκ</span> <span class='ocrx_word' id='word_1_474' title='bbox 926 3300 1242 3371; x_wconf 83' lang='grc' dir='ltr'>Πνεύματος</span> <span class='ocrx_word' id='word_1_475' title='bbox 1277 3302 1431 3370; x_wconf 80' lang='grc' dir='ltr'>ἁγίου</span> <span class='ocrx_word' id='word_1_476' title='bbox 1474 3303 1606 3372; x_wconf 77' lang='grc' dir='ltr'>ἡμῖν</span> <span class='ocrx_word' id='word_1_477' title='bbox 1632 3300 1876 3353; x_wconf 85' lang='grc' dir='ltr'>διεσταλ-</span> 
     </span>
    </p>
   </div>
   <div class='ocr_carea' id='block_1_67' title="bbox 298 3386 1877 3464">
    <p class='ocr_par' dir='ltr' id='par_1_67' title="bbox 298 3386 1877 3464">
     <span class='ocr_line' id='line_1_67' title="bbox 298 3386 1877 3464; baseline 0.004 -26"><span class='ocrx_word' id='word_1_478' title='bbox 298 3386 463 3455; x_wconf 89' lang='grc' dir='ltr'>μένον</span> <span class='ocrx_word' id='word_1_479' title='bbox 483 3405 498 3419; x_wconf 78' lang='grc'><strong><em>⁸</em></strong></span> <span class='ocrx_word' id='word_1_480' title='bbox 531 3389 612 3442; x_wconf 85' lang='grc' dir='ltr'>ὅτι</span> <span class='ocrx_word' id='word_1_481' title='bbox 644 3390 813 3444; x_wconf 82' lang='grc' dir='ltr'>Τοῦτο</span> <span class='ocrx_word' id='word_1_482' title='bbox 845 3391 986 3460; x_wconf 79' lang='grc' dir='ltr'>ἔγνω</span> <span class='ocrx_word' id='word_1_483' title='bbox 1014 3394 1042 3446; x_wconf 80' lang='grc' dir='ltr'>ὁ</span> <span class='ocrx_word' id='word_1_484' title='bbox 1084 3391 1539 3464; x_wconf 83' lang='grc' dir='ltr'>Ἐκκλησιαστὴς,</span> <span class='ocrx_word' id='word_1_485' title='bbox 1570 3393 1651 3446; x_wconf 84' lang='grc' dir='ltr'><strong>ὅτι</strong></span> <span class='ocrx_word' id='word_1_486' title='bbox 1679 3394 1708 3445; x_wconf 85' lang='grc' dir='ltr'>ὁ</span> <span class='ocrx_word' id='word_1_487' title='bbox 1746 3392 1877 3454; x_wconf 80' lang='grc' dir='ltr'>Θεὸς</span> 
     </span>
    </p>
   </div>
   <div class='ocr_carea' id='block_1_68' title="bbox 298 3479 1881 3555">
    <p class='ocr_par' dir='ltr' id='par_1_68' title="bbox 298 3479 1881 3555">
     <span class='ocr_line' id='line_1_68' title="bbox 298 3479 1881 3555; baseline 0.005 -25"><span class='ocrx_word' id='word_1_488' title='bbox 298 3479 522 3533; x_wconf 73' lang='grc' dir='ltr'>συνετὸν</span> <span class='ocrx_word' id='word_1_489' title='bbox 543 3479 826 3553; x_wconf 78' lang='grc' dir='ltr'>ἄνθρωπον</span> <span class='ocrx_word' id='word_1_490' title='bbox 855 3483 1111 3554; x_wconf 76' lang='grc' dir='ltr'>ἐποίησεν</span> <span class='ocrx_word' id='word_1_491' title='bbox 1139 3482 1270 3554; x_wconf 63' lang='lat' dir='ltr'><strong>eaea</strong></span> <span class='ocrx_word' id='word_1_492' title='bbox 1293 3498 1304 3510; x_wconf 85' lang='lat'><strong>&#39;</strong></span> <span class='ocrx_word' id='word_1_493' title='bbox 1338 3484 1492 3538; x_wconf 82' lang='grc' dir='ltr'>αὐτοὶ</span> <span class='ocrx_word' id='word_1_494' title='bbox 1519 3484 1575 3538; x_wconf 82' lang='grc' dir='ltr'>δὲ</span> <span class='ocrx_word' id='word_1_495' title='bbox 1604 3483 1881 3555; x_wconf 75' lang='grc' dir='ltr'>ἐζήτησαν</span> 
     </span>
    </p>
   </div>
   <div class='ocr_carea' id='block_1_69' title="bbox 295 3568 925 3638">
    <p class='ocr_par' dir='ltr' id='par_1_69' title="bbox 295 3568 925 3638">
     <span class='ocr_line' id='line_1_69' title="bbox 295 3568 925 3638; baseline 0.008 -17"><span class='ocrx_word' id='word_1_496' title='bbox 295 3568 502 3634; x_wconf 80' lang='grc' dir='ltr'>πολλὰς</span> <span class='ocrx_word' id='word_1_497' title='bbox 524 3570 735 3636; x_wconf 75' lang='grc' dir='ltr'>ἑαυτοῖς</span> <span class='ocrx_word' id='word_1_498' title='bbox 755 3572 925 3638; x_wconf 81' lang='grc' dir='ltr'>ὁδούς.</span> 
     </span>
    </p>
   </div>
   <div class='ocr_carea' id='block_1_70' title="bbox 375 3834 1880 3909">
    <p class='ocr_par' dir='ltr' id='par_1_70' title="bbox 375 3834 1880 3909">
     <span class='ocr_line' id='line_1_70' title="bbox 375 3834 1880 3909; baseline 0.002 -21"><span class='ocrx_word' id='word_1_499' title='bbox 375 3834 547 3889; x_wconf 73' lang='grc' dir='ltr'>Πόθεν</span> <span class='ocrx_word' id='word_1_500' title='bbox 581 3835 689 3906; x_wconf 80' lang='grc' dir='ltr'><strong>γὰρ</strong></span> <span class='ocrx_word' id='word_1_501' title='bbox 717 3837 775 3889; x_wconf 79' lang='grc' dir='ltr'><strong>οὐ</strong></span> <span class='ocrx_word' id='word_1_502' title='bbox 813 3836 1092 3890; x_wconf 74' lang='grc' dir='ltr'>διαπίπτει</span> <span class='ocrx_word' id='word_1_503' title='bbox 1129 3836 1332 3890; x_wconf 84' lang='grc' dir='ltr'>τούτων</span> <span class='ocrx_word' id='word_1_504' title='bbox 1368 3837 1401 3906; x_wconf 86' lang='grc' dir='ltr'><strong>ἡ</strong></span> <span class='ocrx_word' id='word_1_505' title='bbox 1437 3835 1681 3903; x_wconf 86' lang='grc' dir='ltr'>διάνοια;</span> <span class='ocrx_word' id='word_1_506' title='bbox 1723 3838 1880 3909; x_wconf 78' lang='grc' dir='ltr'>Πρῶ-</span> 
     </span>
    </p>
   </div>
   <div class='ocr_carea' id='block_1_71' title="bbox 300 3926 1878 3999">
    <p class='ocr_par' dir='ltr' id='par_1_71' title="bbox 300 3926 1878 3999">
     <span class='ocr_line' id='line_1_71' title="bbox 300 3926 1878 3999; baseline 0.001 -20"><span class='ocrx_word' id='word_1_507' title='bbox 300 3944 397 3979; x_wconf 90' lang='grc' dir='ltr'><strong>τον</strong></span> <span class='ocrx_word' id='word_1_508' title='bbox 430 3926 536 3997; x_wconf 81' lang='grc' dir='ltr'>γὰρ</span> <span class='ocrx_word' id='word_1_509' title='bbox 565 3928 622 3979; x_wconf 85' lang='grc' dir='ltr'>ὲν</span> <span class='ocrx_word' id='word_1_510' title='bbox 652 3929 718 3997; x_wconf 82' lang='grc' dir='ltr'>τῇ</span> <span class='ocrx_word' id='word_1_511' title='bbox 758 3926 1319 3999; x_wconf 81' lang='grc' dir='ltr'>τεσσαρεσκαιδεκάτῃ</span> <span class='ocrx_word' id='word_1_512' title='bbox 1349 3927 1411 3980; x_wconf 80' lang='grc' dir='ltr'><strong>τὸ</strong></span> <span class='ocrx_word' id='word_1_513' title='bbox 1435 3928 1625 3999; x_wconf 83' lang='grc' dir='ltr'>Πάσχα</span> <span class='ocrx_word' id='word_1_514' title='bbox 1664 3929 1878 3997; x_wconf 78' lang='grc' dir='ltr'>ἄγουσι,</span> 
     </span>
    </p>
   </div>
   <div class='ocr_carea' id='block_1_72' title="bbox 302 4013 1882 4088">
    <p class='ocr_par' dir='ltr' id='par_1_72' title="bbox 302 4013 1882 4088">
     <span class='ocr_line' id='line_1_72' title="bbox 302 4013 1882 4088; baseline 0.003 -23"><span class='ocrx_word' id='word_1_515' title='bbox 302 4014 496 4084; x_wconf 78' lang='grc' dir='ltr'>χρείαν</span> <span class='ocrx_word' id='word_1_516' title='bbox 533 4013 714 4083; x_wconf 77' lang='grc' dir='ltr'>έχουσι</span> <span class='ocrx_word' id='word_1_517' title='bbox 751 4014 813 4068; x_wconf 82' lang='grc' dir='ltr'><strong>τὸ</strong></span> <span class='ocrx_word' id='word_1_518' title='bbox 841 4016 1109 4087; x_wconf 80' lang='grc' dir='ltr'>πρόϐατον</span> <span class='ocrx_word' id='word_1_519' title='bbox 1147 4016 1332 4069; x_wconf 80' lang='grc' dir='ltr'>λαϐεῖν</span> <span class='ocrx_word' id='word_1_520' title='bbox 1361 4017 1467 4069; x_wconf 82' lang='grc' dir='ltr'>ἀπὸ</span> <span class='ocrx_word' id='word_1_521' title='bbox 1494 4016 1748 4088; x_wconf 84' lang='grc' dir='ltr'>δεκάτης,</span> <span class='ocrx_word' id='word_1_522' title='bbox 1787 4018 1882 4072; x_wconf 77' lang='grc' dir='ltr'>καὶ</span> 
     </span>
    </p>
   </div>
   <div class='ocr_carea' id='block_1_73' title="bbox 304 4105 1884 4179">
    <p class='ocr_par' dir='ltr' id='par_1_73' title="bbox 304 4105 1884 4179">
     <span class='ocr_line' id='line_1_73' title="bbox 304 4105 1884 4179; baseline 0.002 -20"><span class='ocrx_word' id='word_1_523' title='bbox 304 4106 495 4176; x_wconf 84' lang='grc' dir='ltr'>τηρεῖν</span> <span class='ocrx_word' id='word_1_524' title='bbox 517 4105 649 4158; x_wconf 84' lang='grc' dir='ltr'>αὐτὸ</span> <span class='ocrx_word' id='word_1_525' title='bbox 669 4105 774 4169; x_wconf 74' lang='grc' dir='ltr'>ἕως</span> <span class='ocrx_word' id='word_1_526' title='bbox 793 4107 1389 4177; x_wconf 75' lang='grc' dir='ltr'>τεσσαρεσκαιδεκάτης</span> <span class='ocrx_word' id='word_1_527' title='bbox 1408 4122 1421 4135; x_wconf 89' lang='grc'><strong>·</strong></span> <span class='ocrx_word' id='word_1_528' title='bbox 1447 4109 1543 4160; x_wconf 71' lang='grc' dir='ltr'><strong>καὶ</strong></span> <span class='ocrx_word' id='word_1_529' title='bbox 1577 4109 1758 4162; x_wconf 80' lang='grc' dir='ltr'>οὐκέτι</span> <span class='ocrx_word' id='word_1_530' title='bbox 1788 4109 1884 4179; x_wconf 87' lang='grc' dir='ltr'><strong>μία</strong></span> 
     </span>
    </p>
   </div>
   <div class='ocr_carea' id='block_1_74' title="bbox 311 4196 1879 4275">
    <p class='ocr_par' dir='ltr' id='par_1_74' title="bbox 311 4196 1879 4275">
     <span class='ocr_line' id='line_1_74' title="bbox 311 4196 1879 4275; baseline 0.003 -27"><span class='ocrx_word' id='word_1_531' title='bbox 311 4196 490 4268; x_wconf 67' lang='grc' dir='ltr'>ἡμέρα</span> <span class='ocrx_word' id='word_1_532' title='bbox 507 4197 656 4249; x_wconf 76' lang='grc' dir='ltr'>ἔσται</span> <span class='ocrx_word' id='word_1_533' title='bbox 685 4198 783 4268; x_wconf 78' lang='grc' dir='ltr'>τῆς</span> <span class='ocrx_word' id='word_1_534' title='bbox 800 4198 1051 4269; x_wconf 84' lang='grc' dir='ltr'>νηστείας</span> <span class='ocrx_word' id='word_1_535' title='bbox 1072 4212 1086 4229; x_wconf 77' lang='grc'><strong>⁸</strong></span> <span class='ocrx_word' id='word_1_536' title='bbox 1108 4199 1241 4252; x_wconf 83' lang='grc' dir='ltr'>ἀλλὰ</span> <span class='ocrx_word' id='word_1_537' title='bbox 1273 4198 1453 4262; x_wconf 83' lang='grc' dir='ltr'>πέντε,</span> <span class='ocrx_word' id='word_1_538' title='bbox 1474 4200 1507 4270; x_wconf 85' lang='grc' dir='ltr'>ἢ</span> <span class='ocrx_word' id='word_1_539' title='bbox 1537 4200 1635 4270; x_wconf 83' lang='grc' dir='ltr'><strong>τῇ³</strong></span> <span class='ocrx_word' id='word_1_540' title='bbox 1658 4201 1879 4275; x_wconf 81' lang='grc' dir='ltr'>δεκάτῃ,</span> 
     </span>
    </p>
   </div>
   <div class='ocr_carea' id='block_1_75' title="bbox 306 4288 1886 4364">
    <p class='ocr_par' dir='ltr' id='par_1_75' title="bbox 306 4288 1886 4364">
     <span class='ocr_line' id='line_1_75' title="bbox 306 4288 1886 4364; baseline 0.003 -22"><span class='ocrx_word' id='word_1_541' title='bbox 306 4288 407 4342; x_wconf 79' lang='grc' dir='ltr'>καὶ</span> <span class='ocrx_word' id='word_1_542' title='bbox 435 4288 711 4360; x_wconf 80' lang='grc' dir='ltr'>ἑνδεκάτῃ,</span> <span class='ocrx_word' id='word_1_543' title='bbox 738 4290 832 4341; x_wconf 75' lang='grc' dir='ltr'><strong>καὶ</strong></span> <span class='ocrx_word' id='word_1_544' title='bbox 867 4288 1164 4361; x_wconf 82' lang='grc' dir='ltr'>δωδεκάτῃ,</span> <span class='ocrx_word' id='word_1_545' title='bbox 1196 4290 1291 4343; x_wconf 76' lang='grc' dir='ltr'><strong>καὶ</strong></span> <span class='ocrx_word' id='word_1_546' title='bbox 1319 4291 1761 4364; x_wconf 82' lang='grc' dir='ltr'>τρισκαιδεκάτῃ,</span> <span class='ocrx_word' id='word_1_547' title='bbox 1791 4295 1886 4347; x_wconf 73' lang='grc' dir='ltr'>καὶ</span> 
     </span>
    </p>
   </div>
   <div class='ocr_carea' id='block_1_76' title="bbox 306 4381 1884 4458">
    <p class='ocr_par' dir='ltr' id='par_1_76' title="bbox 306 4381 1884 4458">
     <span class='ocr_line' id='line_1_76' title="bbox 306 4381 1884 4458; baseline 0.003 -23"><span class='ocrx_word' id='word_1_548' title='bbox 306 4381 891 4453; x_wconf 71' lang='grc' dir='ltr'>τεσσαρεσκαιδεκάτῃ.</span> <span class='ocrx_word' id='word_1_549' title='bbox 928 4381 1056 4436; x_wconf 86' lang='grc' dir='ltr'><strong>Ἐὰν</strong></span> <span class='ocrx_word' id='word_1_550' title='bbox 1100 4381 1156 4435; x_wconf 85' lang='grc' dir='ltr'><strong>δὲ</strong></span> <span class='ocrx_word' id='word_1_551' title='bbox 1183 4381 1318 4454; x_wconf 84' lang='grc' dir='ltr'>πρὸς</span> <span class='ocrx_word' id='word_1_552' title='bbox 1349 4382 1587 4455; x_wconf 78' lang='grc' dir='ltr'>ἑσπέραν</span> <span class='ocrx_word' id='word_1_553' title='bbox 1607 4384 1719 4454; x_wconf 85' lang='grc' dir='ltr'><strong>(Ιυ)</strong></span> <span class='ocrx_word' id='word_1_554' title='bbox 1751 4385 1884 4458; x_wconf 77' lang='grc' dir='ltr'>τυθῇ</span> 
     </span>
    </p>
   </div>
   <div class='ocr_carea' id='block_1_77' title="bbox 379 4533 1875 4615">
    <p class='ocr_par' dir='ltr' id='par_1_77' title="bbox 379 4533 1875 4609">
     <span class='ocr_line' id='line_1_77' title="bbox 379 4533 1875 4609; baseline 0.002 -21"><span class='ocrx_word' id='word_1_555' title='bbox 379 4535 398 4567; x_wconf 84' lang='grc'>¹</span> <span class='ocrx_word' id='word_1_556' title='bbox 425 4533 484 4589; x_wconf 81' lang='lat' dir='ltr'><strong>F.</strong></span> <span class='ocrx_word' id='word_1_557' title='bbox 517 4533 868 4605; x_wconf 73' lang='grc' dir='ltr'>πρόσταγμα.</span> <span class='ocrx_word' id='word_1_558' title='bbox 943 4536 963 4565; x_wconf 84' lang='grc'><strong><em>²</em></strong></span> <span class='ocrx_word' id='word_1_559' title='bbox 998 4553 1085 4604; x_wconf 74' lang='lat' dir='ltr'><strong>rp.</strong></span> <span class='ocrx_word' id='word_1_560' title='bbox 1129 4535 1637 4607; x_wconf 76' lang='grc' dir='ltr'>Ἐκκλησιαστικοῦ.</span> <span class='ocrx_word' id='word_1_561' title='bbox 1713 4538 1733 4568; x_wconf 87' lang='grc'>³</span> <span class='ocrx_word' id='word_1_562' title='bbox 1758 4536 1817 4592; x_wconf 88' lang='lat' dir='ltr'><strong>F.</strong></span> <span class='ocrx_word' id='word_1_563' title='bbox 1851 4540 1875 4609; x_wconf 63' lang='grc' dir='ltr'><strong>ἦ</strong></span> 
     </span>
    </p>
   </div>
   <div class='ocr_carea' id='block_1_78' title="bbox 1982 4533 2795 4615">
    <p class='ocr_par' dir='ltr' id='par_1_78' title="bbox 1982 4541 2795 4615">
     <span class='ocr_line' id='line_1_78' title="bbox 1982 4541 2795 4615; baseline 0.006 -22"><span class='ocrx_word' id='word_1_564' title='bbox 1982 4558 2035 4593; x_wconf 78' lang='grc' dir='ltr'>›ν.</span> <span class='ocrx_word' id='word_1_565' title='bbox 2115 4541 2137 4574; x_wconf 74' lang='grc' dir='ltr'><strong>δ</strong></span> <span class='ocrx_word' id='word_1_566' title='bbox 2173 4542 2326 4599; x_wconf 86' lang='lat' dir='ltr'><strong>Deut.</strong></span> <span class='ocrx_word' id='word_1_567' title='bbox 2356 4560 2529 4609; x_wconf 81' lang='lat' dir='ltr'><strong>xxvu,</strong></span> <span class='ocrx_word' id='word_1_568' title='bbox 2567 4545 2632 4599; x_wconf 81' lang='grc'>18</span> <span class='ocrx_word' id='word_1_569' title='bbox 2674 4561 2795 4615; x_wconf 70' lang='grc' dir='ltr'><strong>δίῃ.</strong></span> 
     </span>
    </p>
   </div>
   <div class='ocr_carea' id='block_1_79' title="bbox 1976 3203 3553 3282">
    <p class='ocr_par' dir='ltr' id='par_1_79' title="bbox 1976 3203 3553 3282">
     <span class='ocr_line' id='line_1_79' title="bbox 1976 3203 3553 3282; baseline 0.005 -26"><span class='ocrx_word' id='word_1_570' title='bbox 1976 3203 2215 3258; x_wconf 88' lang='lat' dir='ltr'><strong>mittant.</strong></span> <span class='ocrx_word' id='word_1_571' title='bbox 2265 3203 2310 3258; x_wconf 93' lang='grc' dir='ltr'><strong>Ο</strong></span> <span class='ocrx_word' id='word_1_572' title='bbox 2352 3204 2605 3260; x_wconf 89' lang='lat' dir='ltr'><strong>homines</strong></span> <span class='ocrx_word' id='word_1_573' title='bbox 2649 3213 2844 3282; x_wconf 85' lang='lat' dir='ltr'><strong>sponte</strong></span> <span class='ocrx_word' id='word_1_574' title='bbox 2895 3206 3338 3264; x_wconf 85' lang='lat' dir='ltr'><strong>cavillationibus</strong></span> <span class='ocrx_word' id='word_1_575' title='bbox 3386 3210 3553 3264; x_wconf 87' lang='lat' dir='ltr'><strong>variis</strong></span> 
     </span>
    </p>
   </div>
   <div class='ocr_carea' id='block_1_80' title="bbox 1976 3294 3555 3365">
    <p class='ocr_par' dir='ltr' id='par_1_80' title="bbox 1976 3294 3555 3365">
     <span class='ocr_line' id='line_1_80' title="bbox 1976 3294 3555 3365; baseline 0.004 -17"><span class='ocrx_word' id='word_1_576' title='bbox 1976 3308 2041 3349; x_wconf 88' lang='lat' dir='ltr'><strong>ac</strong></span> <span class='ocrx_word' id='word_1_577' title='bbox 2073 3294 2330 3351; x_wconf 89' lang='lat' dir='ltr'><strong>ludibriis</strong></span> <span class='ocrx_word' id='word_1_578' title='bbox 2380 3299 2752 3365; x_wconf 80' lang='lat' dir='ltr'><strong>opportunos!</strong></span> <span class='ocrx_word' id='word_1_579' title='bbox 2796 3296 2912 3353; x_wconf 85' lang='lat' dir='ltr'><strong>Hoc</strong></span> <span class='ocrx_word' id='word_1_580' title='bbox 2942 3302 3086 3353; x_wconf 89' lang='lat' dir='ltr'><strong>enim</strong></span> <span class='ocrx_word' id='word_1_581' title='bbox 3120 3299 3188 3354; x_wconf 89' lang='lat' dir='ltr'><strong>ab</strong></span> <span class='ocrx_word' id='word_1_582' title='bbox 3222 3300 3555 3355; x_wconf 86' lang='lat' dir='ltr'><strong>Ecclesiaste</strong></span> 
     </span>
    </p>
   </div>
   <div class='ocr_carea' id='block_1_81' title="bbox 1977 3386 3555 3459">
    <p class='ocr_par' dir='ltr' id='par_1_81' title="bbox 1977 3386 3555 3459">
     <span class='ocr_line' id='line_1_81' title="bbox 1977 3386 3555 3459; baseline 0.004 -19"><span class='ocrx_word' id='word_1_583' title='bbox 1977 3386 2251 3455; x_wconf 89' lang='lat' dir='ltr'><strong>sapienter</strong></span> <span class='ocrx_word' id='word_1_584' title='bbox 2295 3386 2524 3453; x_wconf 89' lang='lat' dir='ltr'><strong>dictum,</strong></span> <span class='ocrx_word' id='word_1_585' title='bbox 2557 3389 2644 3444; x_wconf 88' lang='lat' dir='ltr'><strong>vel</strong></span> <span class='ocrx_word' id='word_1_586' title='bbox 2682 3389 2863 3458; x_wconf 91' lang='lat' dir='ltr'><strong>potius</strong></span> <span class='ocrx_word' id='word_1_587' title='bbox 2909 3404 2940 3443; x_wconf 87' lang='lat' dir='ltr'><strong>a</strong></span> <span class='ocrx_word' id='word_1_588' title='bbox 2981 3388 3189 3459; x_wconf 87' lang='lat' dir='ltr'><strong>Spiritu</strong></span> <span class='ocrx_word' id='word_1_589' title='bbox 3236 3402 3427 3446; x_wconf 87' lang='lat' dir='ltr'><strong>sancto</strong></span> <span class='ocrx_word' id='word_1_590' title='bbox 3462 3408 3555 3447; x_wconf 84' lang='lat' dir='ltr'><strong>no-</strong></span> 
     </span>
    </p>
   </div>
   <div class='ocr_carea' id='block_1_82' title="bbox 1976 3479 3549 3548">
    <p class='ocr_par' dir='ltr' id='par_1_82' title="bbox 1976 3479 3549 3548">
     <span class='ocr_line' id='line_1_82' title="bbox 1976 3479 3549 3548; baseline 0.002 -15"><span class='ocrx_word' id='word_1_591' title='bbox 1976 3484 2092 3533; x_wconf 77' lang='lat' dir='ltr'><strong>stra</strong></span> <span class='ocrx_word' id='word_1_592' title='bbox 2145 3492 2311 3534; x_wconf 90' lang='lat' dir='ltr'><strong>causa</strong></span> <span class='ocrx_word' id='word_1_593' title='bbox 2361 3479 2798 3548; x_wconf 88' lang='lat' dir='ltr'><strong>pronuntiatum,</strong></span> <span class='ocrx_word' id='word_1_594' title='bbox 2853 3481 2920 3536; x_wconf 88' lang='lat' dir='ltr'><strong>ad</strong></span> <span class='ocrx_word' id='word_1_595' title='bbox 2979 3483 3103 3537; x_wconf 87' lang='lat' dir='ltr'><strong>illos</strong></span> <span class='ocrx_word' id='word_1_596' title='bbox 3150 3483 3549 3537; x_wconf 88' lang='lat' dir='ltr'><strong>accommodari</strong></span> 
     </span>
    </p>
   </div>
   <div class='ocr_carea' id='block_1_83' title="bbox 1977 3568 3557 3642">
    <p class='ocr_par' dir='ltr' id='par_1_83' title="bbox 1977 3568 3557 3642">
     <span class='ocr_line' id='line_1_83' title="bbox 1977 3568 3557 3642; baseline 0.001 -18"><span class='ocrx_word' id='word_1_597' title='bbox 1977 3577 2192 3639; x_wconf 88' lang='lat' dir='ltr'><strong>potest:</strong></span> <span class='ocrx_word' id='word_1_598' title='bbox 2220 3568 2334 3624; x_wconf 85' lang='lat' dir='ltr'><strong>Hoc</strong></span> <span class='ocrx_word' id='word_1_599' title='bbox 2367 3571 2517 3626; x_wconf 81' lang='lat' dir='ltr'><strong>novit</strong></span> <span class='ocrx_word' id='word_1_600' title='bbox 2544 3570 2925 3637; x_wconf 82' lang='lat' dir='ltr'><strong>Ecclesiastes,</strong></span> <span class='ocrx_word' id='word_1_601' title='bbox 2958 3572 3218 3642; x_wconf 90' lang='lat' dir='ltr'><strong>quoniam</strong></span> <span class='ocrx_word' id='word_1_602' title='bbox 3252 3570 3394 3627; x_wconf 88' lang='lat' dir='ltr'><strong>Deus</strong></span> <span class='ocrx_word' id='word_1_603' title='bbox 3424 3589 3557 3641; x_wconf 89' lang='lat' dir='ltr'><strong>pru-</strong></span> 
     </span>
    </p>
   </div>
   <div class='ocr_carea' id='block_1_84' title="bbox 1978 3660 3551 3733">
    <p class='ocr_par' dir='ltr' id='par_1_84' title="bbox 1978 3660 3551 3733">
     <span class='ocr_line' id='line_1_84' title="bbox 1978 3660 3551 3733; baseline -0.001 -17"><span class='ocrx_word' id='word_1_604' title='bbox 1978 3660 2196 3717; x_wconf 88' lang='lat' dir='ltr'><strong>dentem</strong></span> <span class='ocrx_word' id='word_1_605' title='bbox 2242 3662 2521 3718; x_wconf 86' lang='lat' dir='ltr'><strong>hominem</strong></span> <span class='ocrx_word' id='word_1_606' title='bbox 2573 3661 2702 3717; x_wconf 85' lang='lat' dir='ltr'><strong>fecit</strong></span> <span class='ocrx_word' id='word_1_607' title='bbox 2735 3670 2980 3726; x_wconf 86' lang='lat' dir='ltr'><strong>rectum;</strong></span> <span class='ocrx_word' id='word_1_608' title='bbox 3017 3664 3094 3719; x_wconf 89' lang='lat' dir='ltr'><strong>illi</strong></span> <span class='ocrx_word' id='word_1_609' title='bbox 3146 3669 3327 3718; x_wconf 88' lang='lat' dir='ltr'><strong>autem</strong></span> <span class='ocrx_word' id='word_1_610' title='bbox 3376 3664 3551 3733; x_wconf 84' lang='lat' dir='ltr'><strong>inqui-</strong></span> 
     </span>
    </p>
   </div>
   <div class='ocr_carea' id='block_1_85' title="bbox 1980 3749 3010 3825">
    <p class='ocr_par' dir='ltr' id='par_1_85' title="bbox 1980 3749 3010 3825">
     <span class='ocr_line' id='line_1_85' title="bbox 1980 3749 3010 3825; baseline 0 -16"><span class='ocrx_word' id='word_1_611' title='bbox 1980 3752 2192 3809; x_wconf 87' lang='lat' dir='ltr'><strong>sierunt</strong></span> <span class='ocrx_word' id='word_1_612' title='bbox 2228 3754 2412 3808; x_wconf 77' lang='lat' dir='ltr'><strong>varias</strong></span> <span class='ocrx_word' id='word_1_613' title='bbox 2442 3753 2803 3825; x_wconf 86' lang='lat' dir='ltr'><strong>sibimetipsis</strong></span> <span class='ocrx_word' id='word_1_614' title='bbox 2826 3754 2945 3809; x_wconf 90' lang='lat' dir='ltr'><strong>vias</strong></span> <span class='ocrx_word' id='word_1_615' title='bbox 2966 3749 3010 3809; x_wconf 83' lang='lat'><strong>&#39;.</strong></span> 
     </span>
    </p>
   </div>
   <div class='ocr_carea' id='block_1_86' title="bbox 2049 3843 3555 3915">
    <p class='ocr_par' dir='ltr' id='par_1_86' title="bbox 2049 3843 3555 3915">
     <span class='ocr_line' id='line_1_86' title="bbox 2049 3843 3555 3915; baseline -0.001 -19"><span class='ocrx_word' id='word_1_616' title='bbox 2049 3847 2244 3898; x_wconf 84' lang='lat' dir='ltr'><strong>Annon</strong></span> <span class='ocrx_word' id='word_1_617' title='bbox 2321 3844 2555 3899; x_wconf 87' lang='lat' dir='ltr'><strong>istorum</strong></span> <span class='ocrx_word' id='word_1_618' title='bbox 2616 3844 2956 3915; x_wconf 86' lang='lat' dir='ltr'><strong>explodenda</strong></span> <span class='ocrx_word' id='word_1_619' title='bbox 3012 3845 3208 3899; x_wconf 86' lang='lat' dir='ltr'><strong>merito</strong></span> <span class='ocrx_word' id='word_1_620' title='bbox 3288 3843 3555 3898; x_wconf 83' lang='lat' dir='ltr'><strong>sententia</strong></span> 
     </span>
    </p>
   </div>
   <div class='ocr_carea' id='block_1_87' title="bbox 1980 3932 3555 3997">
    <p class='ocr_par' dir='ltr' id='par_1_87' title="bbox 1980 3932 3555 3997">
     <span class='ocr_line' id='line_1_87' title="bbox 1980 3932 3555 3997; baseline -0.001 -9"><span class='ocrx_word' id='word_1_621' title='bbox 1980 3934 2102 3988; x_wconf 89' lang='lat' dir='ltr'><strong>est?</strong></span> <span class='ocrx_word' id='word_1_622' title='bbox 2154 3932 2400 3991; x_wconf 88' lang='lat' dir='ltr'><strong>Primum</strong></span> <span class='ocrx_word' id='word_1_623' title='bbox 2450 3936 2593 3990; x_wconf 88' lang='lat' dir='ltr'><strong>enim</strong></span> <span class='ocrx_word' id='word_1_624' title='bbox 2630 3935 2678 3989; x_wconf 90' lang='lat' dir='ltr'><strong>si</strong></span> <span class='ocrx_word' id='word_1_625' title='bbox 2722 3935 2934 3989; x_wconf 90' lang='lat' dir='ltr'><strong>Pascha</strong></span> <span class='ocrx_word' id='word_1_626' title='bbox 2986 3935 3076 3989; x_wconf 88' lang='lat' dir='ltr'><strong>die</strong></span> <span class='ocrx_word' id='word_1_627' title='bbox 3113 3951 3206 3988; x_wconf 81' lang='lat' dir='ltr'><strong>xw</strong></span> <span class='ocrx_word' id='word_1_628' title='bbox 3254 3935 3555 3997; x_wconf 84' lang='lat' dir='ltr'><strong>celebrant,</strong></span> 
     </span>
    </p>
   </div>
   <div class='ocr_carea' id='block_1_88' title="bbox 1976 4021 3557 4095">
    <p class='ocr_par' dir='ltr' id='par_1_88' title="bbox 1976 4021 3557 4095">
     <span class='ocr_line' id='line_1_88' title="bbox 1976 4021 3557 4095; baseline 0.003 -21"><span class='ocrx_word' id='word_1_629' title='bbox 1976 4021 2088 4091; x_wconf 90' lang='lat' dir='ltr'><strong>jam</strong></span> <span class='ocrx_word' id='word_1_630' title='bbox 2120 4030 2233 4076; x_wconf 92' lang='lat' dir='ltr'><strong>tum</strong></span> <span class='ocrx_word' id='word_1_631' title='bbox 2263 4038 2293 4076; x_wconf 88' lang='lat' dir='ltr'><strong>a</strong></span> <span class='ocrx_word' id='word_1_632' title='bbox 2323 4023 2411 4077; x_wconf 92' lang='lat' dir='ltr'><strong>die</strong></span> <span class='ocrx_word' id='word_1_633' title='bbox 2440 4040 2471 4077; x_wconf 85' lang='lat' dir='ltr'><strong>x</strong></span> <span class='ocrx_word' id='word_1_634' title='bbox 2515 4023 2909 4094; x_wconf 69' lang='lat' dir='ltr'><strong>praeparandus</strong></span> <span class='ocrx_word' id='word_1_635' title='bbox 2942 4024 3051 4079; x_wconf 87' lang='lat' dir='ltr'><strong>illis</strong></span> <span class='ocrx_word' id='word_1_636' title='bbox 3093 4039 3269 4095; x_wconf 78' lang='lat' dir='ltr'><strong>agnus</strong></span> <span class='ocrx_word' id='word_1_637' title='bbox 3297 4027 3422 4085; x_wconf 86' lang='lat' dir='ltr'><strong>erit.</strong></span> <span class='ocrx_word' id='word_1_638' title='bbox 3455 4040 3557 4079; x_wconf 88' lang='lat' dir='ltr'><strong>nec</strong></span> 
     </span>
    </p>
   </div>
   <div class='ocr_carea' id='block_1_89' title="bbox 1983 4115 3559 4186">
    <p class='ocr_par' dir='ltr' id='par_1_89' title="bbox 1983 4115 3559 4186">
     <span class='ocr_line' id='line_1_89' title="bbox 1983 4115 3559 4186; baseline 0.001 -19"><span class='ocrx_word' id='word_1_639' title='bbox 1983 4115 2221 4184; x_wconf 85' lang='lat' dir='ltr'><strong>amplius</strong></span> <span class='ocrx_word' id='word_1_640' title='bbox 2244 4131 2354 4169; x_wconf 90' lang='lat' dir='ltr'><strong>una</strong></span> <span class='ocrx_word' id='word_1_641' title='bbox 2381 4116 2487 4170; x_wconf 89' lang='lat' dir='ltr'><strong>erit</strong></span> <span class='ocrx_word' id='word_1_642' title='bbox 2511 4125 2833 4171; x_wconf 85' lang='lat' dir='ltr'><strong>consecrata</strong></span> <span class='ocrx_word' id='word_1_643' title='bbox 2855 4117 3071 4185; x_wconf 88' lang='lat' dir='ltr'><strong>jejunio</strong></span> <span class='ocrx_word' id='word_1_644' title='bbox 3101 4118 3253 4183; x_wconf 87' lang='lat' dir='ltr'><strong>dies;</strong></span> <span class='ocrx_word' id='word_1_645' title='bbox 3279 4118 3373 4172; x_wconf 91' lang='lat' dir='ltr'><strong>sed</strong></span> <span class='ocrx_word' id='word_1_646' title='bbox 3396 4117 3559 4186; x_wconf 88' lang='lat' dir='ltr'><strong>quin-</strong></span> 
     </span>
    </p>
   </div>
   <div class='ocr_carea' id='block_1_90' title="bbox 1982 4206 3553 4275">
    <p class='ocr_par' dir='ltr' id='par_1_90' title="bbox 1982 4206 3553 4275">
     <span class='ocr_line' id='line_1_90' title="bbox 1982 4206 3553 4275; baseline 0.002 -17"><span class='ocrx_word' id='word_1_647' title='bbox 1982 4220 2109 4275; x_wconf 91' lang='lat' dir='ltr'><strong>que,</strong></span> <span class='ocrx_word' id='word_1_648' title='bbox 2141 4206 2402 4260; x_wconf 88' lang='lat' dir='ltr'><strong>nimirum</strong></span> <span class='ocrx_word' id='word_1_649' title='bbox 2445 4207 2678 4270; x_wconf 88' lang='lat' dir='ltr'><strong>decima,</strong></span> <span class='ocrx_word' id='word_1_650' title='bbox 2725 4207 3034 4271; x_wconf 88' lang='lat' dir='ltr'><strong>undecima,</strong></span> <span class='ocrx_word' id='word_1_651' title='bbox 3072 4208 3420 4273; x_wconf 80' lang='lat' dir='ltr'><strong>duodecima,</strong></span> <span class='ocrx_word' id='word_1_652' title='bbox 3454 4207 3553 4261; x_wconf 87' lang='lat' dir='ltr'><strong>de-</strong></span> 
     </span>
    </p>
   </div>
   <div class='ocr_carea' id='block_1_91' title="bbox 1984 4296 3555 4369">
    <p class='ocr_par' dir='ltr' id='par_1_91' title="bbox 1984 4296 3555 4369">
     <span class='ocr_line' id='line_1_91' title="bbox 1984 4296 3555 4369; baseline 0 -20"><span class='ocrx_word' id='word_1_653' title='bbox 1984 4296 2126 4350; x_wconf 88' lang='lat' dir='ltr'><strong>cima</strong></span> <span class='ocrx_word' id='word_1_654' title='bbox 2179 4296 2336 4351; x_wconf 89' lang='lat' dir='ltr'><strong>tertia</strong></span> <span class='ocrx_word' id='word_1_655' title='bbox 2377 4308 2430 4351; x_wconf 87' lang='lat' dir='ltr'><strong>et</strong></span> <span class='ocrx_word' id='word_1_656' title='bbox 2478 4297 2690 4351; x_wconf 88' lang='lat' dir='ltr'><strong>decima</strong></span> <span class='ocrx_word' id='word_1_657' title='bbox 2731 4306 2950 4368; x_wconf 85' lang='lat' dir='ltr'><strong>quarta.</strong></span> <span class='ocrx_word' id='word_1_658' title='bbox 2983 4297 3141 4369; x_wconf 68' lang='grc'><strong>421</strong></span> <span class='ocrx_word' id='word_1_659' title='bbox 3177 4297 3334 4364; x_wconf 86' lang='lat' dir='ltr'><strong>Quod</strong></span> <span class='ocrx_word' id='word_1_660' title='bbox 3390 4298 3433 4352; x_wconf 91' lang='lat' dir='ltr'><strong>si</strong></span> <span class='ocrx_word' id='word_1_661' title='bbox 3489 4298 3555 4350; x_wconf 89' lang='lat' dir='ltr'><strong>ad</strong></span> 
     </span>
    </p>
   </div>
   <div class='ocr_carea' id='block_1_92' title="bbox 1984 4387 3559 4459">
    <p class='ocr_par' dir='ltr' id='par_1_92' title="bbox 1984 4387 3559 4459">
     <span class='ocr_line' id='line_1_92' title="bbox 1984 4387 3559 4459; baseline 0 -16"><span class='ocrx_word' id='word_1_662' title='bbox 1984 4403 2269 4458; x_wconf 78' lang='lat' dir='ltr'><strong>vesperam</strong></span> <span class='ocrx_word' id='word_1_663' title='bbox 2310 4388 2520 4443; x_wconf 85' lang='lat' dir='ltr'><strong>Pascha</strong></span> <span class='ocrx_word' id='word_1_664' title='bbox 2561 4388 2725 4444; x_wconf 89' lang='lat' dir='ltr'><strong>fuerit</strong></span> <span class='ocrx_word' id='word_1_665' title='bbox 2756 4390 3119 4454; x_wconf 87' lang='lat' dir='ltr'><strong>immolatum,</strong></span> <span class='ocrx_word' id='word_1_666' title='bbox 3167 4389 3315 4459; x_wconf 90' lang='lat' dir='ltr'><strong>quod</strong></span> <span class='ocrx_word' id='word_1_667' title='bbox 3348 4404 3438 4442; x_wconf 75' lang='lat' dir='ltr'><strong>xiv</strong></span> <span class='ocrx_word' id='word_1_668' title='bbox 3470 4387 3559 4443; x_wconf 89' lang='lat' dir='ltr'><strong>die</strong></span> 
     </span>
    </p>
   </div>
   <div class='ocr_carea' id='block_1_93' title="bbox 2878 4543 3364 4607">
    <p class='ocr_par' dir='ltr' id='par_1_93' title="bbox 2878 4543 3364 4607">
     <span class='ocr_line' id='line_1_93' title="bbox 2878 4543 3364 4607; baseline 0 -10"><span class='ocrx_word' id='word_1_669' title='bbox 2878 4546 2898 4576; x_wconf 83' lang='grc'>⁸</span> <span class='ocrx_word' id='word_1_670' title='bbox 2932 4544 3110 4599; x_wconf 89' lang='lat' dir='ltr'><strong>Eccle.</strong></span> <span class='ocrx_word' id='word_1_671' title='bbox 3137 4560 3235 4607; x_wconf 83' lang='lat' dir='ltr'><strong>vn,</strong></span> <span class='ocrx_word' id='word_1_672' title='bbox 3276 4543 3364 4599; x_wconf 72' lang='lat'><strong>50.</strong></span> 
     </span>
    </p>
   </div>
   <div class='ocr_carea' id='block_1_94' title="bbox 309 4646 3561 4728">
    <p class='ocr_par' dir='ltr' id='par_1_94' title="bbox 309 4646 3561 4728">
     <span class='ocr_line' id='line_1_94' title="bbox 309 4646 3561 4728; baseline 0.004 -28"><span class='ocrx_word' id='word_1_673' title='bbox 309 4656 367 4728; x_wconf 70' lang='lat' dir='ltr'><strong>et</strong></span> <span class='ocrx_word' id='word_1_674' title='bbox 398 4662 460 4702; x_wconf 85' lang='lat' dir='ltr'><strong>eo</strong></span> <span class='ocrx_word' id='word_1_675' title='bbox 494 4646 729 4728; x_wconf 79' lang='lat' dir='ltr'><strong>amplius</strong></span> <span class='ocrx_word' id='word_1_676' title='bbox 760 4647 1071 4728; x_wconf 62' lang='lat' dir='ltr'><strong>anticipata:</strong></span> <span class='ocrx_word' id='word_1_677' title='bbox 1104 4649 1253 4728; x_wconf 74' lang='lat' dir='ltr'><strong>_sint_</strong></span> <span class='ocrx_word' id='word_1_678' title='bbox 1275 4650 1609 4714; x_wconf 68' lang='lat' dir='ltr'><strong>neomenize,</strong></span> <span class='ocrx_word' id='word_1_679' title='bbox 1646 4660 1708 4707; x_wconf 91' lang='lat' dir='ltr'><strong>ut</strong></span> <span class='ocrx_word' id='word_1_680' title='bbox 1739 4653 1876 4706; x_wconf 90' lang='lat' dir='ltr'><strong>nihil</strong></span> <span class='ocrx_word' id='word_1_681' title='bbox 1910 4660 1956 4716; x_wconf 85' lang='lat'><strong>0</strong></span> <span class='ocrx_word' id='word_1_682' title='bbox 1986 4658 2308 4728; x_wconf 84' lang='lat' dir='ltr'><strong>absurdum,</strong></span> <span class='ocrx_word' id='word_1_683' title='bbox 2339 4660 2496 4728; x_wconf 90' lang='lat' dir='ltr'><strong>quasi</strong></span> <span class='ocrx_word' id='word_1_684' title='bbox 2524 4658 2592 4713; x_wconf 89' lang='lat' dir='ltr'><strong>ad</strong></span> <span class='ocrx_word' id='word_1_685' title='bbox 2630 4675 2752 4714; x_wconf 89' lang='lat' dir='ltr'><strong>eum</strong></span> <span class='ocrx_word' id='word_1_686' title='bbox 2781 4659 2925 4713; x_wconf 90' lang='lat' dir='ltr'><strong>diem</strong></span> <span class='ocrx_word' id='word_1_687' title='bbox 2957 4661 3102 4713; x_wconf 67' lang='lat' dir='ltr'><strong>lunm</strong></span> <span class='ocrx_word' id='word_1_688' title='bbox 3131 4676 3217 4712; x_wconf 76' lang='lat' dir='ltr'><strong>xlv</strong></span> <span class='ocrx_word' id='word_1_689' title='bbox 3248 4658 3363 4713; x_wconf 91' lang='lat' dir='ltr'><strong>dies</strong></span> <span class='ocrx_word' id='word_1_690' title='bbox 3390 4660 3561 4727; x_wconf 57' lang='lat' dir='ltr'><strong>possTt</strong></span> 
     </span>
    </p>
   </div>
   <div class='ocr_carea' id='block_1_95' title="bbox 312 4717 1873 4789">
    <p class='ocr_par' dir='ltr' id='par_1_95' title="bbox 312 4717 1873 4789">
     <span class='ocr_line' id='line_1_95' title="bbox 312 4717 1873 4789; baseline 0.002 -17"><span class='ocrx_word' id='word_1_691' title='bbox 312 4720 419 4772; x_wconf 90' lang='lat' dir='ltr'><strong>hac</strong></span> <span class='ocrx_word' id='word_1_692' title='bbox 469 4717 686 4789; x_wconf 60' lang='lat' dir='ltr'><strong>quidem</strong></span> <span class='ocrx_word' id='word_1_693' title='bbox 739 4718 949 4770; x_wconf 76' lang='lat' dir='ltr'><strong>ratione</strong></span> <span class='ocrx_word' id='word_1_694' title='bbox 996 4718 1255 4787; x_wconf 85' lang='lat' dir='ltr'><strong>Scaligeri</strong></span> <span class='ocrx_word' id='word_1_695' title='bbox 1296 4729 1618 4789; x_wconf 79' lang='lat' dir='ltr'><strong>argumenta</strong></span> <span class='ocrx_word' id='word_1_696' title='bbox 1653 4737 1873 4789; x_wconf 86' lang='lat' dir='ltr'><strong>promo-</strong></span> 
     </span>
    </p>
   </div>
   <div class='ocr_carea' id='block_1_96' title="bbox 312 4784 1879 4872">
    <p class='ocr_par' dir='ltr' id='par_1_96' title="bbox 312 4784 1879 4872">
     <span class='ocr_line' id='line_1_96' title="bbox 312 4784 1879 4872; baseline 0.004 -31"><span class='ocrx_word' id='word_1_697' title='bbox 312 4784 497 4867; x_wconf 67' lang='lat' dir='ltr'><strong>veant.</strong></span> <span class='ocrx_word' id='word_1_698' title='bbox 532 4784 639 4872; x_wconf 74' lang='lat' dir='ltr'><strong>Sed</strong></span> <span class='ocrx_word' id='word_1_699' title='bbox 666 4800 848 4868; x_wconf 54' lang='lat' dir='ltr'><strong>cares</strong></span> <span class='ocrx_word' id='word_1_700' title='bbox 876 4803 976 4872; x_wconf 61' lang='lat' dir='ltr'><strong>suo</strong></span> <span class='ocrx_word' id='word_1_701' title='bbox 1008 4790 1126 4868; x_wconf 83' lang='lat' dir='ltr'><strong>loco</strong></span> <span class='ocrx_word' id='word_1_702' title='bbox 1149 4784 1495 4871; x_wconf 74' lang='lat' dir='ltr'><strong>tractabitur.</strong></span> <span class='ocrx_word' id='word_1_703' title='bbox 1536 4784 1723 4872; x_wconf 55' lang='lat' dir='ltr'><strong>Neque</strong></span> <span class='ocrx_word' id='word_1_704' title='bbox 1750 4808 1879 4872; x_wconf 68' lang='lat' dir='ltr'><strong>vero</strong></span> 
     </span>
    </p>
   </div>
   <div class='ocr_carea' id='block_1_97' title="bbox 315 4856 1876 4931">
    <p class='ocr_par' dir='ltr' id='par_1_97' title="bbox 315 4856 1876 4931">
     <span class='ocr_line' id='line_1_97' title="bbox 315 4856 1876 4931; baseline 0.002 -20"><span class='ocrx_word' id='word_1_705' title='bbox 315 4857 520 4931; x_wconf 55' lang='grc' dir='ltr'><strong>ιιιὶιιοιζ⁸</strong></span> <span class='ocrx_word' id='word_1_706' title='bbox 546 4856 850 4931; x_wconf 74' lang='lat' dir='ltr'><strong>(Ialviniani</strong></span> <span class='ocrx_word' id='word_1_707' title='bbox 902 4859 1126 4931; x_wconf 76' lang='lat' dir='ltr'><strong>alterius</strong></span> <span class='ocrx_word' id='word_1_708' title='bbox 1164 4867 1247 4912; x_wconf 87' lang='lat' dir='ltr'><strong>est</strong></span> <span class='ocrx_word' id='word_1_709' title='bbox 1274 4856 1647 4931; x_wconf 38' lang='grc' dir='ltr'><strong>νου-ἰωῇ(ιυί</strong></span> <span class='ocrx_word' id='word_1_710' title='bbox 1680 4861 1876 4931; x_wconf 85' lang='lat' dir='ltr'><strong>Epiph.</strong></span> 
     </span>
    </p>
   </div>
   <div class='ocr_carea' id='block_1_98' title="bbox 314 4925 1883 4996">
    <p class='ocr_par' dir='ltr' id='par_1_98' title="bbox 314 4925 1883 4996">
     <span class='ocr_line' id='line_1_98' title="bbox 314 4925 1883 4996; baseline 0.004 -19"><span class='ocrx_word' id='word_1_711' title='bbox 314 4925 656 4996; x_wconf 64' lang='lat' dir='ltr'><strong>credulitatis</strong></span> <span class='ocrx_word' id='word_1_712' title='bbox 708 4927 988 4979; x_wconf 89' lang='lat' dir='ltr'><strong>insimulat</strong></span> <span class='ocrx_word' id='word_1_713' title='bbox 1030 4943 1096 4980; x_wconf 86' lang='lat' dir='ltr'><strong>ex</strong></span> <span class='ocrx_word' id='word_1_714' title='bbox 1136 4943 1202 4981; x_wconf 94' lang='lat' dir='ltr'><strong>eo</strong></span> <span class='ocrx_word' id='word_1_715' title='bbox 1247 4929 1391 4996; x_wconf 91' lang='lat' dir='ltr'><strong>quod</strong></span> <span class='ocrx_word' id='word_1_716' title='bbox 1428 4925 1594 4984; x_wconf 73' lang='lat' dir='ltr'><strong>variis</strong></span> <span class='ocrx_word' id='word_1_717' title='bbox 1640 4931 1695 4984; x_wconf 89' lang='lat' dir='ltr'><strong>in</strong></span> <span class='ocrx_word' id='word_1_718' title='bbox 1727 4925 1883 4985; x_wconf 62' lang='lat' dir='ltr'><strong>locis</strong></span> 
     </span>
    </p>
   </div>
   <div class='ocr_carea' id='block_1_99' title="bbox 316 4994 1880 5069">
    <p class='ocr_par' dir='ltr' id='par_1_99' title="bbox 316 4994 1880 5069">
     <span class='ocr_line' id='line_1_99' title="bbox 316 4994 1880 5069; baseline 0.003 -20"><span class='ocrx_word' id='word_1_719' title='bbox 316 4995 479 5049; x_wconf 86' lang='lat' dir='ltr'><strong>Pilati</strong></span> <span class='ocrx_word' id='word_1_720' title='bbox 511 4994 646 5069; x_wconf 74' lang='lat' dir='ltr'><strong>Acta</strong></span> <span class='ocrx_word' id='word_1_721' title='bbox 690 4995 873 5069; x_wconf 72' lang='lat' dir='ltr'><strong>laudet</strong></span> <span class='ocrx_word' id='word_1_722' title='bbox 897 5012 1121 5069; x_wconf 87' lang='lat' dir='ltr'><strong>._neque</strong></span> <span class='ocrx_word' id='word_1_723' title='bbox 1152 4994 1334 5069; x_wconf 74' lang='lat' dir='ltr'><strong>tamen</strong></span> <span class='ocrx_word' id='word_1_724' title='bbox 1366 4999 1421 5052; x_wconf 88' lang='lat' dir='ltr'><strong>in</strong></span> <span class='ocrx_word' id='word_1_725' title='bbox 1453 4998 1574 5054; x_wconf 82' lang='lat' dir='ltr'><strong>falsi</strong></span> <span class='ocrx_word' id='word_1_726' title='bbox 1607 5000 1880 5069; x_wconf 84' lang='lat' dir='ltr'><strong>suspicio—</strong></span> 
     </span>
    </p>
   </div>
   <div class='ocr_carea' id='block_1_100' title="bbox 316 5063 1890 5138">
    <p class='ocr_par' dir='ltr' id='par_1_100' title="bbox 316 5063 1890 5138">
     <span class='ocr_line' id='line_1_100' title="bbox 316 5063 1890 5138; baseline 0.004 -20"><span class='ocrx_word' id='word_1_727' title='bbox 316 5081 443 5119; x_wconf 84' lang='lat' dir='ltr'><strong>nem</strong></span> <span class='ocrx_word' id='word_1_728' title='bbox 479 5065 736 5118; x_wconf 81' lang='lat' dir='ltr'><strong>adducat.</strong></span> <span class='ocrx_word' id='word_1_729' title='bbox 786 5063 943 5130; x_wconf 87' lang='lat' dir='ltr'><strong>Quod</strong></span> <span class='ocrx_word' id='word_1_730' title='bbox 992 5063 1061 5120; x_wconf 80' lang='lat' dir='ltr'><strong>ne</strong></span> <span class='ocrx_word' id='word_1_731' title='bbox 1090 5067 1478 5123; x_wconf 80' lang='lat' dir='ltr'><strong>refutationem</strong></span> <span class='ocrx_word' id='word_1_732' title='bbox 1507 5063 1729 5138; x_wconf 78' lang='lat' dir='ltr'><strong>quidem</strong></span> <span class='ocrx_word' id='word_1_733' title='bbox 1774 5086 1890 5125; x_wconf 89' lang='lat' dir='ltr'><strong>me-</strong></span> 
     </span>
    </p>
   </div>
   <div class='ocr_carea' id='block_1_101' title="bbox 318 5146 493 5189">
    <p class='ocr_par' dir='ltr' id='par_1_101' title="bbox 318 5146 493 5189">
     <span class='ocr_line' id='line_1_101' title="bbox 318 5146 493 5189; baseline -0.006 0"><span class='ocrx_word' id='word_1_734' title='bbox 318 5146 493 5189; x_wconf 71' lang='lat' dir='ltr'><strong>I‘OIIII‘.</strong></span> 
     </span>
    </p>
   </div>
   <div class='ocr_carea' id='block_1_102' title="bbox 398 5203 1893 5273">
    <p class='ocr_par' dir='ltr' id='par_1_102' title="bbox 398 5203 1893 5273">
     <span class='ocr_line' id='line_1_102' title="bbox 398 5203 1893 5273; baseline 0.004 -15"><span class='ocrx_word' id='word_1_735' title='bbox 398 5204 474 5273; x_wconf 88' lang='lat'><strong>(9)</strong></span> <span class='ocrx_word' id='word_1_736' title='bbox 512 5203 623 5259; x_wconf 78' lang='grc' dir='ltr'>Καὶ</span> <span class='ocrx_word' id='word_1_737' title='bbox 657 5205 727 5258; x_wconf 81' lang='grc' dir='ltr'><strong>ἐν</strong></span> <span class='ocrx_word' id='word_1_738' title='bbox 772 5204 978 5271; x_wconf 79' lang='grc' dir='ltr'>αὐτοῖς</span> <span class='ocrx_word' id='word_1_739' title='bbox 1019 5204 1086 5257; x_wconf 83' lang='grc' dir='ltr'>δὲ</span> <span class='ocrx_word' id='word_1_740' title='bbox 1123 5203 1359 5271; x_wconf 79' lang='grc' dir='ltr'>στάσις.</span> <span class='ocrx_word' id='word_1_741' title='bbox 1414 5205 1540 5262; x_wconf 65' lang='lat' dir='ltr'><strong>Haec</strong></span> <span class='ocrx_word' id='word_1_742' title='bbox 1582 5207 1747 5263; x_wconf 86' lang='lat' dir='ltr'><strong>verba</strong></span> <span class='ocrx_word' id='word_1_743' title='bbox 1784 5209 1893 5264; x_wconf 83' lang='grc' dir='ltr'><strong>τῶν</strong></span> 
     </span>
    </p>
   </div>
   <div class='ocr_carea' id='block_1_103' title="bbox 327 5274 1895 5347">
    <p class='ocr_par' dir='ltr' id='par_1_103' title="bbox 327 5274 1895 5347">
     <span class='ocr_line' id='line_1_103' title="bbox 327 5274 1895 5347; baseline 0.005 -20"><span class='ocrx_word' id='word_1_744' title='bbox 327 5274 431 5344; x_wconf 81' lang='grc' dir='ltr'>μὲν</span> <span class='ocrx_word' id='word_1_745' title='bbox 456 5274 742 5347; x_wconf 70' lang='grc' dir='ltr'>λεγόντων,</span> <span class='ocrx_word' id='word_1_746' title='bbox 765 5286 913 5347; x_wconf 61' lang='grc' dir='ltr'>οια,</span> <span class='ocrx_word' id='word_1_747' title='bbox 941 5276 1133 5347; x_wconf 85' lang='lat' dir='ltr'><strong>&#39;aliena</strong></span> <span class='ocrx_word' id='word_1_748' title='bbox 1161 5276 1231 5329; x_wconf 88' lang='lat' dir='ltr'><strong>ab</strong></span> <span class='ocrx_word' id='word_1_749' title='bbox 1276 5276 1379 5329; x_wconf 91' lang='lat' dir='ltr'><strong>hoc</strong></span> <span class='ocrx_word' id='word_1_750' title='bbox 1411 5276 1535 5331; x_wconf 92' lang='lat' dir='ltr'><strong>loco</strong></span> <span class='ocrx_word' id='word_1_751' title='bbox 1571 5278 1741 5332; x_wconf 89' lang='lat' dir='ltr'><strong>videri</strong></span> <span class='ocrx_word' id='word_1_752' title='bbox 1771 5294 1895 5347; x_wconf 87' lang='lat' dir='ltr'><strong>pos-</strong></span> 
     </span>
    </p>
   </div>
   <div class='ocr_carea' id='block_1_104' title="bbox 326 5342 1888 5414">
    <p class='ocr_par' dir='ltr' id='par_1_104' title="bbox 326 5342 1888 5414">
     <span class='ocr_line' id='line_1_104' title="bbox 326 5342 1888 5414; baseline 0.002 -14"><span class='ocrx_word' id='word_1_753' title='bbox 326 5342 478 5400; x_wconf 77' lang='lat' dir='ltr'><strong>sunt.</strong></span> <span class='ocrx_word' id='word_1_754' title='bbox 512 5342 644 5398; x_wconf 82' lang='lat' dir='ltr'><strong>Nam</strong></span> <span class='ocrx_word' id='word_1_755' title='bbox 695 5346 939 5414; x_wconf 87' lang='lat' dir='ltr'><strong>priorum</strong></span> <span class='ocrx_word' id='word_1_756' title='bbox 972 5346 1188 5414; x_wconf 78' lang='lat' dir='ltr'><strong>illorum</strong></span> <span class='ocrx_word' id='word_1_757' title='bbox 1221 5347 1549 5400; x_wconf 86' lang='lat' dir='ltr'><strong>sententiam</strong></span> <span class='ocrx_word' id='word_1_758' title='bbox 1580 5342 1888 5413; x_wconf 82' lang='lat' dir='ltr'><strong>continent,</strong></span> 
     </span>
    </p>
   </div>
   <div class='ocr_carea' id='block_1_105' title="bbox 327 5413 1891 5483">
    <p class='ocr_par' dir='ltr' id='par_1_105' title="bbox 327 5413 1891 5483">
     <span class='ocr_line' id='line_1_105' title="bbox 327 5413 1891 5483; baseline 0.003 -16"><span class='ocrx_word' id='word_1_759' title='bbox 327 5415 422 5481; x_wconf 86' lang='lat' dir='ltr'><strong>qui</strong></span> <span class='ocrx_word' id='word_1_760' title='bbox 450 5431 535 5468; x_wconf 79' lang='lat' dir='ltr'><strong>xw</strong></span> <span class='ocrx_word' id='word_1_761' title='bbox 561 5413 1102 5470; x_wconf 32' lang='lat' dir='ltr'><strong>luna’celebrandum</strong></span> <span class='ocrx_word' id='word_1_762' title='bbox 1137 5413 1348 5469; x_wconf 88' lang='lat' dir='ltr'><strong>Pascha</strong></span> <span class='ocrx_word' id='word_1_763' title='bbox 1380 5416 1675 5471; x_wconf 85' lang='lat' dir='ltr'><strong>sciverant.</strong></span> <span class='ocrx_word' id='word_1_764' title='bbox 1702 5416 1891 5483; x_wconf 79' lang='lat' dir='ltr'><strong>Quan-</strong></span> 
     </span>
    </p>
   </div>
   <div class='ocr_carea' id='block_1_106' title="bbox 328 5484 1888 5556">
    <p class='ocr_par' dir='ltr' id='par_1_106' title="bbox 328 5484 1888 5556">
     <span class='ocr_line' id='line_1_106' title="bbox 328 5484 1888 5556; baseline 0.004 -21"><span class='ocrx_word' id='word_1_765' title='bbox 328 5500 494 5556; x_wconf 83' lang='lat' dir='ltr'><strong>quam</strong></span> <span class='ocrx_word' id='word_1_766' title='bbox 530 5500 672 5554; x_wconf 71' lang='lat' dir='ltr'><strong>sarpe</strong></span> <span class='ocrx_word' id='word_1_767' title='bbox 706 5486 880 5556; x_wconf 81' lang='lat' dir='ltr'><strong>otiosa</strong></span> <span class='ocrx_word' id='word_1_768' title='bbox 906 5484 1197 5556; x_wconf 69' lang='lat' dir='ltr'><strong>ejusmodi</strong></span> <span class='ocrx_word' id='word_1_769' title='bbox 1234 5486 1499 5556; x_wconf 79' lang='lat' dir='ltr'><strong>_repctitio</strong></span> <span class='ocrx_word' id='word_1_770' title='bbox 1548 5486 1691 5556; x_wconf 88' lang='lat' dir='ltr'><strong>apud</strong></span> <span class='ocrx_word' id='word_1_771' title='bbox 1742 5487 1888 5543; x_wconf 89' lang='lat' dir='ltr'><strong>hunc</strong></span> 
     </span>
    </p>
   </div>
   <div class='ocr_carea' id='block_1_107' title="bbox 330 5500 1884 5624">
    <p class='ocr_par' dir='ltr' id='par_1_107' title="bbox 330 5500 1884 5624">
     <span class='ocr_line' id='line_1_107' title="bbox 330 5500 1884 5556; baseline 0.005 -21"><span class='ocrx_word' id='word_1_772' title='bbox 330 5500 494 5553; x_wconf 84' lang='lat' dir='ltr'><strong>quam</strong></span> <span class='ocrx_word' id='word_1_773' title='bbox 530 5500 672 5554; x_wconf 75' lang='lat' dir='ltr'><strong>saepe</strong></span> <span class='ocrx_word' id='word_1_774' title='bbox 706 5500 880 5539; x_wconf 84' lang='lat' dir='ltr'><strong>ouesa</strong></span> <span class='ocrx_word' id='word_1_775' title='bbox 928 5500 1197 5552; x_wconf 74' lang='lat' dir='ltr'><strong>ejusmodi</strong></span> <span class='ocrx_word' id='word_1_776' title='bbox 1251 5500 1306 5538; x_wconf 86' lang='lat' dir='ltr'><strong>re</strong></span> <span class='ocrx_word' id='word_1_777' title='bbox 1347 5500 1499 5539; x_wconf 85' lang='lat' dir='ltr'><strong>euuo</strong></span> <span class='ocrx_word' id='word_1_778' title='bbox 1548 5500 1691 5556; x_wconf 87' lang='lat' dir='ltr'><strong>apuu</strong></span> <span class='ocrx_word' id='word_1_779' title='bbox 1742 5500 1884 5543; x_wconf 86' lang='lat' dir='ltr'><strong>nunc</strong></span> 
     </span>
     <span class='ocr_line' id='line_1_108' title="bbox 330 5500 1884 5624; baseline 0.002 -16"><span class='ocrx_word' id='word_1_780' title='bbox 330 5553 1174 5624; x_wconf 12' lang='lat' dir='ltr'><strong>scriptorem,animadvertitur.</strong></span> <span class='ocrx_word' id='word_1_781' title='bbox 1220 5500 1344 5624; x_wconf 48' lang='lat' dir='ltr'><strong>Sed,</strong></span> <span class='ocrx_word' id='word_1_782' title='bbox 1377 5556 1506 5624; x_wconf 90' lang='lat' dir='ltr'><strong>quid</strong></span> <span class='ocrx_word' id='word_1_783' title='bbox 1553 5571 1616 5611; x_wconf 86' lang='lat' dir='ltr'><strong>ea</strong></span> <span class='ocrx_word' id='word_1_784' title='bbox 1666 5558 1884 5613; x_wconf 88' lang='lat' dir='ltr'><strong>tandem</strong></span> 
     </span>
    </p>
   </div>
   <div class='ocr_carea' id='block_1_108' title="bbox 330 5620 1885 5697">
    <p class='ocr_par' dir='ltr' id='par_1_108' title="bbox 330 5620 1885 5697">
     <span class='ocr_line' id='line_1_109' title="bbox 330 5620 1885 5697; baseline 0.002 -20"><span class='ocrx_word' id='word_1_785' title='bbox 330 5620 689 5697; x_wconf 28' lang='lat' dir='ltr'><strong>sibi&#39;volun‘t?</strong></span> <span class='ocrx_word' id='word_1_786' title='bbox 721 5620 1006 5697; x_wconf 71' lang='lat' dir='ltr'><strong>Statuisse</strong></span> <span class='ocrx_word' id='word_1_787' title='bbox 1054 5624 1177 5697; x_wconf 82' lang='lat' dir='ltr'><strong>illos</strong></span> <span class='ocrx_word' id='word_1_788' title='bbox 1192 5620 1439 5697; x_wconf 76' lang='lat' dir='ltr'><strong>_Pas_e_ha</strong></span> <span class='ocrx_word' id='word_1_789' title='bbox 1465 5640 1557 5697; x_wconf 75' lang='lat' dir='ltr'><strong>xw</strong></span> <span class='ocrx_word' id='word_1_790' title='bbox 1588 5626 1738 5697; x_wconf 86' lang='lat' dir='ltr'><strong>luna,</strong></span> <span class='ocrx_word' id='word_1_791' title='bbox 1764 5642 1885 5697; x_wconf 70' lang='lat' dir='ltr'><strong>qua:</strong></span> 
     </span>
    </p>
   </div>
   <div class='ocr_carea' id='block_1_109' title="bbox 330 5691 1883 5765">
    <p class='ocr_par' dir='ltr' id='par_1_109' title="bbox 330 5691 1883 5765">
     <span class='ocr_line' id='line_1_110' title="bbox 330 5691 1883 5765; baseline 0.004 -18"><span class='ocrx_word' id='word_1_792' title='bbox 330 5694 390 5748; x_wconf 84' lang='lat' dir='ltr'><strong>in</strong></span> <span class='ocrx_word' id='word_1_793' title='bbox 428 5709 521 5748; x_wconf 81' lang='lat' dir='ltr'><strong>vm</strong></span> <span class='ocrx_word' id='word_1_794' title='bbox 552 5692 670 5750; x_wconf 83' lang='lat' dir='ltr'><strong>Kal.</strong></span> <span class='ocrx_word' id='word_1_795' title='bbox 706 5694 837 5764; x_wconf 90' lang='lat' dir='ltr'><strong>Apr.</strong></span> <span class='ocrx_word' id='word_1_796' title='bbox 868 5693 1142 5749; x_wconf 86' lang='lat' dir='ltr'><strong>incurrat?</strong></span> <span class='ocrx_word' id='word_1_797' title='bbox 1192 5691 1286 5750; x_wconf 87' lang='lat' dir='ltr'><strong>Est</strong></span> <span class='ocrx_word' id='word_1_798' title='bbox 1314 5695 1445 5752; x_wconf 90' lang='lat' dir='ltr'><strong>illud</strong></span> <span class='ocrx_word' id='word_1_799' title='bbox 1471 5696 1689 5765; x_wconf 87' lang='lat' dir='ltr'><strong>quidem</strong></span> <span class='ocrx_word' id='word_1_800' title='bbox 1716 5691 1883 5753; x_wconf 78' lang='lat' dir='ltr'><strong>niinis</strong></span> 
     </span>
    </p>
   </div>
   <div class='ocr_carea' id='block_1_110' title="bbox 1984 4727 3558 4801">
    <p class='ocr_par' dir='ltr' id='par_1_110' title="bbox 1984 4727 3558 4801">
     <span class='ocr_line' id='line_1_111' title="bbox 1984 4727 3558 4801; baseline 0.001 -21"><span class='ocrx_word' id='word_1_801' title='bbox 1984 4727 2376 4801; x_wconf 62' lang='lat' dir='ltr'><strong>adhaerescere.</strong></span> <span class='ocrx_word' id='word_1_802' title='bbox 2407 4728 2549 4801; x_wconf 70' lang='lat' dir='ltr'><strong>Quid</strong></span> <span class='ocrx_word' id='word_1_803' title='bbox 2582 4730 2626 4784; x_wconf 93' lang='lat' dir='ltr'><strong>si</strong></span> <span class='ocrx_word' id='word_1_804' title='bbox 2651 4730 2757 4801; x_wconf 81' lang='grc' dir='ltr'><strong>πρὸ</strong></span> <span class='ocrx_word' id='word_1_805' title='bbox 2784 4728 2891 4801; x_wconf 80' lang='grc' dir='ltr'><strong>τῶν</strong></span> <span class='ocrx_word' id='word_1_806' title='bbox 2920 4729 3065 4801; x_wconf 81' lang='grc' dir='ltr'><strong>ὀκτῲ</strong></span> <span class='ocrx_word' id='word_1_807' title='bbox 3087 4728 3240 4801; x_wconf 70' lang='lat' dir='ltr'><strong>Kal.,</strong></span> <span class='ocrx_word' id='word_1_808' title='bbox 3260 4730 3422 4801; x_wconf 81' lang='lat' dir='ltr'><strong>legas</strong></span> <span class='ocrx_word' id='word_1_809' title='bbox 3451 4746 3558 4781; x_wconf 86' lang='lat' dir='ltr'><strong>non</strong></span> 
     </span>
    </p>
   </div>
   <div class='ocr_carea' id='block_1_111' title="bbox 1983 4797 3564 4870">
    <p class='ocr_par' dir='ltr' id='par_1_111' title="bbox 1983 4797 3564 4870">
     <span class='ocr_line' id='line_1_112' title="bbox 1983 4797 3564 4870; baseline 0 -21"><span class='ocrx_word' id='word_1_810' title='bbox 1983 4797 2093 4850; x_wconf 85' lang='grc' dir='ltr'><strong>τῶν</strong></span> <span class='ocrx_word' id='word_1_811' title='bbox 2126 4799 2237 4870; x_wconf 15' lang='grc' dir='ltr'>πρὸῗ</span> <span class='ocrx_word' id='word_1_812' title='bbox 2269 4801 2412 4870; x_wconf 78' lang='grc' dir='ltr'>ὀκτώ</span> <span class='ocrx_word' id='word_1_813' title='bbox 2428 4798 2638 4870; x_wconf 41' lang='lat' dir='ltr'><strong>[Nam</strong></span> <span class='ocrx_word' id='word_1_814' title='bbox 2675 4797 2731 4852; x_wconf 80' lang='grc' dir='ltr'>αἱ</span> <span class='ocrx_word' id='word_1_815' title='bbox 2761 4799 2867 4868; x_wconf 83' lang='grc' dir='ltr'><strong>πρὸ</strong></span> <span class='ocrx_word' id='word_1_816' title='bbox 2899 4799 3044 4852; x_wconf 84' lang='grc' dir='ltr'>ὀκτώ</span> <span class='ocrx_word' id='word_1_817' title='bbox 3086 4798 3208 4870; x_wconf 87' lang='lat' dir='ltr'><strong>Kal.</strong></span> <span class='ocrx_word' id='word_1_818' title='bbox 3256 4800 3396 4870; x_wconf 82' lang='lat' dir='ltr'><strong>idem</strong></span> <span class='ocrx_word' id='word_1_819' title='bbox 3418 4807 3564 4870; x_wconf 82' lang='lat' dir='ltr'><strong>_sunt</strong></span> 
     </span>
    </p>
   </div>
   <div class='ocr_carea' id='block_1_112' title="bbox 1986 4866 3564 4937">
    <p class='ocr_par' dir='ltr' id='par_1_112' title="bbox 1986 4866 3564 4937">
     <span class='ocr_line' id='line_1_113' title="bbox 1986 4866 3564 4937; baseline 0.001 -19"><span class='ocrx_word' id='word_1_820' title='bbox 1986 4878 2149 4936; x_wconf 89' lang='lat' dir='ltr'><strong>atque</strong></span> <span class='ocrx_word' id='word_1_821' title='bbox 2170 4866 2240 4922; x_wconf 83' lang='grc' dir='ltr'><strong>ἀί</strong></span> <span class='ocrx_word' id='word_1_822' title='bbox 2274 4868 2420 4922; x_wconf 86' lang='grc' dir='ltr'>ὀκτώ</span> <span class='ocrx_word' id='word_1_823' title='bbox 2451 4868 2570 4922; x_wconf 86' lang='lat' dir='ltr'><strong>Kal.</strong></span> <span class='ocrx_word' id='word_1_824' title='bbox 2604 4869 2737 4935; x_wconf 62' lang='lat' dir='ltr'><strong>Quae</strong></span> <span class='ocrx_word' id='word_1_825' title='bbox 2783 4866 3039 4937; x_wconf 71' lang='lat' dir='ltr'><strong>lbquendi</strong></span> <span class='ocrx_word' id='word_1_826' title='bbox 3086 4869 3319 4937; x_wconf 83' lang='lat' dir='ltr'><strong>formula</strong></span> <span class='ocrx_word' id='word_1_827' title='bbox 3351 4882 3379 4919; x_wconf 85' lang='lat' dir='ltr'><strong>a</strong></span> <span class='ocrx_word' id='word_1_828' title='bbox 3418 4866 3564 4921; x_wconf 85' lang='lat' dir='ltr'><strong>Lati-</strong></span> 
     </span>
    </p>
   </div>
   <div class='ocr_carea' id='block_1_113' title="bbox 1985 4936 3581 5007">
    <p class='ocr_par' dir='ltr' id='par_1_113' title="bbox 1985 4936 3581 5007">
     <span class='ocr_line' id='line_1_114' title="bbox 1985 4936 3581 5007; baseline -0.001 -16"><span class='ocrx_word' id='word_1_829' title='bbox 1985 4938 2074 4991; x_wconf 88' lang='lat' dir='ltr'><strong>nis</strong></span> <span class='ocrx_word' id='word_1_830' title='bbox 2106 4941 2367 5000; x_wconf 86' lang='lat' dir='ltr'><strong>manavit,</strong></span> <span class='ocrx_word' id='word_1_831' title='bbox 2404 4940 2604 5007; x_wconf 86' lang='lat' dir='ltr'><strong>quibus</strong></span> <span class='ocrx_word' id='word_1_832' title='bbox 2672 4946 2799 4991; x_wconf 88' lang='lat' dir='ltr'><strong>ante</strong></span> <span class='ocrx_word' id='word_1_833' title='bbox 2830 4936 2975 4992; x_wconf 89' lang='lat' dir='ltr'><strong>diem</strong></span> <span class='ocrx_word' id='word_1_834' title='bbox 3011 4955 3107 5007; x_wconf 73' lang='lat' dir='ltr'><strong>vui</strong></span> <span class='ocrx_word' id='word_1_835' title='bbox 3148 4936 3269 4990; x_wconf 83' lang='lat' dir='ltr'><strong>Kal.</strong></span> <span class='ocrx_word' id='word_1_836' title='bbox 3303 4937 3444 5007; x_wconf 87' lang='lat' dir='ltr'><strong>idem</strong></span> <span class='ocrx_word' id='word_1_837' title='bbox 3476 4945 3581 5007; x_wconf 62' lang='lat' dir='ltr'><strong>est;</strong></span> 
     </span>
    </p>
   </div>
   <div class='ocr_carea' id='block_1_114' title="bbox 2001 5006 3566 5079">
    <p class='ocr_par' dir='ltr' id='par_1_114' title="bbox 2001 5006 3566 5079">
     <span class='ocr_line' id='line_1_115' title="bbox 2001 5006 3566 5079; baseline 0 -20"><span class='ocrx_word' id='word_1_838' title='bbox 2001 5015 2161 5079; x_wconf 85' lang='lat' dir='ltr'><strong>atque</strong></span> <span class='ocrx_word' id='word_1_839' title='bbox 2187 5023 2282 5060; x_wconf 78' lang='lat' dir='ltr'><strong>vui</strong></span> <span class='ocrx_word' id='word_1_840' title='bbox 2314 5006 2434 5079; x_wconf 78' lang='lat' dir='ltr'><strong>Kal.</strong></span> <span class='ocrx_word' id='word_1_841' title='bbox 2470 5009 2538 5061; x_wconf 91' lang='lat' dir='ltr'><strong>At</strong></span> <span class='ocrx_word' id='word_1_842' title='bbox 2573 5007 2760 5079; x_wconf 50' lang='lat' dir='ltr'><strong>sijrtpb</strong></span> <span class='ocrx_word' id='word_1_843' title='bbox 2787 5007 2895 5061; x_wconf 86' lang='grc' dir='ltr'><strong>τῶν</strong></span> <span class='ocrx_word' id='word_1_844' title='bbox 2923 5006 3068 5079; x_wconf 77' lang='grc' dir='ltr'>ὀκτώ</span> <span class='ocrx_word' id='word_1_845' title='bbox 3099 5009 3266 5076; x_wconf 76' lang='lat' dir='ltr'><strong>legas,</strong></span> <span class='ocrx_word' id='word_1_846' title='bbox 3302 5006 3449 5059; x_wconf 90' lang='lat' dir='ltr'><strong>hunc</strong></span> <span class='ocrx_word' id='word_1_847' title='bbox 3473 5006 3566 5059; x_wconf 86' lang='lat' dir='ltr'><strong>ha-</strong></span> 
     </span>
    </p>
   </div>
   <div class='ocr_carea' id='block_1_115' title="bbox 2000 5077 3589 5144">
    <p class='ocr_par' dir='ltr' id='par_1_115' title="bbox 2000 5077 3589 5144">
     <span class='ocr_line' id='line_1_116' title="bbox 2000 5077 3589 5144; baseline -0.001 -14"><span class='ocrx_word' id='word_1_848' title='bbox 2000 5077 2090 5130; x_wconf 87' lang='lat' dir='ltr'><strong>bet</strong></span> <span class='ocrx_word' id='word_1_849' title='bbox 2116 5092 2363 5139; x_wconf 89' lang='lat' dir='ltr'><strong>sensum,</strong></span> <span class='ocrx_word' id='word_1_850' title='bbox 2396 5078 2578 5131; x_wconf 89' lang='lat' dir='ltr'><strong>lunam</strong></span> <span class='ocrx_word' id='word_1_851' title='bbox 2609 5077 2733 5131; x_wconf 89' lang='lat' dir='ltr'><strong>illos</strong></span> <span class='ocrx_word' id='word_1_852' title='bbox 2771 5093 2861 5130; x_wconf 84' lang='lat' dir='ltr'><strong>xtv</strong></span> <span class='ocrx_word' id='word_1_853' title='bbox 2887 5077 3263 5137; x_wconf 87' lang='lat' dir='ltr'><strong>constituisse,</strong></span> <span class='ocrx_word' id='word_1_854' title='bbox 3302 5090 3405 5144; x_wconf 92' lang='lat' dir='ltr'><strong>qua</strong></span> <span class='ocrx_word' id='word_1_855' title='bbox 3438 5085 3589 5129; x_wconf 90' lang='lat' dir='ltr'><strong>ante-</strong></span> 
     </span>
    </p>
   </div>
   <div class='ocr_carea' id='block_1_116' title="bbox 1998 5145 3566 5217">
    <p class='ocr_par' dir='ltr' id='par_1_116' title="bbox 1998 5145 3566 5217">
     <span class='ocr_line' id='line_1_117' title="bbox 1998 5145 3566 5217; baseline -0.001 -18"><span class='ocrx_word' id='word_1_856' title='bbox 1998 5161 2095 5200; x_wconf 82' lang='lat' dir='ltr'><strong>vm</strong></span> <span class='ocrx_word' id='word_1_857' title='bbox 2144 5146 2263 5217; x_wconf 81' lang='lat' dir='ltr'><strong>Kal.</strong></span> <span class='ocrx_word' id='word_1_858' title='bbox 2314 5147 2597 5202; x_wconf 84' lang='lat' dir='ltr'><strong>incideret.</strong></span> <span class='ocrx_word' id='word_1_859' title='bbox 2642 5145 2756 5201; x_wconf 85' lang='lat' dir='ltr'><strong>Nisi</strong></span> <span class='ocrx_word' id='word_1_860' title='bbox 2809 5146 2950 5203; x_wconf 89' lang='lat' dir='ltr'><strong>forte</strong></span> <span class='ocrx_word' id='word_1_861' title='bbox 2982 5163 3071 5201; x_wconf 85' lang='lat' dir='ltr'><strong>xtv</strong></span> <span class='ocrx_word' id='word_1_862' title='bbox 3101 5147 3282 5202; x_wconf 89' lang='lat' dir='ltr'><strong>lunam</strong></span> <span class='ocrx_word' id='word_1_863' title='bbox 3313 5145 3422 5217; x_wconf 82' lang='grc' dir='ltr'><strong>τῶν</strong></span> <span class='ocrx_word' id='word_1_864' title='bbox 3458 5147 3566 5217; x_wconf 76' lang='grc' dir='ltr'>πρὸ</span> 
     </span>
    </p>
   </div>
   <div class='ocr_carea' id='block_1_117' title="bbox 1997 5216 3565 5286">
    <p class='ocr_par' dir='ltr' id='par_1_117' title="bbox 1997 5216 3565 5286">
     <span class='ocr_line' id='line_1_118' title="bbox 1997 5216 3565 5286; baseline 0 -18"><span class='ocrx_word' id='word_1_865' title='bbox 1997 5217 2141 5270; x_wconf 86' lang='grc' dir='ltr'>ὀκτώ</span> <span class='ocrx_word' id='word_1_866' title='bbox 2155 5216 2278 5274; x_wconf 88' lang='lat' dir='ltr'><strong>Kal.</strong></span> <span class='ocrx_word' id='word_1_867' title='bbox 2312 5225 2469 5271; x_wconf 87' lang='lat' dir='ltr'><strong>vocet</strong></span> <span class='ocrx_word' id='word_1_868' title='bbox 2492 5232 2775 5286; x_wconf 74' lang='lat' dir='ltr'><strong>eam,quae</strong></span> <span class='ocrx_word' id='word_1_869' title='bbox 2797 5217 2924 5270; x_wconf 92' lang='lat' dir='ltr'><strong>huic</strong></span> <span class='ocrx_word' id='word_1_870' title='bbox 2951 5217 3178 5271; x_wconf 88' lang='lat' dir='ltr'><strong>termino</strong></span> <span class='ocrx_word' id='word_1_871' title='bbox 3209 5216 3565 5285; x_wconf 80' lang='lat' dir='ltr'><strong>propinquiur</strong></span> 
     </span>
    </p>
   </div>
   <div class='ocr_carea' id='block_1_118' title="bbox 1998 5285 3563 5356">
    <p class='ocr_par' dir='ltr' id='par_1_118' title="bbox 1998 5285 3563 5356">
     <span class='ocr_line' id='line_1_119' title="bbox 1998 5285 3563 5356; baseline -0.002 -15"><span class='ocrx_word' id='word_1_872' title='bbox 1998 5295 2104 5356; x_wconf 85' lang='lat' dir='ltr'><strong>est,</strong></span> <span class='ocrx_word' id='word_1_873' title='bbox 2137 5287 2281 5356; x_wconf 90' lang='lat' dir='ltr'><strong>quod</strong></span> <span class='ocrx_word' id='word_1_874' title='bbox 2329 5303 2517 5341; x_wconf 88' lang='lat' dir='ltr'><strong>verum</strong></span> <span class='ocrx_word' id='word_1_875' title='bbox 2546 5285 2698 5356; x_wconf 89' lang='lat' dir='ltr'><strong>puto.</strong></span> <span class='ocrx_word' id='word_1_876' title='bbox 2733 5285 2787 5341; x_wconf 92' lang='lat' dir='ltr'><strong>Si</strong></span> <span class='ocrx_word' id='word_1_877' title='bbox 2822 5286 3041 5356; x_wconf 90' lang='lat' dir='ltr'><strong>quidem</strong></span> <span class='ocrx_word' id='word_1_878' title='bbox 3076 5297 3129 5340; x_wconf 92' lang='lat' dir='ltr'><strong>et</strong></span> <span class='ocrx_word' id='word_1_879' title='bbox 3158 5287 3270 5340; x_wconf 69' lang='lat' dir='ltr'><strong>haec</strong></span> <span class='ocrx_word' id='word_1_880' title='bbox 3301 5286 3563 5352; x_wconf 84' lang='lat' dir='ltr'><strong>loquendi</strong></span> 
     </span>
    </p>
   </div>
   <div class='ocr_carea' id='block_1_119' title="bbox 2000 5354 3565 5426">
    <p class='ocr_par' dir='ltr' id='par_1_119' title="bbox 2000 5354 3565 5426">
     <span class='ocr_line' id='line_1_120' title="bbox 2000 5354 3565 5426; baseline 0.001 -18"><span class='ocrx_word' id='word_1_881' title='bbox 2000 5354 2265 5421; x_wconf 80' lang='lat' dir='ltr'><strong>formula,</strong></span> <span class='ocrx_word' id='word_1_882' title='bbox 2315 5372 2478 5426; x_wconf 90' lang='lat' dir='ltr'><strong>quam</strong></span> <span class='ocrx_word' id='word_1_883' title='bbox 2532 5354 2901 5426; x_wconf 3' lang='lat' dir='ltr'><strong>propreeepta</strong></span> <span class='ocrx_word' id='word_1_884' title='bbox 2948 5370 3261 5424; x_wconf 80' lang='lat' dir='ltr'><strong>excusaque</strong></span> <span class='ocrx_word' id='word_1_885' title='bbox 3295 5357 3565 5426; x_wconf 10' lang='lat' dir='ltr'><strong>,substitui</strong></span> 
     </span>
    </p>
   </div>
   <div class='ocr_carea' id='block_1_120' title="bbox 2000 5425 3566 5508">
    <p class='ocr_par' dir='ltr' id='par_1_120' title="bbox 2000 5425 3566 5508">
     <span class='ocr_line' id='line_1_121' title="bbox 2000 5425 3566 5508; baseline 0 -29"><span class='ocrx_word' id='word_1_886' title='bbox 2000 5441 2161 5508; x_wconf 75' lang='lat' dir='ltr'><strong>posse</strong></span> <span class='ocrx_word' id='word_1_887' title='bbox 2186 5425 2428 5508; x_wconf 77' lang='lat' dir='ltr'><strong>diximus</strong></span> <span class='ocrx_word' id='word_1_888' title='bbox 2463 5427 2570 5497; x_wconf 76' lang='grc' dir='ltr'><strong>πρὸ</strong></span> <span class='ocrx_word' id='word_1_889' title='bbox 2598 5425 2718 5508; x_wconf 47' lang='grc' dir='ltr'>τῶν·</span> <span class='ocrx_word' id='word_1_890' title='bbox 2750 5425 2893 5479; x_wconf 84' lang='grc' dir='ltr'>ὀκτώ</span> <span class='ocrx_word' id='word_1_891' title='bbox 2911 5441 3020 5508; x_wconf 79' lang='lat' dir='ltr'><strong>pro</strong></span> <span class='ocrx_word' id='word_1_892' title='bbox 3046 5427 3235 5508; x_wconf 60' lang='lat' dir='ltr'><strong>eodem</strong></span> <span class='ocrx_word' id='word_1_893' title='bbox 3257 5494 3268 5508; x_wconf 35' lang='grc' dir='ltr'><strong>ν</strong></span> <span class='ocrx_word' id='word_1_894' title='bbox 3289 5425 3566 5481; x_wconf 87' lang='lat' dir='ltr'><strong>interdum</strong></span> 
     </span>
    </p>
   </div>
   <div class='ocr_carea' id='block_1_121' title="bbox 2000 5493 3302 5566">
    <p class='ocr_par' dir='ltr' id='par_1_121' title="bbox 2000 5493 3302 5566">
     <span class='ocr_line' id='line_1_122' title="bbox 2000 5493 3302 5566; baseline -0.002 -15"><span class='ocrx_word' id='word_1_895' title='bbox 2000 5493 2134 5551; x_wconf 69' lang='lat' dir='ltr'><strong>Solet</strong></span> <span class='ocrx_word' id='word_1_896' title='bbox 2169 5497 2448 5565; x_wconf 76' lang='lat' dir='ltr'><strong>usurpari,</strong></span> <span class='ocrx_word' id='word_1_897' title='bbox 2479 5493 2644 5566; x_wconf 75' lang='lat' dir='ltr'><strong>atque</strong></span> <span class='ocrx_word' id='word_1_898' title='bbox 2671 5496 2841 5566; x_wconf 79' lang='lat' dir='ltr'><strong>altera</strong></span> <span class='ocrx_word' id='word_1_899' title='bbox 2868 5493 2976 5566; x_wconf 67' lang='grc' dir='ltr'><strong>τῶν</strong></span> <span class='ocrx_word' id='word_1_900' title='bbox 3008 5493 3115 5566; x_wconf 80' lang='grc' dir='ltr'>πρὸ</span> <span class='ocrx_word' id='word_1_901' title='bbox 3139 5494 3302 5566; x_wconf 64' lang='grc' dir='ltr'>ὀκτώ.</span> 
     </span>
    </p>
   </div>
   <div class='ocr_carea' id='block_1_122' title="bbox 2071 5564 3577 5636">
    <p class='ocr_par' dir='ltr' id='par_1_122' title="bbox 2071 5564 3577 5636">
     <span class='ocr_line' id='line_1_123' title="bbox 2071 5564 3577 5636; baseline -0.001 -15"><span class='ocrx_word' id='word_1_902' title='bbox 2071 5567 2183 5636; x_wconf 75' lang='grc'><strong>(10)</strong></span> <span class='ocrx_word' id='word_1_903' title='bbox 2236 5564 2369 5621; x_wconf 74' lang='grc' dir='ltr'><em>Ἐὰν</em></span> <span class='ocrx_word' id='word_1_904' title='bbox 2403 5564 2565 5635; x_wconf 66' lang='grc' dir='ltr'>πρὸς</span> <span class='ocrx_word' id='word_1_905' title='bbox 2589 5564 2871 5635; x_wconf 78' lang='grc' dir='ltr'>ἑσπέραν.</span> <span class='ocrx_word' id='word_1_906' title='bbox 2905 5564 3039 5623; x_wconf 83' lang='lat' dir='ltr'><strong>Vide</strong></span> <span class='ocrx_word' id='word_1_907' title='bbox 3056 5564 3314 5623; x_wconf 76' lang='lat' dir='ltr'><strong>Animad.</strong></span> <span class='ocrx_word' id='word_1_908' title='bbox 3348 5573 3577 5623; x_wconf 65' lang='lat' dir='ltr'><strong>nostras.</strong></span> 
     </span>
    </p>
   </div>
   <div class='ocr_carea' id='block_1_123' title="bbox 1996 5636 2606 5704">
    <p class='ocr_par' dir='ltr' id='par_1_123' title="bbox 1996 5636 2606 5704">
     <span class='ocr_line' id='line_1_124' title="bbox 1996 5636 2606 5704; baseline 0.002 -15"><span class='ocrx_word' id='word_1_909' title='bbox 1996 5637 2065 5693; x_wconf 92' lang='lat' dir='ltr'><strong>ad</strong></span> <span class='ocrx_word' id='word_1_910' title='bbox 2102 5637 2232 5692; x_wconf 69' lang='lat' dir='ltr'><strong>haer.</strong></span> <span class='ocrx_word' id='word_1_911' title='bbox 2264 5651 2392 5704; x_wconf 62' lang='grc' dir='ltr'>ιιι,</span> <span class='ocrx_word' id='word_1_912' title='bbox 2426 5651 2480 5690; x_wconf 92' lang='lat' dir='ltr'><strong>n.</strong></span> <span class='ocrx_word' id='word_1_913' title='bbox 2522 5636 2606 5691; x_wconf 75' lang='grc' dir='ltr'><strong>ιι.</strong></span> 
     </span>
    </p>
   </div>
  </div>
