3958 6420
441 280 542 348 887

1849 298 1905 354 S.
1949 299 2030 354 ΕΡ

2141 297 2306 354 [ΑΝΙῘ
3584 303 3665 360 888

437 413 794 472 illucescente
818 414 1052 486 geritur,
1091 431 1142 470 vi
1165 414 1286 470 dies
1309 415 1522 486 jejunio
1549 418 1829 474 tribuendi
1847 428 2023 486 _sunt;

2141 420 2192 473 τὸ
2213 421 2475 490 Πάσχα,ή
2507 419 2644 493 αὑτὴ
2666 420 3233 493 τεσσαρεσκαιδεκάτη
3255 419 3664 490 ἔπιφὼσκουσαὲξ

438 521 538 562 nec
558 505 674 576 jam
703 523 847 562 unus
882 507 1251 578 praetinietnr;
1282 509 1472 580 sicque
1500 512 1680 566 omnis
1708 512 1796 565 illa
1830 513 1897 567 de
1921 529 2032 567 una

435 599 526 652 die
549 600 784 669 quaestio
808 615 905 669 per
937 615 996 655 se
1027 601 1147 670 ipsa
1169 600 1400 667 corruit,
1435 618 1557 673 qua:
1587 617 1712 659 esse
1741 603 1907 659 unica
1939 605 2033 659 de-

437 691 591 747 sinit.
623 691 764 744 Nam
813 699 868 746 et
901 692 969 746 ad
1007 693 1132 748 illas
1165 692 1466 762 ﬁgurarum
1513 695 1760 759 umbras,
1805 713 1927 766 qua:
1962 699 2032 752 iis

435 783 572 852 ipsis
644 783 1029 854 significantur
1109 785 1450 842 adamussim
1549 799 1904 858 congruunt;
1973 799 2028 847 et

436 878 574 930 istos
615 891 848 931 necesse
870 885 954 931 est
1003 877 1150 932 haud
1198 879 1532 935 mediocrem
1568 879 1882 936 divinorum
1916 899 2034 954 my-

435 968 731 1022 steriorum
759 968 1038 1037 jacturam
1073 970 1274 1026 facere.
1309 972 1596 1028 Christum
1625 976 1774 1030 cnim
1815 991 1908 1030 xiv
1944 977 2032 1031 die

393 1083 398 1136 ί
437 1059 668 1112 "metari
723 1076 788 1114 ex
829 1061 1155 1132 prmscripto
1189 1063 1327 1132 legis
1377 1066 1645 1136 oportuit,
1688 1077 1750 1122 ut
1791 1068 1912 1136 ejus
1956 1068 2032 1121 Iu-

435 1167 582 1214 men,
621 1151 766 1220 quod
797 1151 1020 1208 Judreos
1055 1155 1440 1221 collustrabat,
1472 1158 1686 1213 oriente
1717 1159 1834 1214 sole
1866 1175 1928 1213 ac
1959 1161 2032 1213 lu-

435 1259 562 1297 nam
591 1245 990 1312 abscondente,
1016 1247 1318 1304 desineret.
1345 1248 1560 1307 Etenim
1593 1267 1622 1305 a
1655 1268 1746 1306 xiv
1768 1252 1858 1308 die
1882 1253 2034 1306 duin-

435 1351 565 1406 ccps
596 1337 740 1391 lume
770 1339 1036 1408 splendor
1066 1339 1439 1396 imminuitur.
1480 1338 1573 1396 Sic
1606 1342 1660 1396 in
1684 1343 1856 1398 veteri
1890 1343 2028 1413 lego,

433 1435 560 1498 post
605 1428 898 1484 adventum
953 1445 1019 1484 ac
1073 1432 1390 1502 passionem
1436 1430 1674 1495 Domini,
1711 1433 2028 1489 Iudaeorum

433 1519 731 1575 obscurata
773 1519 1082 1592 Synagoga,
1132 1524 1508 1594 evangelicum
1559 1525 1741 1580 lumen
1795 1504 2024 1592 affulsit,

435 1627 550 1666 non
595 1619 656 1666 ut
693 1614 874 1668 soluta
917 1616 1001 1669 lex
1062 1617 1154 1679 sit,
1195 1616 1290 1670 sed
1347 1615 1602 1686 impleta;
1643 1633 1820 1689 neque
1877 1628 1935 1673 ut
1975 1620 2027 1675 in

435 1704 676 1760 nihilum
711 1706 886 1777 ﬁgura
927 1708 1148 1762 redacta
1184 1709 1276 1772 sit,
1309 1709 1406 1764 sed
1449 1715 1507 1762 ut
1538 1710 1825 1765 veritatem
1875 1712 2028 1766 exhi-

2139 511 2374 566 διατελεῖ
2395 512 2611 584 ἡμέρας
2646 515 2704 564 ἐν
2736 515 2807 584 τῇ
2829 513 3082 584 νηστείᾳ·
3113 513 3208 566 καὶ
3232 511 3409 566 οὐκέτι
3437 513 3527 583 μία
3551 513 3668 568 ἔσται

2139 604 2240 674 τῆς
2289 605 2586 676 νηστείας·
2638 605 2734 659 καὶ
2787 604 3036 659 διέπεσεν
3081 605 3114 674 ἡ
3166 605 3291 676 περὶ
3334 606 3458 675 μιᾶς
3501 606 3670 675 ἡμέριις

2140 693 2321 748 αὐτῶν
2360 694 2609 766 ζήτησις,
2644 697 2706 748 οὐ
2741 695 2839 766 μία
2871 711 2954 758 τις
2980 689 3135 748 οὖσα.
3166 695 3314 764 Ἔχει
3339 694 3442 764 γὰρ
3467 693 3530 747 τὰ
3561 713 3659 766 πριυ

2139 783 2348 838 τὸτυπα
2399 785 2839 856 συνεζευγμένα·
2885 787 2980 839 καὶ
3031 782 3362 856 ὲζημίωνται
3397 786 3493 838 οὐκ
3523 787 3674 855 ὀλίγην

2141 878 2282 930 κατὰ.
2325 878 2457 931 Θεὸν
2491 878 2896 950 πραγματείαν.
2932 877 3084 930 Ἔδει
3111 876 3235 949 ²γὰρ
3267 877 3356 931 τὸν
3395 879 3603 950 Χριστὸν
3631 881 3677 931 ἐν

2139 973 2712 1044 τεσσαρεσκαιδεκάτῃ
2745 972 2929 1044 ἡμέρᾳ
2955 970 3180 1025 θύεσθαι
3218 971 3359 1026 κατὰ
3399 973 3486 1024 τὸν
3523 973 3674 1043 νόμον,

2139 1060 2287 1124 ὅπως
2313 1061 2449 1133 λήξῃ
2481 1064 2612 1133 παρ’
2638 1063 2824 1126 αὐτοῖς
2851 1061 2913 1116 τὸ
2947 1061 3180 1132 φωτίζον
3214 1064 3407 1125 αὐτοὺς
3435 1061 3540 1132 φῶς
3564 1063 3677 1116 κατὰ

2139 1152 2230 1204 τὸν
2261 1156 2443 1223 νόμον,
2479 1153 2572 1206 τοῦ
2605 1154 2757 1225 ἡλίου
2789 1155 3190 1219 ἀνατείλαντος,
3222 1154 3316 1207 καὶ
3349 1154 3678 1218 σκεπάσαντος

2138 1245 2236 1315 τῆς
2266 1245 2496 1318 σελήνης
2519 1244 2580 1299 τῦ
2612 1245 2791 1309 σέλας.
2827 1246 2960 1298 Ἀπὸ
2987 1245 3096 1317 γάρ
3122 1245 3679 1317 τεσσαρεσκαιδεκάτης

2139 1339 2234 1390 καὶ
2271 1339 2422 1391 κάτω
2451 1338 2627 1409 φθίνει
2663 1339 2724 1392 τὸ
2772 1339 2990 1408 φαεινὸν
3019 1341 3117 1410 τῆς
3157 1339 3403 1411 σελήνης.
3431 1338 3572 1391 Οὕτω
3607 1340 3682 1392 καὶ
3831 1358 3833 1384 ι

2139 1431 2196 1480 ὲν
2243 1429 2321 1499 τῷ
2354 1430 2503 1500 νόμῳ
2545 1430 2654 1484 ἀπὸ
2702 1431 2804 1501 τῆς
2845 1430 2938 1484 τοῦ
2995 1430 3235 1503 Χριστοῦ
3280 1430 3566 1501 παρουσίας
3606 1431 3683 1484 καὶ
3833 1448 3835 1490 ι

2138 1521 2347 1582 πάθους
2369 1521 2696 1593 ἡμαύρωται
2729 1523 2760 1592 ἡ
2799 1521 3062 1593 Ἰουδαῖκὴ
3083 1522 3392 1594 συναγωγὴ,
3409 1522 3684 1594 κατηύγασε

2137 1612 2193 1664 δε
2251 1612 2312 1664 τὸ
2367 1613 2732 1682 Εὑαγγέλιον·
2804 1614 2880 1686 μὴ
2938 1614 3332 1678 καταλυθέντος
3389 1614 3480 1668 τοῦ
3527 1615 3683 1685 νόμον,

2137 1705 2275 1757 ἀλλὰ
2321 1705 2730 1778 πληρωθέντος·
2773 1707 2849 1776 μὴ
2911 1707 3353 1778 καταργηθέντος
3397 1707 3488 1760 τοῦ
3522 1708 3683 1772 τύπου,

435 1797 642 1852 buerit.
684 1797 762 1852 lta
791 1808 916 1870 post
945 1798 1157 1854 Pascha
1190 1801 1256 1856 ad
1307 1799 1720 1857 Hierichuntem
1748 1813 2030 1874 peractum

2141 1797 2275 1850 ἀλλὰ
2307 1799 2760 1870 παραστήσαντος
2785 1798 2882 1870 τὴν
2915 1799 3198 1870 ἀλήθειαν.
3224 1799 3384 1853 Οῦτω
3403 1799 3506 1871 γὰρ
3532 1800 3616 1853 καὶ
3641 1801 3685 1852 ὲν

439 1889 725 1962 Scriptura
755 1892 944 1948 statim
975 1893 1178 1964 adjecit
1206 1912 1218 1947 :
1256 1893 1324 1947 Et
1356 1895 1694 1950 comederunt
1735 1897 1790 1950 in
1827 1895 2027 1968 Galga-

438 1982 528 2045 lis,
569 1991 618 2037 et
652 1983 840 2052 defecit
870 2001 1068 2038 manna
1098 1987 1138 2041 ¹.
1185 1987 1396 2052 Quibus
1432 1988 1618 2044 verbis
1659 1989 1893 2058 idipsum
1943 2006 2030 2044 sa-

437 2091 546 2131 cra:
596 2075 818 2133 Littera:
885 2077 1241 2133 vaticinando
1298 2087 1511 2135 testatae
1553 2087 1702 2143 sunt,
1745 2080 2028 2136 Dominica

435 2184 591 2236 nece,
634 2177 859 2241 propter
899 2171 1231 2241 adnegatum
1279 2171 1348 2225 ah
1395 2172 1504 2226 illis
1551 2188 1776 2237 numen,
1828 2173 2031 2243 angeli-

432 2277 586 2326 cum,
607 2277 672 2317 ac
693 2263 918 2319 caeleste
938 2263 1218 2334 pabulum,
1247 2263 1397 2336 quod
1428 2266 1777 2336 appellabant
1802 2281 2027 2332 manna,

435 2355 767 2412 desiturum.

505 2537 596 2594 Ill.
639 2540 884 2596 Ecclesia
916 2555 1081 2611 porro
1109 2541 1418 2608 Catholica,
1454 2558 1575 2611 quae
1609 2542 1676 2597 ad
1714 2542 1765 2595 id
1821 2551 2031 2613 myste-

436 2633 579 2687 rium
620 2631 1010 2688 celebrandum
1064 2634 1382 2690 necessaria
1439 2643 1569 2690 sunt
1605 2635 1848 2705 undique
1897 2650 2031 2689 con—

347 2733 360 2744 ‘
433 2725 682 2788 trahens,
719 2734 774 2781 et
804 2726 859 2779 in
896 2739 1066 2780 unum
1107 2725 1432 2792 conferens,
1489 2727 1774 2782 veritatem
1807 2727 2024 2783 retinet.

433 2813 574 2868 Nam
599 2830 710 2870 non
740 2815 920 2870 solum
959 2831 1052 2869 xiv
1090 2815 1235 2869 diem
1259 2816 1554 2883 observat;
1591 2817 1688 2874 sed
1722 2824 1778 2873 et
1823 2817 2031 2874 hebdo-

432 2905 690 2974 madam;
731 2905 837 2962 hoc
875 2913 959 2962 est
1008 2915 1262 2977 septenos
1325 2907 1452 2962 illos
1489 2908 1713 2964 Sabbati
1743 2908 1861 2965 dies
1887 2951 1902 2976 ,
1932 2911 2026 2982 qui

435 3005 702 3068 perpetuo
759 2999 997 3064 circuitu
1046 3013 1112 3053 ac
1161 2999 1502 3056 revolutione
1541 3000 1805 3068 redeunt,
1857 3011 1919 3058 ut
1960 3004 2028 3058 ad

433 3103 627 3143 eorum
657 3089 940 3159 exemplar
971 3107 1094 3162 quae
1134 3100 1264 3147 sunt
1300 3106 1333 3146 a
1367 3091 1598 3169 Domino
1625 3101 1808 3163 gesta,
1841 3109 2030 3150 resur-

433 3179 608 3233 rectio
641 3181 924 3252 epulaeque
963 3182 1332 3238 celebrentur.
1388 3183 1593 3240 Deinde
1646 3196 1845 3256 praeter
1884 3187 2030 3242 luna:

433 3288 526 3326 xiv
557 3273 730 3340 diem,
775 3276 941 3331 etiam
977 3291 1202 3334 cursum
1255 3277 1388 3333 solis
1422 3278 1680 3342 adhibet,
1723 3296 1793 3335 ne
1829 3280 2032 3352 duplex-

431 3368 488 3418 in
545 3368 798 3424 eumdem
853 3385 1059 3424 annum
1099 3369 1312 3427 Pascha
1370 3372 1445 3426 ita
1498 3373 1910 3441 committatur,
1971 3388 2031 3430 ut

434 3459 608 3514 altero
630 3475 794 3530 anno
847 3477 918 3517 ne
953 3479 1126 3518 unum
1159 3463 1382 3534 quidem
1440 3464 1726 3520 habeatur.
1756 3465 2029 3532 Quocirca

432 3565 528 3605 xiv
558 3551 706 3605 illam
743 3551 884 3606 diem
919 3553 1003 3608 sic
1041 3563 1290 3612 tenemus
1316 3598 1332 3622 ,
1377 3564 1437 3611 ut
1469 3558 1862 3627 mquinoctium
1893 3575 2030 3630 prae-

434 3637 877 3706 tergrediamur;
935 3655 1000 3697 ac
1041 3641 1264 3698 demum
1305 3647 1361 3700 in
1409 3655 1656 3703 sanctam
1688 3648 2028 3706 Dominicam

435 3727 1118 3803 religiosissimitemporis
1146 3734 1308 3791 linem
1334 3737 1682 3806 conjieimus,
1707 3739 1804 3794 sed
1829 3755 2028 3811 agnum

429 3817 546 3884 jam
588 3827 702 3874 tum
736 3836 766 3876 a
809 3822 1025 3880 decimo
1053 3826 1142 3882 die
1183 3829 1490 3894 sumimus,
1526 3831 1787 3900 quoniam
1821 3832 1877 3886 in
1913 3833 2025 3888 lota

434 3913 619 3968 littera
670 3912 801 3971 Jesu
842 3930 1043 3972 nomen
1085 3919 1468 3990 agnoscimus;
1510 3936 1580 3977 ne
1625 3921 1758 3993 quid
1802 3925 2041 3981 omnino-

433 4005 774 4076 diligentiam
815 4015 1058 4064 nostram
1099 4009 1342 4083 ell'ugiat,
1381 4015 1526 4084 quod
1583 4014 1652 4069 ad
1688 4017 2033 4074 ecclesiasti-

434 4113 559 4153 cam
592 4106 646 4154 et
679 4117 998 4173 germanam
1019 4145 1033 4170 ,
1066 4119 1132 4160 ac
1170 4106 1298 4162 vitae
1354 4107 1658 4180 salutisque
1691 4111 2029 4166 conciliatri-

435 4207 554 4247 eem
587 4191 879 4252 Paschalis
917 4196 1343 4256 celebrationem
1383 4203 1658 4272 pertinere
1682 4204 1953 4266 videatur.

505 4285 668 4359 522
700 4287 805 4343 Sed
833 4289 947 4360 jam
983 4291 1305 4360 pestiferum
1337 4293 1558 4350 bufonis
1585 4296 2026 4382 hujusalllatum

435 4376 641 4432 Christi
676 4380 916 4448 potentia
949 4379 1106 4443 velut!
1123 4381 1446 4454 obsignatas
1491 4377 1845 4459 munitusque
1884 4405 2027 4460 pra:-

2131 1891 2212 1960 τῷ
2265 1891 2625 1961 πεποιηκέναι
2673 1891 2736 1944 τὸ
2789 1892 2982 1962 Πάσχα
3037 1893 3094 1943 έν
3147 1894 3215 1962 τῇ
3274 1890 3503 1964 ’1εριχὼ,
3555 1889 3688 1954 εὐθὺς

2133 1984 2438 2054 ἐπήνεγκεν
2478 1985 2513 2054 ἡ,
2541 1983 2662 2037 θεία
2701 1983 2916 2055 Γραφὴ,
2953 1984 3220 2052 λέγουσα·
3255 1984 3367 2038 Καὶ
3399 1984 3610 2053 ἔφαγον
3632 1983 3690 2036 ἐν

2131 2075 2476 2143 Γαλγάλοις
2506 2075 2606 2129 καὶ
2633 2075 2876 2139 ἐξέλιπε
2899 2076 2965 2129 τὸ
2987 2076 3194 2145 μάννα
3213 2092 3224 2104 ·
3259 2074 3690 2148 προμαρτυροῦσα

2132 2167 2318 2229 αὐτοῖς
2371 2168 2404 2238 ἡ
2441 2166 2561 2220 θεία
2600 2165 2826 2238 Γραψὴ,
2874 2168 2968 2221 καὶ
3013 2166 3476 2239 προφητεύουσα,
3524 2167 3598 2219 ὅτι
3623 2165 3689 2235 τῷ

2133 2258 2296 2313 πάθει
2330 2258 2538 2330 Κυρίου
2583 2258 2676 2312 διὰ
2722 2259 2820 2330 τὴν
2863 2259 3044 2313 αὐτῶν
3095 2259 3523 2330 ἐπαρνησιθεῖαν
3565 2257 3698 2330 λήξει

2133 2351 2262 2422 παρ’
2292 2351 2475 2414 αὐτοῖς
2508 2351 2540 2420 ἡ
2573 2349 2778 2422 βρῶσις
2805 2351 3188 2422 ήεὺαγγελικὴ
3215 2355 3233 2384 ⁸
3259 2352 3358 2406 καὶ
3379 2351 3692 2422 ἐπουράνιος,

2131 2441 2270 2509 ὅπερ
2311 2439 2487 2511 μάννα
2517 2440 2648 2510 παρ’
2685 2440 2869 2504 αὐτοῖς
2909 2441 3192 2512 κέκληται.

2202 2533 2276 2585 Γ’.
2317 2531 2663 2602 Πανταχόθεν
2709 2530 2765 2583 δὲ
2822 2534 2854 2602 ἡ
2906 2533 3036 2600 ἁγία
3073 2531 3185 2604 (ll)
3234 2531 3374 2586 Θεοῦ
3430 2532 3692 2603 Ἐκκλησία

2132 2624 2261 2697 περὶ
2292 2624 2390 2696 τῆς
2415 2623 2604 2696 χρείας
2635 2622 2840 2694 ταύτης
2870 2624 2968 2694 τῆς
3005 2624 3400 2693 μυσταγωγίας
3435 2623 3691 2692 συλλέγουρ

2134 2735 2202 2770 σα
2239 2717 2330 2770 τὸν
2363 2715 2694 2788 σύνδεσμον,
2719 2715 2781 2769 οὐ
2814 2716 3096 2770 διαπίπτει
3138 2721 3239 2789 τῆς
3286 2717 3561 2789 ἀληθείας.
3597 2717 3692 2770 Κέ-

2131 2827 2335 2883 χρηται
2361 2810 2469 2881 γὰρ
2493 2811 2553 2863 οὐ
2588 2810 2748 2881 μόνον
2767 2812 2832 2882 τῇ
2847 2826 3078 2882 τεσσαρε
3087 2809 3420 2883 σκαιδεκάτῃ
3438 2852 3452 2873 ,
3477 2810 3692 2866 ἀλλὰκαὶ

2131 2906 2196 2974 τῇ
2234 2901 2490 2973 ἑϐδομάδι
2515 2905 2580 2973 τῇ
2617 2901 2758 2956 κατὰ
2794 2903 3043 2975 περίοδον
3083 2903 3537 2975 ἀνακυκλουμένη
3565 2901 3694 2967 τάξει

2129 2996 2239 3049 τῶν
2280 2993 2376 3048 τοῦ
2426 2994 2707 3049 Σαϐϐάτου
2738 2995 2879 3049 ἑπτὰ
2914 2997 3138 3067 ἡμερῶν
3161 3013 3174 3025 ·
3207 2997 3295 3049 ἵνα
3329 2997 3473 3051 κατὰ
3521 2997 3582 3048 τὰ
3609 2994 3696 3048 ὑπὸ

2132 3089 2226 3144 τοῦ
2253 3089 2461 3161 Κυρίου
2496 3089 2766 3160 γενόμενα
2795 3089 2938 3142 κατὰ
2969 3089 3030 3142 τὺ
3063 3091 3445 3162 πρωτότυπον,
3477 3091 3556 3160 εἴη
3580 3089 3692 3142 ἀνά-

2136 3183 2325 3246 στασίς
2363 3199 2424 3235 τε
2471 3183 2566 3236 κού⁵
2611 3183 2834 3253 εὐωχία.
2871 3183 2984 3236 Καὶ
3023 3182 3288 3257 κέχρηται
3335 3185 3398 3238 οὺ
3454 3184 3602 3256 μόνον
3639 3183 3693 3251 τῇ

2131 3276 2703 3350 τεσσαρεσκαιδεκάτῃ
2733 3277 2830 3348 τῆς
2865 3277 3096 3351 σελήνης
3117 3319 3133 3343 ,
3185 3277 3322 3332 ἀλλὰ
3361 3279 3456 3333 καὶ
3485 3277 3559 3348 τῷ
3595 3275 3700 3347 δρό-

2139 3387 2223 3440 μῳ
2275 3369 2369 3422 τοῦ
2417 3368 2601 3440 ἡλίου·
2663 3370 2749 3422 ἵνα
2799 3370 2909 3442 μὴ,
2946 3371 3026 3423 ἐνὶ
3089 3370 3324 3441 ἐνιαυτῷ
3379 3370 3475 3424 δύο
3531 3370 3696 3440 Πάσχα

2135 3460 2443 3525 ποιοῦντες,
2475 3462 2533 3514 ὲν
2569 3459 2648 3530 τῷ
2691 3461 2862 3532 ἑτέρῳ
2911 3461 3045 3532 μηδὲ
3076 3460 3136 3514 ἓν
3166 3460 3362 3530 Πάσχα
3393 3461 3699 3530 τελέσωμεν.

2131 3553 2224 3606 Διδ
2273 3551 2746 3623 παρατηρούμεθα
2793 3552 2891 3622 μὲν
2942 3555 3040 3623 τὴν
3095 3551 3696 3624 τεσσαρεσκαιδεκάτην,

2135 3644 2537 3716 ὑπερϐαίνομεν
2573 3643 2628 3696 δὲ
2655 3643 2754 3716 τὴν
2791 3644 3103 3715 ἰσημερίαν,
3137 3644 3379 3715 φέρομεν
3411 3645 3468 3699 δὲ
3509 3646 3594 3698 ἐπὶ
3616 3643 3697 3712 τὴν

2133 3737 2296 3806 ἁγίαν
2323 3736 2612 3808 Κυριακὴν
2649 3735 2710 3788 τὸ
2741 3735 2896 3799 τέλος
2934 3735 3034 3806 τῆς
3067 3735 3544 3807 συμπληρώσεως·
3576 3737 3698 3806 λαμ-

2131 3830 2369 3900 ϐάνομεν
2393 3829 2450 3882 δὲ
2475 3829 2536 3882 τὸ
2560 3828 2832 3901 πρόϐατον
2860 3828 2968 3882 ἀπὸ
2990 3828 3253 3900 δεκάτης,
3282 3829 3458 3901 ὄνομα
3487 3830 3575 3884 τοῦ
3611 3830 3699 3898 Ἰη-

2133 3923 2232 3978 σοῦ
2262 3924 2577 3992 ἐπιγνόντες
2606 3923 2693 3978 διὰ
2719 3923 2780 3976 τὸ
2808 3921 2981 3976 ἰῶτα·
3020 3922 3109 3976 ἵνα
3143 3922 3218 3993 μὴ
3259 3921 3402 3995 λάθῃ
3437 3923 3580 3993 ἡμᾶς
3611 3937 3701 3990 μη·

2129 4017 2218 4071 δὲν
2246 4015 2356 4070 τῶν
2393 4015 2538 4070 κατὰ
2567 4015 2666 4088 τὴν
2697 4015 2959 4086 ἀλήθειαν
2985 4017 3166 4069 πᾶσαν
3191 4016 3290 4087 τῆς
3321 4014 3562 4085 ζωτικῆς
3585 4011 3697 4066 ταύ-

2129 4127 2230 4181 της
2269 4108 2365 4163 τοῦ
2410 4109 2604 4180 Πάσχα
2655 4109 2758 4180 τῆς
2803 4107 3263 4180 ὲκκλησιαστικῆς
3315 4109 3414 4161 καὶ
3467 4105 3701 4177 ἀληθινῆς

2133 4196 2538 4275 πραγματείας.
2963 4193 2972 4202 ’

2214 4293 2630 4365 Ὑπερὸήσομαι
2689 4293 2746 4346 δὲ
2798 4293 2890 4346 καὶ
2942 4291 3100 4346 τοῦτο
3151 4292 3214 4344 τὸ
3271 4291 3575 4362 ἐμφύσημα
3619 4287 3700 4342 τοῦ

2133 4387 2333 4457 βέωνος
2381 4386 2524 4457 (12),
2569 4387 2744 4440 εἵτουν
2784 4385 3024 4455 φυσαλοῦ
3073 4385 3290 4454 δφεως,
3344 4384 3434 4439 διὰ
3477 4387 3576 4456 τῆς
3617 4379 3701 4436 τοῦ

433 4470 646 4536 teribo;
685 4485 750 4526 ac
789 4471 884 4528 Dei
931 4488 1034 4544 ope
1076 4476 1372 4544 postulata,
1412 4478 1653 4533 animum
1689 4481 1755 4535 ad
1789 4482 2028 4553 reliquas

2141 4479 2372 4552 Χριστοῦ
2410 4479 2691 4551 δυνάμεως
2724 4477 3301 4550 ἐπισφραγισάμενος,
3339 4478 3434 4531 καὶ
3475 4477 3567 4531 ἐπι
3617 4473 3700 4536 τὰς

436 4571 778 4618 convertam.

705 4765 1078 4824 ADVERSUS
1116 4767 1447 4824 HIERESIN
1495 4770 1701 4826 ILLA.“
1725 4813 1740 4835 ,

437 4881 570 4948 Qua:
625 4881 861 4958 Joannis;
911 4882 1358 4958 Evangetiumet
1411 4887 1769 4958 Apocalypsin
1829 4890 2022 4958 reficit,

467 4969 626 5021 quam
651 4954 953 5010 Amantium
980 4955 1236 5026 appellat,
1268 4956 1485 5014 [tmesis
1511 4957 1561 5012 Χ
1567 4954 1727 5025 XXI,
1760 4961 1864 5014 sire
1877 4954 1994 5014 ἰΙ.

501 5130 544 5189 l.
589 5130 724 5190 Post
755 5133 1187 5208 Cataphrygum,
1221 5135 1728 5205 Quintillianorum,
1767 5149 1821 5194 et
1843 5140 2028 5206 Quar—

430 5226 906 5282 ndecimanorum
937 5237 1137 5292 sectas,
1163 5244 1303 5284 nova
1336 5229 1583 5299 quaedam
1617 5231 1670 5286 in
1699 5233 1886 5288 orbem
1918 5243 2028 5288 ter-

430 5332 616 5373 rarum
675 5320 858 5390 erupit
915 5321 1185 5384 haeresis,
1225 5321 1375 5378 velut
1426 5323 1737 5380 imbecillus
1777 5341 2028 5396 serpens,

2131 4570 2259 4641 ἑξῆς
2291 4570 2378 4624 τὸν
2410 4569 2534 4624 νοῦν
2566 4569 2886 4640 προτείνων,
2917 4569 3048 4622 Θεὸν
3084 4567 3330 4638 συνήθως
3358 4567 3702 4639 ἐπικαλούμε-

2131 4680 2220 4726 νος
2254 4665 2334 4726 είς
2361 4662 2631 4734 βοήθειαν.

2559 4779 2748 4831 ΚΑΤΑ
2789 4778 2925 4831 ΤΗΣ
2961 4776 3302 4839 ΑΙΡΕΣΕΩΣ,

2133 4891 2253 4960 Τῆς
2276 4895 2362 4962 μὴ
2385 4891 2715 4962 δεχομένης
2743 4891 2809 4945 τὸ
2839 4890 2990 4962 κατὰ
3025 4889 3304 4962 Ὶωᾴνιηι·
3325 4889 3696 4962 Eua-prator.

2191 4956 2291 5017 ὀιὶιῖ
2322 4956 2889 5031 τὴνἏὲτοκάλυψιν,
2911 4959 2990 5028 ἢν
3016 4959 3314 5014 ἐκάἶεσεν
3359 4956 3637 5031 Ἀνοήτων
3661 4956 3698 5018 ³,

2179 5028 2506 5103 τριακοστὴ
2537 5028 2780 5102 πρώτη,
2811 5033 2849 5099 ἠ
2881 5031 2979 5084 καὶ
3013 5031 3399 5100 πεντηκοστὴ
3436 5028 3649 5100 πρώτη.

2196 5144 2273 5200 Α’.
2307 5143 2558 5214 Καθεξῆς
2607 5145 2665 5198 δὲ
2711 5143 2918 5196 τούτων
2963 5143 3071 5196 τῶν
3100 5142 3400 5214 αἱρέσεων,
3433 5140 3571 5211 μετά
3613 5137 3700 5206 τὴν

2127 5235 2268 5290 κατὰ
2321 5235 2541 5308 Φρύγας
2596 5254 2656 5289 τε
2711 5237 2804 5291 καὶ
2852 5236 3342 5298 Κυϊντιλλιανοὺς,
3383 5234 3477 5289 καὶ
3503 5233 3699 5287 Tessa-

2133 5329 2616 5399 ρεσκαιδεκατίτας
2648 5328 2792 5383 οὕτω
2833 5328 3236 5400 καλουμένους,
3267 5325 3473 5397 ἀνεφύη
3505 5323 3578 5394 τῷ
3611 5321 3699 5393 βίῳ

507 5475 519 5502 ¹
555 5474 674 5532 Jos.
709 5493 764 5544 ν,
803 5477 869 5531 18
943 5480 966 5511 ³
995 5477 1057 5533 F.
1087 5480 1374 5552 ἁγγελική.
1452 5482 1472 5512 ³
1494 5480 1608 5536 lmo
1650 5483 1836 5552 potius
1878 5484 2138 5552 Ἀλόγων.

504 5583 617 5660 (li)
648 5593 1050 5668 -Πανταχόθεν
1079 5596 1149 5650 ὃς
1184 5599 1223 5666 ἡ
1258 5600 1416 5668 ἁγία.
1462 5599 1603 5666 Quae
1651 5601 1715 5654 ad
1752 5599 1901 5656 hunc
1937 5601 2020 5655 10-
2095 5591 2104 5600 ’

431 5666 560 5741 tum
599 5661 917 5741 adnotanda
946 5661 1316 5741 erant,Aea'_ad'
1343 5661 1621 5726 ιιιιιὴίχκ
1653 5686 1775 5741 qua:
1807 5679 1891 5725 est
1919 5671 2027 5726 Au-

436 5724 588 5807 diam
631 5733 988 5807 ditl'eremus,
1051 5724 1138 5794 ubi
1189 5737 1345 5807 plura
1386 5724 1476 5796 ad
1539 5724 2021 5799 hoc'institutuin

433 5789 627 5866 Epiph.
667 5802 938 5870 disputat.

2203 5604 2316 5674 (l2)
2365 5605 2432 5658 Τὸ
2477 5606 2804 5676 ἐμφύσημα
2839 5607 2945 5661 τοῦ
2983 5606 3236 5671 ,ϐἐωνοςκ
3281 5602 3398 5660 Vox
3430 5605 3532 5660 ista
3569 5602 3692 5676 ἢέιρν

2132 5668 2406 5752 nusquam
2443 5668 2622 5752 a'me
2681 5668 2839 5752 lecta.
2889 5668 3066 5752 Atque
3109 5668 3273 5752 haud
3312 5677 3426 5752 scio
3467 5689 3534 5731 an
3569 5668 3691 5744 ’βού-

2133 5763 2311 5816 φωνος
2337 5744 2534 5806 Ιιιιιίηό
2560 5748 2830 5805 vocabulo
2862 5744 3150 5821 scripserit
3177 5746 3372 5821 Epiph.
