3958 6422
231 343 332 399 839

897 349 1267 409 ADVERSUS
1307 355 1653 416 Il/ERESISS
1690 363 1796 418 LIB

1900 365 1924 422 1'.
1966 369 2130 425 TOM.
2173 371 2214 426 1.
2250 403 2321 418 -
2352 372 2624 432 ΙΙιΕΒΕΒ.
2666 377 2756 434 LI.

3374 387 3493 446 890'

231 468 433 538 αἵρεσις
468 463 630 537 ἑτέρα
655 505 670 531 ,
697 465 883 539 ὥσπερ
921 469 1152 540 ἑρπετὸν
1177 473 1426 538 ἀσθενὲς,
1465 478 1538 550 μὴ
1569 478 1796 552 δυνάμε.

1904 487 1997 556 qui
2027 488 2312 558 dictamni,
2342 495 2424 548 vel
2456 495 2710 564 styracis,
2739 503 2830 550 aut
2851 496 3186 561 libanitidis,-
3202 507 3296 554 aut
3325 503 3483 556 abro-

231 573 317 611 νον
343 558 613 628 ἀντισχεῖν
649 557 786 628 πρὸς
813 560 910 631 τὴν
953 561 1128 633 ὀσμὴν
1163 564 1258 636 τῆς
1303 566 1601 638 δικτὰμνου
1629 611 1644 634 ,
1683 574 1801 644 ἤτοι

232 649 530 720 στύρακος,
573 649 607 719 ἢ
655 649 1007 716 λιϐανίτιδος,
1049 653 1082 722 ἢ
1122 656 1219 725 τῆς
1273 657 1566 729 ἁϐροτόνου
1595 700 1610 724 ,
1641 662 1672 732 ἢ
1703 664 1803 734 τῆς

231 741 402 811 ὀσμῆς
429 739 524 793 τοῦ
553 741 828 810 ἀσφάλτου
849 783 868 807 ,
917 743 949 814 ἢ
985 744 1077 798 τοῦ
1110 746 1453 819 θυμιάματος
1472 792 1487 817 ,
1535 752 1568 824 ἢ
1601 753 1692 806 τοῦ
1722 755 1802 808 λί-

233 832 324 886 οου
374 831 469 885 τοῦ
500 834 743 902 γαγάτου
792 835 940 905 (l3),
974 836 1007 908 ῆ
1063 838 1156 890 τοῦ
1191 841 1418 912 κέρατος
1450 845 1546 915 τῆς
1579 845 1797 914 ἐλάφου.

231 924 360 977 Φασὶ
387 923 495 996 γὰρ
540 925 590 977 οἱ
630 928 689 978 ὲν
719 924 974 998 συνηθείᾳ
1024 931 1312 998 γεγονότες
1343 934 1437 986 καὶ
1475 935 1562 988 διὰ
1605 938 1800 1008 πείρας

231 1014 426 1068 τούτων
446 1014 620 1068 ταῦτα
649 1015 717 1069 τὰ
748 1017 861 1088 εἴδη
895 1018 1234 1074 ἀπελαστικὰ
1267 1019 1404 1077 εἶναι
1431 1025 1674 1095 ἑρπετῶν
1705 1028 1800 1081 καὶ

234 1105 465 1158 ἰοϐόλων.
500 1105 610 1159 Καὶ
643 1106 743 1177 τὴν
780 1109 878 1178 μὲν
898 1108 1187 1180 δίκταμνόν
1229 1129 1374 1178 τινες
1408 1115 1663 1170 καλοῦσιν
1692 1119 1799 1172 ἀπὸ

227 1199 320 1252 τοῦ
368 1199 494 1262 τοὺς
540 1200 732 1264 παῖδας
767 1200 876 1254 τῶν
919 1203 1119 1274 ἰατρῶν
1163 1206 1460 1276 κεχρῆσθαι
1500 1209 1668 1279 ταύτῃ
1718 1213 1798 1274 εἰς

229 1290 322 1361 τὴν
355 1290 464 1344 τῶν
501 1291 802 1344 τικτουσῶν
853 1295 1127 1362 γυναικῶν
1178 1297 1448 1367 βοήθειαν.
1491 1301 1652 1354 Ὥστε
1703 1303 1797 1372 ἀφ’

226 1379 381 1450 ἡμῶν
408 1381 632 1445 εἰκότως
661 1382 1054 1446 ἀπεικάιζεσοαι
1093 1388 1172 1448 εἰς
1216 1387 1305 1439 τὸν
1335 1388 1538 1442 ἄνωθεν
1577 1391 1798 1444 ἐλθόντα

227 1470 415 1538 Λόγον,
447 1471 579 1524 Θεὸν
625 1473 731 1525 ἀπὸ
759 1474 866 1527 τῶν
895 1476 1231 1544 ἐπουρανίων
1251 1517 1266 1542 ,
1293 1479 1356 1530 ἐκ
1397 1479 1607 1547 Πατρδς
1637 1482 1800 1553 ἀχρό-

227 1578 331 1624 vro;
361 1562 453 1614 mi.
491 1563 741 1634 ἀνάρχως
771 1568 1185 1637 γεγεννημένον.
1243 1569 1380 1638 Φησὶ
1425 1569 1533 1640 γὰρ
1566 1573 1593 1624 6
1644 1572 1798 1625 Σολο-

229 1650 344 1720 μὼν
395 1653 524 1724 περὶ
574 1655 670 1725 τῆς
707 1655 937 1724 ἄφρονος
995 1661 1090 1711 καὶ
1136 1657 1343 1728 φαύλης
1393 1661 1683 1726 γυναικὸς,
1716 1663 1798 1716 ὅτι

225 1742 404 1796 Mla-si
435 1745 533 1813 λό)
548 1761 620 1798 ον
651 1746 1009 1814 ἀσφαλείας.
1045 1747 1230 1812 Οῦτως
1262 1750 1355 1803 καὶ
1386 1744 1531 1804 οὗτοι
1572 1750 1641 1805 τὰ
1680 1769 1797 1805 στε-

227 1835 324 1904 ρεὰ
357 1834 448 1886 τοῦ
487 1835 841 1906 κηρύγματος
897 1839 1268 1908 μεμισήκασιν
1295 1877 1310 1903 ,
1361 1841 1590 1908 ἐπίγειοι
1623 1841 1793 1907 ὅντες,
1830 1814 1871 1871 Β

224 1927 317 1978 καὶ
346 1926 480 1997 πρὸς
512 1927 581 1980 τὰ
611 1929 908 1998 ἐπουράνια
945 1929 1394 2000 ἀπεχθανόμενοι.
1427 1931 1590 1984 Ὅθεν
1635 1932 1797 1985 δεδιό-

223 2037 313 2082 τες
337 2020 432 2090 τὴν
463 2019 646 2090 φωνὴν
671 2019 764 2073 τοῦ
799 2021 952 2089 ἁγίου
987 2022 1302 2093 Πνεύματος
1323 2064 1337 2088 ,
1369 2023 1463 2094 τὴν
1498 2024 1759 2092 λέγουσαν
1780 2041 1792 2054 ·

223 2109 394 2178 Φωνὴ
420 2110 640 2176 Κυρίου
669 2109 1126 2180 καταρτιζομένη
1163 2112 1430 2181 ἐλάφους
1449 2129 1463 2145 ⁸
1502 2114 1596 2168 τοῦ
1621 2116 1798 2168 εἰπόν-

225 2219 312 2266 τος
343 2205 454 2266 τοῖς
479 2201 642 2256 αὑτοῦ
681 2202 884 2267 δούλοις
911 2205 1006 2258 καὶ
1033 2205 1346 2270 ἀποστόλοις
1367 2223 1380 2236 ·
1429 2205 1587 2261 Ἰδοὺ
1621 2207 1799 2260 δέδω-

222 2310 298 2346 κα
349 2293 490 2362 ὑμῖν
544 2292 658 2362 τὴν
693 2293 986 2357 ἐξουσίαν
1021 2293 1232 2348 πατεῖν
1279 2295 1373 2348 ἐπὶ
1439 2295 1637 2364 ἕρεις,
1699 2296 1797 2349 καὶ

222 2384 552 2454 σκορπίους
583 2424 598 2449 ,
663 2384 764 2438 καὶ
816 2385 914 2439 ἐπὶ
974 2385 1182 2441 πᾶσαν
1226 2387 1340 2456 τὴν
1390 2387 1645 2456 δύναμιν
1692 2389 1797 2442 τοῦ

223 2476 455 2545 ἐχθροῦ.
484 2473 632 2546 Αὕτη
658 2475 764 2548 γὰρ
803 2471 870 2546 ἦν
896 2477 929 2548 ἡ
961 2478 1167 2549 φωνὴὴ
1203 2477 1638 2550 καταρτιζομένη
1671 2479 1796 2534 ἐλά-

221 2585 354 2636 Ἴςους
376 2611 390 2632 ,
423 2569 456 2638 ἡ
484 2567 696 2620 δοθεῖσα
743 2570 822 2632 εἰς
852 2569 942 2622 τὸν
967 2569 1170 2640 κόσμον
1207 2569 1294 2624 διὰ
1323 2572 1430 2623 τῶν
1464 2570 1632 2641 ἁγίων
1663 2573 1799 2625 ἀπο-

220 2658 422 2711 στόλων
449 2657 542 2710 καὶ
569 2658 988 2726 εύαγγελιστῶν,
1020 2661 1406 2732 καταπατῆσαι
1434 2661 1533 2732 τὴν
1561 2661 1654 2714 τοῦ
1681 2662 1796 2715 δια-

219 2747 374 2799 ϐόλου
417 2745 790 2818 ἐναντιότητα.
837 2747 927 2814 Ἐξ
980 2742 1055 2802 ὧν
1087 2751 1114 2802 6
1140 2751 1291 2817 ἆγιος
1327 2750 1580 2817 Ἰωάννης
1629 2751 1795 2822 ἀκρό-

215 2853 358 2890 τατα
403 2837 668 2908 ἐπέστησε
690 2877 704 2902 ,
740 2838 833 2890 καὶ
864 2838 1111 2909 διήλεγξε
1161 2839 1255 2910 τὴν
1287 2839 1514 2910 δύναμιν
1546 2837 1653 2891 τῶν
1703 2857 1797 2892 πε-

217 2930 599 3000 πλανημένων,
633 2932 726 2982 καὶ
755 2931 1127 3002 ὀφιομὸρφων.

289 3023 365 3075 B'.
419 3020 579 3075 ’.ἀλλὰ
603 3022 704 3074 οὐκ
743 3021 1014 3092 ἰσχύουσιν
1045 3023 1102 3076 ἐν
1128 3025 1191 3092 τῇ
1231 3021 1448 3093 κιϐωτῷ
1470 3024 1518 3076 οἱ
1543 3025 1792 3078 τοιοῦτοι.

1905 581 2043 644 toni,
2066 590 2160 635 aut
2193 583 2500 649 bituminis,
2528 596 2623 640 aut
2652 585 2882 650 sullitus,
2913 597 3005 644 aut
3031 599 3236 660 gagates
3261 591 3478 662 lapidis,

1903 679 1998 724 aut
2040 673 2274 744 denique
2322 677 2527 730 cervini
2567 693 2740 733 cornu
2775 680 2996 736 odorem
3053 697 3164 736 non
3219 683 3476 737 sustinet.

1903 759 2000 817 llis
2028 764 2173 817 enim
2203 765 2364 821 rebus
2391 777 2672 837 serpentes
2703 787 2766 824 ac
2807 778 3100 827 venenatas
3131 773 3334 828 bestias
3360 775 3478 828 abi-

1901 856 1952 924 gi
2005 855 2278 924 proditum
2325 858 2393 912 ab
2442 859 2510 913 iis
2543 867 2646 925 est,
2679 863 2770 931 qui
2807 864 2858 917 id
2895 881 2996 919 usu
3034 866 3479 936 experientiaquo

1900 945 2230 1001 didicerunt.
2253 945 2408 1012 Quod
2438 964 2568 1003 vero
2599 951 2665 1004 ad
2695 951 3030 1007 dictamnum
3063 954 3318 1024 pertinet,
3349 955 3477 1010 inde

1899 1035 2022 1087 esse
2064 1033 2269 1087 dictum
2317 1035 2561 1106 plerique
2596 1048 2854 1104 censent,
2895 1042 3040 1111 quod
3075 1042 3141 1095 ad
3170 1043 3478 1112 parturiens

1900 1124 2034 1177 tium
2086 1125 2326 1179 remedia
2364 1141 2394 1179 a
2432 1128 2658 1185 medicis
2705 1131 3012 1186 adhibetur.
3055 1131 3234 1198 Quare
3283 1135 3481 1189 merito

1900 1212 1954 1267 id
1981 1212 2164 1268 divino
2197 1212 2398 1279 Verbo,
2431 1214 2560 1280 Deo,
2581 1217 2821 1287 inquam,
2843 1219 2934 1288 qui
2962 1220 3028 1274 de
3055 1221 3193 1276 curio
3217 1222 3476 1291 delapsus

1899 1310 2016 1368 est,
2045 1311 2101 1360 et
2131 1320 2163 1358 a
2192 1304 2354 1362 Patre
2379 1307 2498 1362 sine
2523 1308 2636 1362 ullo
2665 1317 2906 1378 tempore
2930 1319 3034 1375 est,
3076 1319 3168 1364 aut
3197 1311 3354 1365 initio
3381 1327 3470 1382 ge-

1899 1394 2068 1460 nitus,
2103 1409 2134 1448 a
2173 1396 2334 1452 nobis
2357 1400 2822 1456 accommodatur.
2857 1401 3015 1467 Quod
3045 1419 3172 1458 vero
3212 1405 3472 1458 Salomon

1899 1484 1966 1540 de
2006 1486 2204 1542 stolida
2247 1501 2313 1543 ac
2361 1505 2595 1558 nequam
2628 1492 2855 1547 muliere
2887 1493 3062 1557 dicit,
3109 1494 3290 1550 odisse
3325 1495 3476 1548 illam

1898 1580 2210 1636 securitatis
2265 1596 2607 1650 sermonem;
2641 1585 2746 1640 hoc
2774 1584 2840 1639 ad
2882 1586 3021 1640 istos
3067 1585 3351 1642 transferri
3384 1603 3475 1657 po-

1899 1676 2026 1736 test,
2067 1669 2160 1739 qui
2197 1671 2428 1726 solidam
2456 1688 2520 1727 ac
2547 1681 2890 1730 constantem
2923 1676 3227 1731 doctrinam
3257 1679 3473 1747 penitus

1898 1759 2150 1814 oderunt.
2183 1759 2363 1816 Terris
2388 1762 2656 1831 siquidem
2691 1763 2830 1818 allixi
2872 1773 3038 1830 sunt,
3066 1775 3120 1820 et
3158 1782 3188 1819 a
3235 1767 3468 1822 cwlcsti-

1897 1851 2002 1906 bus
2025 1852 2341 1908 abhorrent.
2369 1852 2602 1923 Ideoque
2642 1869 2829 1909 vocem
2857 1856 3004 1909 illam
3037 1859 3210 1910 sancti
3238 1857 3476 1926 Spiritus

1898 1942 2362 2010 perhorrescunt:
2414 1944 2528 1999 νοω
2571 1944 2788 2000 Domini
2831 1950 3184 2017 prwparantis
3222 1965 3397 2003 cervos
3429 1951 3472 2011 ';

1899 2033 1988 2102 qui
2030 2034 2247 2104 quidem
2274 2035 2448 2092 servis
2476 2038 2593 2092 suis
2623 2045 2678 2093 et
2705 2040 2967 2108 apostolis
2989 2041 3160 2095 dixit:
3189 2040 3324 2094 Ecce
3351 2043 3476 2097 dedi

1899 2123 2040 2177 vobis
2072 2113 2382 2193 potestatem
2412 2126 2657 2180 calcandi
2687 2143 2842 2195 super
2869 2140 3131 2198 serpentes
3159 2139 3208 2184 et
3240 2133 3474 2201 scorpio.

1899 2230 1986 2268 ues
2008 2253 2022 2277 ,
2067 2225 2117 2268 et
2157 2232 2314 2285 super
2341 2233 2544 2272 omnem
2573 2219 2815 2273 virtutem
2845 2221 3049 2274 inimici
3078 2223 3121 2274 ².
3165 2219 3290 2276 Haec
3326 2223 3470 2276 enim

1899 2305 1990 2359 illa
2031 2321 2134 2360 vox
2166 2316 2284 2362 erat
2323 2323 2516 2364 cervos
2549 2325 2899 2380 praeparans,
2945 2328 3069 2382 quae
3107 2328 3202 2381 per
3249 2321 3479 2369 sanctos

1898 2401 2178 2468 apostolos
2208 2407 2264 2455 et
2313 2402 2678 2471 cvangelistas
2719 2417 2814 2471 per
2841 2401 3027 2458 orbem
3058 2411 3141 2457 est
3183 2401 3478 2472 dissipata.

1900 2491 1978 2544 uti
2017 2491 2220 2545 diaboli
2255 2493 2470 2547 hostilis
2501 2493 2568 2548 ad
2604 2493 3018 2562 repugnandum
3052 2494 3134 2548 vis
3161 2501 3214 2549 et
3244 2495 3472 2551 audacia

1899 2583 2330 2652 proculcaretur.
2369 2581 2474 2637 Sed
2514 2599 2578 2638 cx
2637 2584 3004 2652 apostolorum
3060 2600 3286 2639 numero
3337 2601 3480 2656 pra:-

1899 2675 2058 2743 cipue
2092 2673 2331 2728 Joannes
2369 2674 2619 2740 exstitit,
2651 2674 2745 2744 qui
2779 2675 3019 2728 animum
3051 2675 3339 2732 intendens
3367 2691 3478 2731 c3-

1899 2777 2087 2817 corum
2123 2763 2377 2826 istorum,
2410 2778 2473 2817 ac
2504 2764 2849 2834 serpentibus
2881 2763 3139 2819 similium
3178 2766 3484 2835 potentiam

1899 2853 2240 2923 reprimeret.

1892 3070 1896 3073 _
1966 3023 2130 3096 423
2171 3024 2234 3081 ΙΙ.
2274 3027 2594 3096 Quanquam
2623 3027 2754 3080 nihil
2785 3028 3049 3085 adversus
3083 3045 3264 3087 arcam
3306 3046 3480 3086 cona-

227 3112 614 3182 Ἐπιτρὲπεται
649 3113 756 3182 γὰρ
788 3113 816 3165 6
858 3113 1010 3180 ἃγιος
1043 3112 1166 3165 Νῶε
1217 3113 1352 3168 κατὰ
1398 3114 1458 3167 τὸ
1495 3115 1647 3186 ῥῆμα
1680 3117 1794 3170 Κυ-

1900 3121 1986 3170 tus
2020 3116 2247 3169 istorum
2281 3116 2510 3185 prolicit.
2547 3117 2718 3182 Quam
2758 3118 2878 3173 idco
2928 3121 3138 3176 munire
3167 3138 3228 3175 ac
3258 3122 3478 3179 ﬁrmare

217 3206 337 3276 ρίου
383 3203 856 3273 ἐπασφαλίσασοαι
895 3204 991 3274 τὴν
1032 3205 1317 3275 τοιαύτην,
1365 3205 1440 3268 ὡς
1483 3207 1616 3276 φησὶ
1659 3207 1796 3278 πρὸς

213 3297 378 3350 αὒτὸν
395 3314 408 3327 ·
463 3295 906 3364 ’Λσραλτώο-εις
935 3297 1130 3364 αὐτὴν
1153 3296 1402 3362 ἔσωθεν,
1427 3298 1526 3351 καὶ
1553 3298 1794 3362 ἔξωθεν·

213 3391 304 3443 ἵνα
333 3389 482 3463 δείξῃ
513 3390 574 3442 τὸ
602 3386 739 3452 εἶδος
768 3389 865 3459 τῆς
906 3387 1068 3456 ἁγίας
1118 3388 1227 3459 (Μ)
1265 3389 1358 3442 τοῦ
1389 3388 1522 3442 Θεοῦ
1568 3391 1798 3462 Ἐκκλη-

213 3483 341 3543 σίας
363 3519 377 3544 ,
407 3479 638 3550 ἐχούσης
672 3483 772 3551 τῆς
805 3479 1076 3547 ἀσφάλτου
1105 3479 1204 3550 τὴν
1241 3481 1502 3550 δύναμιν,
1530 3482 1628 3551 τὴν
1666 3482 1802 3534 ἁπο-

210 3573 517 3625 διώκουσαν
545 3572 611 3626 τὰ
639 3571 786 3625 δεινὰ
816 3572 910 3624 καὶ
938 3571 1194 3641 ὀλετήρια
1219 3572 1498 3643 ἑρπετῶδη
1533 3572 1798 3642 διδάγμα-

207 3683 302 3718 τα.
345 3666 519 3718 Ὅπου
569 3664 678 3735 γὰρ
717 3665 975 3734 Θυμιᾶται
1020 3665 1055 3731 ἡ
1093 3663 1398 3732 ἄσφαλτος,
1449 3664 1550 3716 ούκ
1593 3663 1799 3734 ἰσχύσει

211 3757 409 3826 στῆναι
453 3758 596 3826 ὄφις.
639 3756 916 3827 Ἐκάρωσε
947 3756 1124 3811 τοίνυν
1159 3757 1381 3819 τούτους
1422 3755 1482 3808 τὸ
1521 3755 1674 3824 διγιον
1706 3755 1799 3809 ου.

211 3850 397 3919 μίαμα
440 3848 535 3901 τοῦ
573 3848 870 3920 στύρακος,
907 3849 1001 3901 καὶ
1033 3847 1426 3918 παραιτοῦνται
1466 3846 1655 3899 τούτου
1699 3846 1798 3917 τὴν

205 3939 382 4008 ὀδμὴν
403 3977 417 4002 ,
450 3939 543 3992 καὶ
585 3938 683 4010 τῆς
714 3937 1007 4008 ἀϐροτὸνου
1033 3979 1048 4003 ,
1084 3937 1258 3990 εἵτουν
1291 3936 1613 4000 λιϐανίτιδος
1648 3939 1681 4008 ἡ
1711 3937 1798 3990 δύ-

205 4047 412 4099 ναμις,
443 4031 563 4083 κατ’
591 4029 755 4082 αὐτοῦ
789 4029 882 4082 τοῦ
915 4029 1090 4099 ὄφεως
1120 4028 1457 4098 ὲπιφύσασα,
1489 4027 1798 4097 καὶοέπάνω

204 4123 305 4176 τοῦ
361 4120 568 4190 φωλεοῦ
625 4120 788 4175 αὑτοῦ
843 4121 1274 4191 ἐκϐλαστήσασα.
1333 4118 1501 4172 Ἔνθα
1553 4119 1661 4190 γὰρ
1706 4119 1796 4172 τὸν

204 4214 448 4282 Χριστὸν
477 4215 542 4267 ὲκ
571 4213 915 4284 παρατριϐἧς
945 4212 1098 4282 ψιλὸν
1129 4211 1412 4282 ἄνθρωπον
1442 4211 1736 4282 ἐκήρυττεν
1768 4212 1796 4262 6

218 4302 422 4356 Ἐΰίων
450 4303 544 4356 καὶ
573 4305 602 4356 6
632 4302 933 4373 Κήρινοος,
988 4304 1082 4355 καὶ
1127 4302 1177 4354 οἱ
1214 4302 1351 4372 ἀμφ’
1386 4301 1618 4363 αὐτοὺς,
1654 4301 1796 4371 φημὶ

200 4395 264 4448 δὲ
308 4394 368 4446 ὲν
409 4397 476 4465 τῇ
522 4393 714 4463 Ἀσίᾳ,
752 4393 868 4446 ἐκεῖ
903 4392 964 4445 τὸ
1009 4389 1232 4461 Πνεῦμα
1276 4390 1338 4442 τὸ
1373 4389 1525 4456 ἇγιον
1556 4388 1794 4442 ἀνέτειλε

1901 3212 2123 3258 sanctus
2170 3201 2282 3257 Noe
2331 3203 2517 3257 divina
2567 3220 2700 3260 voce
2747 3216 3145 3264 commouetur.
3189 3209 3279 3264 Sic
3327 3213 3470 3264 enim

1899 3293 2042 3350 Deus
2071 3295 2343 3364 praecipit:
2380 3295 2558 3350 Linies
2589 3313 2704 3351 eam
2734 3297 2985 3353 bilmninc
3021 3301 3160 3355 intus
3191 3312 3241 3356 et
3272 3303 3402 3370 foris
3427 3305 3468 3358 ⁸.

1899 3383 1969 3440 Ut
1990 3395 2192 3442 sanctae
2227 3385 2318 3442 Dei
2345 3386 2602 3444 Ecclesiae
2631 3391 2868 3459 speciem
2906 3393 3187 3461 praeberet,
3241 3410 3360 3464 qua:
3387 3396 3473 3450 hi-

1899 3480 2124 3534 tuminis
2153 3481 2259 3534 vim
2312 3481 2510 3545 habet,
2539 3497 2646 3550 qua
2676 3484 2986 3552 perniciosa
3017 3501 3079 3539 ac
3113 3486 3320 3540 letifera
3355 3503 3471 3542 scr-

1898 3576 2120 3638 pentum
2180 3571 2429 3639 dogmata
2487 3573 2896 3642 propulsantur.
2957 3573 3276 3646 Ubicunque
3326 3576 3474 3630 enim

1898 3661 2140 3716 bitumen
2177 3661 2416 3725 sulliunt,
2447 3663 2629 3716 nullus
2655 3663 2728 3717 ibi
2756 3679 2980 3734 serpens
3029 3675 3296 3722 moratur.
3331 3667 3474 3733 Quin

1897 3752 2058 3806 etiam
2083 3761 2274 3807 sancto
2311 3753 2544 3823 styracis
2573 3753 2763 3808 nidore
2799 3756 3109 3824 sopiuntur,
3149 3759 3308 3826 cujus
3340 3759 3475 3812 odo-

1897 3859 2011 3898 rem
2047 3843 2294 3914 fugiunt,
2332 3854 2390 3899 ut
2427 3853 2480 3899 ct
2521 3846 2810 3912 abrotoni,
2849 3849 2963 3904 sive
3005 3850 3306 3905 libanitidis
3344 3851 3478 3914 vim,

1899 3934 1944 3988 si
1975 3950 2139 4002 supra
2169 3935 2439 4004 serpentis
2479 3936 2762 3990 latibulum
2813 3941 3023 3994 consita
3070 3942 3269 4005 fuerit,
3317 3952 3478 4012 atque

1897 4015 2196 4094 pullularit.
2230 4022 2444 4077 Etenim
2484 4025 2676 4080 iisdem
2718 4025 2826 4080 illis
2878 4027 2932 4080 in
2966 4029 3140 4092 locis,
3193 4031 3476 4102 inquibus
3553 4098 3562 4107 _

1897 4113 2104 4168 nudum
2137 4113 2444 4176 hominem,
2503 4124 2556 4168 et
2603 4131 2666 4169 ex
2721 4119 3008 4187 utriusque
3047 4136 3210 4176 sexus
3241 4123 3473 4192 conjun-

1899 4204 2078 4257 ctione
2128 4210 2304 4256 satum
2363 4217 2488 4256 esse
2531 4203 2808 4258 Christum
2843 4205 3015 4262 Ebion
3065 4219 3119 4263 et
3176 4210 3474 4267 Cerinthus

1898 4309 2022 4349 cum
2052 4293 2168 4348 suis
2197 4308 2442 4348 asserere
2473 4295 2592 4348 ausi
2630 4303 2794 4361 sunt,
2837 4299 2940 4352 hoc
2968 4307 3052 4352 est
3096 4299 3149 4354 in
3187 4300 3338 4364 Asia,
3370 4303 3474 4356 ibi-

1899 4386 2020 4440 dem
2055 4385 2288 4454 Spiritus
2315 4391 2543 4441 sanctus
2577 4386 2724 4439 illam
2758 4388 2904 4441 velut
2935 4388 3159 4442 herbam
3189 4390 3475 4446 sanctissi-

200 4487 286 4558 τῷ
318 4487 504 4557 κόσμῳ
532 4486 734 4557 ταύτην
765 4485 862 4557 τὴν
897 4485 1054 4553 ἁγίαν
1077 4484 1329 4554 βοτάνην,
1371 4483 1544 4535 είτουν
1573 4481 1796 4550 Θάμνον,

1903 4492 2075 4544 mam,
2108 4487 2199 4530 aut
2252 4475 2502 4530 fruticem
2556 4477 2609 4532 in
2649 4479 2835 4533 orbem
2865 4482 3095 4547 extulit,
3133 4497 3240 4551 quo
3273 4490 3324 4535 et
3355 4497 3472 4538 ser-

199 4579 311 4647 τὴν
349 4577 725 4644 ἀποδιώξασαν
751 4577 840 4629 τὸν
870 4576 1013 4644 ὅφιν,
1051 4574 1145 4627 καὶ
1167 4572 1407 4627 λύσασαν
1431 4570 1529 4642 τὴν
1558 4569 1651 4623 τοῦ
1681 4569 1794 4622 δια-

195 4673 369 4726 ϐόλου
407 4670 716 4742 τυραννίδα.
771 4668 918 4721 Ἐκεῖ
947 4667 1054 4738 γὰρ
1103 4667 1130 4719 6
1172 4665 1327 4734 ἅγιος
1381 4664 1634 4731 Ἰωάννης
1675 4661 1792 4731 μεθ’

194 4761 432 4835 ἡλικίαν
474 4761 752 4832 γηραλέαν
797 4760 1148 4830 ἐπιτρέπεται
1201 4757 1306 4810 ὑπὸ
1334 4755 1427 4808 τοῦ
1475 4753 1792 4824 Πνεύματος

191 4851 301 4905 τοῦ
334 4851 490 4920 ἁγίου
528 4849 798 4921 κηρύξαι,
845 4849 938 4902 καὶ
967 4846 1288 4918 ἀνακάμψαι
1317 4846 1443 4906 τοὺς
1472 4845 1530 4896 ὲν
1573 4845 1636 4914 τῇ
1687 4841 1792 4912 ὁδῴ

193 4942 704 5012 πεπλανημένους,
779 4941 839 4992 ού
913 4941 1050 5010 μετὰ
1105 4940 1352 5006 ἀνάγκης
1379 4977 1394 5001 ,
1458 4933 1594 4987 ἀλλὰ
1657 4933 1792 5003 μετὰ

190 5037 605 5110 προαιρέσεως,
631 5040 748 5100 τοῖς
786 5033 1124 5104 πειθομένοις
1159 5030 1513 5100 ἀποκαλύψας
1558 5029 1692 5083 Θεοῦ
1734 5029 1792 5082 τὸ

865 5191 886 5220 ³
915 5186 1046 5242 Luc.
1083 5203 1139 5250 x,
1175 5187 1261 5240 l6.
1340 5185 1360 5216 ³
1386 5184 1520 5240 Gen.
1552 5201 1631 5250 v1,
1666 5184 1757 5239 14.

281 5191 300 5222 ¹
335 5189 482 5246 Psal.
516 5205 705 5254 xxvnr,
738 5188 791 5242 9.

273 5349 400 5418 (15)
451 5349 511 5405 Ἡ
557 5348 665 5403 τοῦ
714 5348 888 5402 λίθου
945 5347 1051 5401 τοῦ
1097 5347 1377 5418 γαγάτου.
1430 5342 1631 5418 Eadem
1685 5341 1798 5396 fere

181 5412 530 5487 serpentum
561 5417 896 5490 ἀλεξητήρια
931 5412 1133 5472 cecinit
1163 5412 1454 5471 Nicander.
1500 5412 1573 5468 De
1602 5421 1797 5483 gagate

182 5504 383 5562 porro
409 5507 426 5545 :

285 5606 551 5660 Ἀλλοτε
579 5603 630 5656 δ’
665 5601 922 5667 ἀζαλέην
955 5601 1139 5654 καίων
1165 5598 1481 5668 ἐγγιὶγγιδιι
1513 5597 1755 5666 πέτρην,

282 5677 401 5729 Ἦν
443 5674 588 5729 οὐδὲ
617 5666 920 5740 κρατεροῖο
952 5671 1140 5738 πυρὸς
1180 5666 1591 5738 aemula-um.
1623 5666 1794 5736 ι’ρμή.

179 5766 318 5826 Ubi
364 5765 556 5824 Schol.
590 5781 604 5818 :
640 5763 754 5832 Τὴν
798 5765 1048 5832 γαγγῖτιν
1090 5761 1268 5816 λίθον·
1320 5762 1376 5813 ἐν
1413 5761 1650 5829 Γάγγαις
1693 5757 1799 5830 γὰρ

1898 4584 2032 4640 pens
2073 4569 2382 4638 abigerctur
2413 4611 2426 4636 ,
2482 4579 2535 4624 et
2573 4572 2890 4640 tyrannicus
2930 4573 3131 4628 diaboli
3160 4573 3474 4631 dominatus

1899 4669 2250 4717 everteretur.
2313 4658 2425 4715 Illic
2473 4661 2740 4732 siquidem
2781 4665 2970 4720 beatus
2999 4665 3238 4723 Joannes
3283 4668 3472 4724 θίγοι-ιο

1895 4752 2009 4821 jam
2026 4759 2182 4807 atate
2213 4752 2508 4822 praedicare
2535 4756 2708 4829 sancti
2731 4755 2966 4825 Spiritus
2993 4758 3206 4812 hortatu
3227 4758 3472 4829 jubetur,

1897 4851 1949 4897 et
1969 4851 2216 4899 errantes
2247 4859 2275 4897 a
2303 4847 2388 4899 via
2418 4828 2675 4902 revocare
2695 4886 2710 4911 ,
2751 4863 2859 4901 non
2895 4855 2953 4901 ut
2980 4848 3031 4902 vi
3058 4865 3120 4903 ac
3148 4851 3474 4905 necessitate

1898 4943 2150 5003 cogeret,
2179 4935 2272 4990 sed
2308 4943 2364 4989 ut
2403 4945 2597 5005 sponte
2649 4952 2712 4990 ac
2747 4937 2990 4991 volentes
3031 4937 3342 5002 induceret,
3380 4939 3474 4993 iis-

1899 5027 2130 5096 demque
2168 5035 2357 5099 postea
2405 5028 2650 5082 divinum
2709 5029 2948 5083 ccclesiis
2983 5027 3245 5083 doctrinae
3289 5029 3472 5086 lumen

1902 5340 2002 5410 τῆς
2033 5339 2237 5403 Λυκίας
2271 5336 2616 5408 εὑρίσκεται·
2645 5337 2744 5398 τὰς
2779 5335 2836 5410 es
2863 5336 3079 5410 [‘6ng
3118 5333 3273 5386 πόλιν
3305 5328 3470 5410 οὖσαν

1903 5406 2002 5479 τῆς
2033 5410 2260 5471 Λυκίας,
2283 5406 2378 5459 καὶ
2408 5407 2647 5474 Γαγγίδα
2670 5406 2852 5479 φασίν.
2872 5407 3013 5479 Plin.
3045 5407 3080 5458 1.
3103 5421 3358 5479 ςκκνιλο.
3379 5408 3464 5479 lt).

1904 5473 2326 5560 (lagatesnlapis
2351 5473 2776 5560 _nomennl1‘abet
2817 5476 2920 5529 loci
2961 5483 3013 5530 et
3045 5475 3232 5560 prunis
3267 5473 3468 5546 Gaugis

1906 5547 2106 5618 Lyciie,
2136 5547 2332 5618 Diosc.
2351 5547 2470 5618 Inv,
2499 5561 2546 5599 c.
2570 5547 2669 5618 3'9.

1977 5619 2088 5685 (Η)
2131 5619 2264 5672 Ἵνα
2306 5616 2473 5682 δείξῃ
2521 5615 2588 5668 τὸ
2632 5611 2790 5679 εἶδος
2826 5613 2931 5679 τῆς
2973 5614 3162 5684 ἁγίας.
3210 5611 3465 5668 Eamdem

1908 5703 2049 5742 ιιι-(τε
2091 5687 2504 5757 similitmlincm
2555 5685 2794 5740 declarat
2841 5687 2974 5757 Aug.
3020 5687 3113 5742 lib.
3166 5701 3236 5739 xu
3279 5694 3466 5738 contra

1907 5757 2126 5828 Fausl.,
2156 5772 2207 5814 c.
2244 5755 2330 5811 Η.
