3958 6424
475 342 481 348 ’
523 346 620 405 S‘Jl

533 5558 543 5634 ἑ

1932 348 1991 406 S.
2032 348 2376 408 EPIPHANII

3651 358 3731 417 89‘!

525 456 851 528 impertiret.
901 454 1107 515 Verum
1145 459 1283 531 quid.
1312 474 1415 531 ego
1459 458 1535 515 de
1561 474 1631 516 ea
1675 475 1735 516 re
1761 459 1977 517 diutius
2004 462 2123 519 dis-

2248 464 2344 534 ρῶς
2366 504 2381 530 ,
2411 462 2473 518 τὸ
2506 461 2565 519 ὲν
2584 466 2653 537 τῇ
2679 462 2811 536 ἀγίᾳ
2837 461 2973 518 Θεοῦ
3000 461 3331 538 διδασκαλίᾳ.
3369 464 3500 520 'm'
3521 465 3612 532 ἓως
3635 472 3732 525 τότε

526 550 703 620 puto?
766 550 1094 623 Quicunque
1149 553 1295 608 enim
1346 556 1401 607 in
1454 567 1521 608 eo
1584 553 1706 609 loco
1756 563 1976 619 manet,
2023 554 2119 609 ubi

526 643 858 698 abrotonum
887 645 1161 700 consitum
1191 653 1294 707 est,
1324 645 1511 700 nullus
1543 644 1617 700 ibi
1648 645 1891 700 manebit
1913 646 2123 700 latebit-

528 750 635 803 que
664 751 907 804 serpens.
950 735 1042 790 Sic
1078 735 1169 790 ubi
1224 751 1353 791 vera
1395 747 1481 792 est
1514 736 1609 795 Dei
1637 736 1889 792 doctrina
1914 757 1940 803 ,ο
1971 738 2122 791 nulla

529 836 809 882 venenatae
861 828 1128 883 doctrina:
1178 829 1390 884 latebra
1442 831 1559 885 vim
1589 829 1814 886 habebit
1860 830 2123 900 aliquam,

529 919 624 973 sed
656 917 906 974 funditus
936 920 1175 977 occidet.
1698 912 1701 913 ⁷

597 1008 688 1067 Ill.
729 1009 854 1066 lLec
891 1011 1059 1080 igitur
1081 1014 1378 1084 Alogorum
1420 1021 1506 1070 est
1547 1012 1772 1083 opinio:
1817 1027 1945 1067 nam
1978 1010 2129 1082 ejus-

528 1102 679 1156 modi
716 1103 798 1159 eis
830 1120 1031 1160 nomen
1067 1107 1428 1177 imponimus,
1464 1122 1566 1162 nec
1606 1121 1638 1160 a
1676 1106 1839 1162 nobis
1866 1106 2128 1176 deinceps

529 1194 689 1249 aliter
718 1198 951 1253 vocandi
1003 1208 1155 1255 sunt.
1189 1198 1258 1254 Et
1289 1216 1388 1255 vos
1443 1214 1685 1263 mecum,
1732 1214 1765 1253 ο
1790 1197 2127 1261 charissimi,

529 1284 735 1356 Alogos
792 1287 918 1343 illos
974 1290 1276 1346 nominate.
1330 1290 1579 1357 Quorum
1637 1288 1865 1343 hare-sis
1900 1286 2130 1342 Joannis

530 1377 705 1435 libros
735 1382 1009 1451 repudiat.
1037 1382 1409 1449 Quamobrem
1433 1397 1558 1438 cum
1585 1379 1827 1435 Verbum
1859 1396 1890 1434 a
1917 1378 2130 1434 Joanne

531 1471 892 1540 praedicatum
924 1481 1206 1545 respuant,
1241 1475 1419 1545 Alogi,
1458 1474 1563 1529 hoc
1588 1480 1671 1528 est
1700 1486 1731 1525 a
1758 1469 1939 1525 Verbo
1965 1470 2129 1525 alieni

535 1563 893 1633 nuncupandi
927 1573 1079 1621 sunt.
1111 1567 1255 1637 Ergo
1277 1565 1352 1622 illi
1388 1581 1421 1620 a
1442 1565 1699 1620 doctrina
1731 1562 1980 1617 veritatis
2008 1561 2132 1616 hin.

536 1652 689 1709 ditus
720 1655 1082 1712 abhorrentes
1136 1658 1411 1712 sinceram
1458 1658 1616 1711 iidem
1662 1654 1973 1725 abnegant,
2028 1668 2132 1707 nec

536 1745 768 1802 Joannis
811 1750 1200 1820 Evangelium,
1236 1760 1333 1805 aut
1383 1749 1752 1819 Apocalypsin
1798 1746 2127 1817 approbant.

537 1841 705 1911 Atqui
748 1842 794 1895 si
839 1841 1165 1913 Apocalypsi
1223 1843 1490 1897 duntaxat
1536 1840 1741 1911 rejeeta
1780 1838 2132 1908 Evangeiium
2166 1822 2209 1878 Β

538 1932 916 1999 admitterent,
959 1933 1069 1988 dici
1104 1935 1159 1988 id
1192 1941 1421 2005 possent
1458 1932 1647 1988 subtili
1679 1931 1918 2002 quodam
1951 1937 2006 1984 et
2044 1942 2135 1983 ac-

540 2035 735 2080 curato
768 2026 980 2095 judicio
1029 2026 1261 2089 fecisse,
1305 2032 1366 2080 nt
1410 2023 1722 2096 apocrypha
1772 2028 2130 2091 respuerent;

542 2120 688 2190 quod
738 2120 996 2189 pleraque
1046 2119 1101 2172 in
1163 2117 1494 2188 Apocalypsi
1536 2114 1839 2170 altissimos
1879 2121 1934 2168 et
1970 2110 2137 2183 Μή

540 2211 812 2267 obscuros
840 2227 1039 2267 sensus
1067 2212 1326 2266 habeant.
1360 2208 1466 2264 Sed
1498 2223 1623 2263 cum
1654 2206 1942 2262 universos
1967 2202 2137 2257 Joan-

540 2303 632 2359 nis
672 2302 847 2360 libros
877 2304 1102 2376 proprie
1134 2302 1413 2373 rejieiant,
1455 2299 1710 2357 dubitare
1740 2314 1902 2355 nemo
1934 2304 2134 2370 potest,

541 2396 677 2467 quin
703 2395 769 2462 ii,
811 2412 1115 2467 eorumque
1142 2396 1389 2461 similes,
1452 2396 1533 2451 illi
1564 2393 1670 2466 ipsi
1705 2392 1818 2447 sint
1843 2432 1858 2456 ,
1896 2406 2136 2463 quorum

543 2488 603 2543 in
649 2487 947 2545 Catholicis
989 2484 1254 2559 Epistolis
1290 2486 1532 2543 Joannes
1599 2485 1889 2541 meminit:
1942 2482 2138 2538 Novis-

544 2580 686 2635 sima
716 2580 848 2635 liora
893 2581 1226 2651 est,'inquit
1247 2621 1262 2644 ,
1295 2590 1345 2636 et
1395 2579 1624 2635 audistis
1650 2619 1666 2645 ,
1695 2578 1945 2649 quoniam
1976 2576 2137 2630 Anti-

545 2671 778 2727 christus
809 2674 945 2727 venit
971 2688 988 2735 ;
1015 2681 1064 2726 et
1096 2689 1234 2726 nunc
1259 2688 1375 2727 ecce
1416 2671 1724 2725 antichristi
1758 2670 1912 2723 multi
1947 2671 1988 2733 ι,
2027 2681 2135 2725 etc.

547 2762 877 2834 Quanquam
921 2766 999 2818 illi
1036 2764 1286 2818 nonnihil
1321 2766 1387 2819 ad
1428 2763 1799 2819 excusandam
1835 2778 1991 2818 suam
2040 2777 2141 2816 au-

549 2856 764 2911 daciam
801 2865 1074 2911 conantur
1128 2856 1342 2911 afferre.
1378 2856 1550 2912 Pudet
1577 2856 1721 2910 enim
1760 2856 1937 2927 palam
1970 2855 2133 2910 beato

547 2945 749 3001 Joanni
776 2948 1176 3014 contradicere,
1205 2949 1349 3018 quod
1383 2956 1438 3003 et
1475 2949 1651 3019 ipsum
1680 2949 1822 3004 inter
1860 2951 2140 3021 apostolos

550 3040 724 3096 fuisse
756 3047 1100 3096 numeratum
1136 3080 1150 3103 ,
1175 3048 1229 3095 et
1259 3056 1288 3094 a
1313 3040 1543 3097 Domino
1570 3040 1845 3112 prtecipue
1881 3042 2139 3097 dilectum

551 3148 662 3187 non
691 3131 942 3187 dubitent
970 3150 985 3199 ;
1021 3132 1115 3204 qui
1145 3142 1199 3188 et
1222 3148 1380 3188 sacra
1416 3135 1676 3207 mysteria
1715 3149 1815 3205 pro
1839 3134 1916 3190 rei
1955 3134 2137 3205 digni-

550 3234 664 3281 tate
704 3226 1004 3296 patefecit,
1040 3237 1095 3283 et
1143 3242 1307 3296 supra
1366 3226 1580 3281 Domini
1634 3237 1825 3298 pectus
1871 3226 2140 3282 incubuit.

552 3318 737 3386 Quare
793 3318 954 3373 aliam
1010 3318 1450 3373 damnaudorum
1518 3318 1748 3389 apostoli
1810 3319 2145 3389 scriptorum

552 3422 779 3464 causam
826 3409 1121 3463 commenti
1156 3416 1304 3464 sunt.
1360 3408 1572 3479 Negant
1604 3409 1719 3463 haec
1747 3407 1976 3464 Joannis
2002 3425 2145 3475 esse,

553 3509 609 3555 et
636 3499 901 3553 Cerintho
928 3499 1213 3564 tribuunt;
1246 3514 1347 3554 nec
1376 3515 1498 3556 esse
1534 3498 1696 3571 digna
1737 3506 1973 3569 putant,
2027 3513 2149 3570 qute

492 3590 498 3598 ’
556 3590 626 3645 ab
651 3589 895 3646 Ecclesia
932 3592 1255 3661 probentur.

634 3682 722 3737 ιν.
751 3682 954 3738 Verum
993 3684 1077 3738 vel
1132 3683 1234 3738 hoc
1277 3683 1398 3753 ipso
1428 3684 1512 3738 sui
1546 3690 1779 3739 conatus
1814 3682 1976 3737 initio
2013 3698 2149 3738 con-

555 3775 890 3840 vincuntur,
937 3790 1040 3829 nec
1096 3772 1227 3845 quid
1285 3773 1475 3828 dicant
1537 3774 1884 3844 intelligere,
1924 3789 2026 3830 nec
2083 3772 2152 3829 de

558 3867 763 3939 quibus
790 3866 1060 3922 allirment
1084 3867 1126 3923 ’.
1176 3868 1281 3935 Qui
1311 3868 1460 3923 enim
1495 3867 1609 3922 ﬁeri
1642 3874 1819 3936 potest
1846 3907 1860 3928 ,
1893 3876 1950 3920 ut
1982 3867 2093 3920 haec
2122 3883 2151 3919 a

556 3958 823 4016 Cerintho
862 3961 1069 4031 scripta
1106 3962 1258 4025 sint,
1315 3976 1438 4031 qua:
1490 3958 1752 4014 Cerintho
1803 3944 2149 4029 potissimum

482 4087 495 4101 .
557 4052 897 4120 repugnent?
931 4049 1029 4106 llic
1052 4052 1196 4106 enim
1229 4058 1504 4106 recentem
1537 4064 1600 4103 ac
1631 4049 1839 4103 nudum
1876 4048 2153 4102 hominem

557 4155 684 4197 esse
726 4142 1005 4199 Christum
1062 4143 1321 4199 asseruit.
1365 4142 1572 4196 Contra
1597 4139 1839 4195 Joannes
1890 4149 2154 4210 perpetuo

558 4233 733 4289 fuisse
765 4232 1026 4301 Verbum,
1063 4241 1227 4304 atque
1260 4250 1290 4289 e
1323 4234 1464 4288 caelo
1502 4233 1809 4303 delapsum,
1844 4238 1897 4286 et
1931 4247 2152 4286 carnem

558 4341 681 4383 esse
722 4326 924 4382 factum
950 4328 1287 4396 pronuntiat.
1318 4325 1591 4393 Quocirca
1624 4326 1807 4379 statim
1837 4323 1987 4379 aditu
2032 4325 2154 4394 ipso

560 4418 1020 4497 deprehenditur.
1056 4436 1252 4474 vanam
1287 4421 1521 4474 istorum
1564 4417 1944 4473 calumniandi
1985 4416 2156 4471 licen-

561 4512 693 4567 tiam
718 4528 923 4567 meram
956 4528 1077 4567 esse
1100 4512 1412 4575 stultitiam,
1443 4528 1543 4567 nec
1569 4511 1713 4566 unde
1743 4511 1995 4583 redargui
2022 4528 2151 4583 pos-
2185 4541 2230 4597 ο

565 4604 638 4659 sit
666 4605 802 4659 satis
842 4593 1314 4668 animadvertere;
1353 4620 1479 4657 nam
1518 4604 1595 4657 illi
1629 4604 1913 4658 nobiscum
1954 4605 2154 4675 alioqui

564 4696 755 4751 eadem
790 4713 854 4752 ac
887 4697 1040 4768 paria
1080 4698 1285 4753 sentire
1314 4696 1588 4751 videntur.
1627 4694 1735 4751 Sed
1767 4711 1892 4750 cum
1926 4695 1995 4751 ad
2030 4698 2153 4766 ejus

564 4784 854 4854 doctrinae,
893 4800 1056 4855 quam
1100 4801 1195 4858 per
1218 4786 1440 4840 beatum
1475 4783 1740 4840 Joannem
1781 4785 1965 4839 divina
2000 4787 2159 4843 nobis

566 4878 833 4950 sapientia
866 4875 1125 4947 providit,
1173 4874 1500 4932 soliditatem
1545 4889 1890 4946 nequaquam
1919 4873 2163 4931 adhaere-

567 4980 742 5032 scant.
769 4970 823 5026 in
847 4970 915 5026 iis
942 4985 1064 5039 qua:
1092 4968 1345 5024 nesciunt
1375 4976 1567 5023 contra
1591 4968 1838 5024 veritatis
1863 4968 2150 5024 scientiam

566 5058 869 5115 insolenter
893 5058 1016 5113 illos
1048 5057 1229 5113 eﬂ'erri
1261 5059 1670 5130 cognoscimus.
1700 5061 1877 5128 Atque
1901 5060 2005 5115 hoc
2033 5060 2161 5131 ipsi-

568 5161 681 5207 met
729 5152 1031 5223 intelligere
1072 5159 1371 5222 poterunt,
1414 5151 1461 5206 si
1497 5151 1823 5222 resipiscere
1854 5152 2018 5207 modo
2046 5193 2061 5217 ,
2094 5168 2158 5209 ac

569 5254 808 5299 mentem
867 5245 1151 5311 advertere
1198 5244 1493 5300 voluerint.
1535 5242 1647 5299 Nos
1689 5244 1835 5299 enim
1875 5260 1939 5298 ea
1973 5243 2158 5298 moni-

573 5345 752 5390 menta
783 5336 986 5406 quibus
1017 5334 1259 5406 Spiritus
1310 5336 1486 5392 sancti
1538 5335 1789 5390 doctrina
1823 5335 2157 5403 continuatur,

573 5441 694 5496 quae
721 5429 941 5497 quidem
966 5429 1071 5486 ﬁde
1099 5430 1285 5502 digna,
1315 5429 1656 5500 probataque
1686 5429 1820 5495 sint,
1855 5427 2009 5482 nullo
2037 5441 2158 5482 mo-

645 5579 665 5613 ³
694 5579 713 5634 l
741 5580 902 5635 Joau.
932 5600 992 5651 ιι,
1038 5584 1121 5642 18.
1197 5588 1217 5619 ³
1249 5587 1268 5639 1
1300 5585 1441 5639 Tim.
1476 5603 1516 5649 ι,
1554 5585 1607 5639 7.

2172 3182 2219 3247 C

2225 557 2453 626 μηκύνω
2485 556 2577 610 τὸν
2606 556 2797 626 λόγονς
2848 556 2958 610 Kal.
2990 554 3099 628 γὰρ
3145 554 3222 626 τῷ
3253 555 3456 627 μένοντι
3487 558 3602 612 ὅπου
3634 561 3732 613 ἀνα-

2222 651 2330 719 φυῇ
2358 647 2647 719 ἀϐρότονος
2666 689 2684 714 ,
2713 649 2832 700 ἐκεῖ
2864 645 2985 715 ὄφις
3017 645 3199 699 οὐκέτι
3243 645 3612 717 ὲγκαταμένει,
3641 648 3735 702 οὒτε

2224 739 2557 810 ὲμφωλεύει.
2587 742 2698 793 Καὶ
2742 740 2877 793 ὅπου
2925 737 3059 792 Θεοῦ
3108 737 3309 809 ἀληθὴς
3348 738 3661 801 διδασκαλία,
3691 743 3737 793 οὗ

2224 832 2544 902 κατισχύσει
2580 832 3000 903 κατοικητήριον
3048 827 3384 901 ἑρπετῶῶυς
3434 830 3738 898 διδασκαλίας,

2226 924 2363 979 ἀλλά
2398 925 2686 978 διόλλυται.

2299 1020 2373 1072 τ’.
2404 1018 2676 1071 Φάσκουσι
2707 1016 2887 1071 τοίνυν
2916 1017 2965 1068 οἱ
2994 1014 3232 1083 ’Ἂλογοι⁸
3257 1016 3456 1086 ταύτην
3479 1016 3577 1086 γὰρ
3599 1016 3741 1079 αὐτοῖς

2227 1110 2419 1181 τίθημι
2450 1109 2547 1181 τὴν
2589 1108 2927 1179 ἐπωνυμίαν.
2973 1106 3106 1160 Ἀπὸ
3154 1107 3260 1178 γάρ
3300 1107 3399 1176 τῆς
3432 1104 3577 1177 δεῦρο
3611 1106 3743 1168 οὕτως

2230 1204 2596 1275 κληθήσονται
2623 1220 2637 1234 ·
2668 1202 2764 1256 καὶ
2787 1200 2992 1264 οὕτως,
3050 1199 3326 1271 ἀγαπητοὶ⁵
3343 1240 3359 1264 ,
3408 1198 3654 1269 ἐπιθῶμεν
3675 1198 3746 1251 αύ-

2228 1300 2341 1361 τοῖς
2376 1296 2555 1367 ὄνομα
2578 1336 2590 1358 ,
2629 1294 2906 1349 τουτέστιν
2943 1294 3184 1362 Ἀλογοι.
3210 1290 3371 1364 Εἶχον
3400 1292 3502 1364 γὰρ
3526 1292 3612 1361 τὴν
3634 1291 3747 1361 αἵρε-

2232 1406 2317 1444 σιν
2340 1388 2507 1443 καλου
2517 1388 2706 1460 μένην,
2730 1387 3142 1441 ἀποϐάλλουσαν
3180 1387 3423 1440 Ἰωάννου
3446 1385 3538 1449 τὰς
3560 1383 3749 1454 βίϐλους.

2242 1483 2397 1537 Ἐπεὶ
2425 1479 2518 1536 οὖν
2562 1482 2652 1535 τὸν
2685 1482 2857 1550 Λόγον
2888 1481 2949 1534 οὐ
2978 1479 3223 1551 δέχονται
3261 1478 3353 1533 τὸν
3382 1478 3524 1548 παρά
3553 1477 3749 1530 Ἰωάινου

2231 1569 2667 1645 κεκηρυγμένον,
2709 1569 2928 1638 ’Δλογοι
2952 1568 3337 1641 κληθήσονται.
3377 1566 3645 1638 Ἀλλότρισι
3671 1563 3754 1615 τοί-

2230 1680 2325 1716 νυν
2381 1659 2730 1715 παντάπασιν
2780 1657 3117 1729 ὑπάρχοντες
3161 1655 3257 1710 τοῦ
3310 1655 3638 1727 κηρύγματος
3681 1652 3754 1722 τῆς

2238 1752 2526 1825 ἀληθείας,
2575 1751 2866 1824 ἀρνοῦνται
2908 1750 2971 1804 τὸ
3008 1749 3246 1823 καθαρὸν
3290 1747 3383 1802 τοῦ
3440 1746 3754 1818 κηρύγματος,

2240 1850 2333 1903 καὶ
2353 1846 2479 1902 οὗτε
2509 1847 2571 1901 τὸ
2598 1845 2691 1900 τοῦ
2733 1846 2979 1899 Ἰωάννου
3011 1842 3348 1912 Εὐαγγέλιον
3384 1841 3608 1912 δέχονται
3626 1880 3640 1903 ,
3666 1836 3754 1890 οὔτε

2239 1942 2337 2013 τὴν
2389 1938 2554 1994 αὑτοῦ
2613 1936 2999 2007 Ἀποκάλυψιν.
3062 1937 3173 1991 Καὶ
3229 1936 3278 1988 εί
3329 1935 3427 2005 μὲν
3463 1933 3676 2003 ἐδέχοντο
3713 1929 3757 1982 τὸ

2243 2032 2577 2103 Εὐαγγέλιον
2609 2032 2757 2101 (i5),
2792 2030 2896 2103 τὴν
2932 2030 2990 2084 δὲ
3035 2026 3404 2097 Ἀποκάλυψιν
3432 2024 3757 2084 άπεϐάλλοντο,

2242 2127 2503 2197 ἐλέγομεν
2530 2124 2618 2191 ἂν,
2662 2125 2738 2196 μὴ
2794 2123 2873 2194 πῆ
2917 2124 3028 2195 ἄρα
3071 2122 3215 2176 κατά
3244 2117 3612 2192 ἀκριϐολογίαν
3642 2113 3759 2168 τοῦτο

2242 2217 2558 2281 ποιοῦνται,
2626 2216 2943 2288 ἀπόκρυφον
2990 2214 3065 2286 μὴ
3099 2213 3410 2284 δεχόμενοι,
3438 2210 3523 2263 διὰ
3558 2208 3617 2263 τὰ
3646 2207 3759 2275 ὲντῇ

2256 2306 2621 2379 ’Λποκαλύψει
2656 2305 2866 2378 βαθέως
2898 2305 2992 2359 καὶ
3016 2304 3307 2367 σκοτεινῶς
3336 2300 3587 2374 εἰρημένα
3606 2298 3761 2352 ’ὁπότε
3830 2357 3833 2360 _

2242 2403 2301 2459 δὲ
2342 2403 2404 2457 οὐ
2460 2401 2707 2474 δέχονται
2744 2399 2904 2470 φύσει
2946 2397 3016 2453 τὰ
3047 2397 3229 2470 βιϐλία
3274 2395 3347 2449 τὰ
3396 2394 3500 2448 ἀπὸ
3532 2390 3614 2444 τοῦ
3645 2388 3761 2456 ἁγίου

2257 2495 2505 2549 Ἰωάννου
2544 2494 2931 2566 κεκηρυγμένα
2956 2533 2995 2559 ,η
3016 2490 3179 2546 παντί
3232 2507 3313 2561 τῳ
3360 2487 3512 2559 δῆλον
3557 2483 3663 2553 εἴη,
3704 2481 3761 2534 ὅτι

2245 2579 2391 2641 οὗτοί
2446 2588 2555 2640 εἱσι
2609 2587 2704 2639 καὶ
2740 2586 2789 2639 οἱ
2819 2586 2996 2656 ὅμοιοι
3042 2581 3283 2645 τούτοις,
3322 2578 3450 2649 περὶ
3484 2569 3552 2629 ὧν
3601 2569 3762 2625 εἶπενὸ

2248 2679 2402 2748 ἀγιος
2442 2677 2698 2749 Ἰωάννης
2750 2677 2808 2730 ὲν
2844 2679 2964 2740 ταῖς
2994 2673 3311 2735 καθολικαῖς
3345 2667 3684 2729 Ἐπιστολαῖς,
3706 2663 3765 2716 ὅτι

2259 2769 2524 2841 Ἐσχὰτη
2548 2768 2672 2839 ὥρα
2712 2768 2866 2834 ἐστὶ,
2923 2767 3023 2822 καὶ
3052 2765 3379 2835 ἠκούσατε,
3412 2762 3498 2816 ὅτι
3535 2760 3763 2825 Ἀπ’χρι-

2248 2879 2395 2929 στος
2424 2863 2690 2931 ἔρχεται·
2714 2859 2813 2915 καὶ
2844 2859 2963 2914 νῦν
2994 2857 3123 2912 ἰδοὺ
3160 2855 3529 2924 ἀντίχριστοι
3575 2842 3759 2902 πολλοὶ.

2249 2955 2343 3009 καὶ
2368 2955 2436 3008 τὰ
2466 2954 2614 3023 έξῆςο
2649 2951 3084 3026 Προφασίζονται
3116 2949 3224 3020 γάρ
3250 2943 3422 3010 οὗτοι,
3456 2942 3764 3013 αίσχυνόμενα

2249 3044 2551 3113 ἀντιλέγειν
2594 3043 2673 3113 τῷ
2706 3044 2844 3115 ἁγίῳ
2894 3043 3111 3113 Ἰωάννῃ
3160 3038 3250 3094 διὰ
3296 3038 3361 3091 τὸ
3411 3035 3594 3089 εἰδέναι
3620 3028 3766 3087 animi;

2251 3137 2346 3193 καὶ
2384 3136 2546 3190 αὑτὸν
2574 3137 2632 3189 έν
2658 3133 2878 3207 ἀριθμῷ
2903 3132 3011 3187 τῶν
3040 3129 3359 3186 ἀποστόλων
3389 3128 3533 3190 ὅντα,
3565 3122 3645 3177 καὶ
3666 3120 3767 3187 ἠτα-

2250 3227 2495 3300 πημένον
2534 3227 2640 3281 ὑπὸ
2685 3226 2779 3280 τοῦ
2820 3225 3028 3296 Κυρίου
3062 3241 3075 3256 ι
3115 3222 3175 3287 ὃς
3215 3220 3385 3287 ἀξίως
3435 3218 3503 3272 τὰ
3557 3211 3769 3288 μυστήρια

2249 3319 2567 3390 ἀπεκάλυψε
2594 3360 2609 3385 ,
2645 3319 2740 3375 καὶ
2772 3317 2864 3372 ἐπὶ
2901 3317 2962 3371 τὸ
2995 3315 3189 3388 στῆθος
3233 3312 3403 3368 αὐτοῦ
3443 3310 3666 3366 ἀνέπεσε.
3692 3300 3770 3356 Καὶ

2254 3414 2458 3485 ἑτέρως
2509 3412 2651 3466 αὐτὰ
2702 3409 3030 3483 ἀνατρέπειν
3082 3406 3408 3479 πειρῶνται.
3448 3403 3656 3471 Λέγουσι
3695 3393 3772 3461 γὰρ

2255 3506 2330 3577 μὴ
2365 3500 2505 3560 εἶναι
2556 3504 2697 3559 αύτά
2735 3502 2984 3556 Ἰωάννου
3011 3541 3026 3565 ,
3061 3498 3197 3555 ἀλλά
3247 3495 3525 3570 Κηρίνθου
3547 3509 3560 3523 ·
3597 3490 3676 3545 καὶ
3701 3485 3772 3537 οὒκ

2250 3596 2380 3662 ἀξια
2420 3597 2559 3652 αὑτά
2587 3612 2752 3665 φασιν
2784 3588 2923 3649 εἶναι
2956 3595 3014 3645 ὲν
3064 3591 3384 3663 Ἐκκλησία.

2324 3687 2400 3742 Δ’.
2442 3687 2554 3741 Καὶ
2577 3685 2671 3741 ἀπ’
2704 3685 2876 3754 αὐτῆς
2901 3684 2996 3755 τῆς
3028 3682 3283 3752 ἐπιϐολῆς
3316 3680 3481 3743 εὐθὺς
3506 3677 3774 3745 ἐλέγχονται.

2259 3781 2396 3852 μήτε
2436 3780 2471 3833 ἃ
2504 3779 2753 3848 λέγουσιν
2787 3776 3067 3840 νοοῦντες,
3100 3776 3237 3846 μήτε
3277 3774 3411 3847 περὶ
3457 3772 3604 3825 τίνων
3640 3763 3772 3852 διαει-

2255 3851 2553 3920 6α⁷ιούνται.
2587 3865 2712 3929 Πῶς
2737 3864 2846 3936 γὰρ
2873 3864 3027 3917 ἔσται
3061 3861 3338 3934 Κηρίνθου
3371 3862 3439 3916 τὰ
3468 3860 3600 3915 κατὰ
3626 3851 3774 3923 Κηρὲν-

2256 3958 2349 4012 θου
2406 3958 2672 4026 λέγοντας
2719 3957 2995 4028 Κήρινθος
3039 3956 3149 4028 γάρ
3196 3955 3509 4028 πρόσφατον
3558 3951 3639 4004 καὶ
3665 3942 3772 4014 ψύιδν

2252 4051 2345 4104 τὸν
2374 4050 2611 4123 Χριστδν
2644 4049 2755 4121 ἔχει
2789 4049 3097 4121 ἄνθρωπον.
3140 4049 3197 4102 ’0
3239 4048 3296 4101 δὲ
3346 4047 3589 4114 Ἰωάννης
3620 4039 3691 4094 ἀεὶ
3712 4036 3771 4087 ὃν·

2254 4160 2323 4197 τα
2364 4142 2455 4195 τὸν
2501 4140 2673 4211 Λόγον
2717 4141 3023 4210 κεκήρυχε,
3075 4139 3170 4193 καὶ
3213 4137 3422 4193 ἄνωθεν
3460 4138 3676 4207 ἥκοντα,
3710 4122 3772 4177 καὶ

2258 4233 2632 4307 σαρκωθέντα.
2676 4233 2795 4286 Ἀπ’
2821 4233 2990 4303 αὐτῆς
3015 4231 3193 4285 τοίνυν
3217 4230 3320 4301 τῆς
3350 4228 3589 4297 εἰσϐολῆς
3612 4221 3774 4307 ξλήξετ-

2259 4341 2385 4377 κται
2425 4326 2458 4395 ὴ
2514 4323 2719 4377 τούτων
2770 4320 3308 4393 ματαιοσυκοφαντία
3352 4318 3527 4391 μωρία
3556 4331 3627 4377 τις
3662 4305 3773 4406 οὔτε,

2260 4413 2355 4465 καὶ
2393 4412 2468 4483 μὴ
2517 4411 2715 4467 νοοῦσα
2754 4411 2917 4464 πόθεν
2955 4409 3308 4480 διελέγχεται.
3344 4404 3565 4460 Δοκοῦσι
3589 4402 3679 4470 γάρ
3711 4402 3775 4448 καὶ

2261 4505 2415 4558 αὐτοὶ
2446 4504 2517 4558 τά
2565 4503 2657 4557 ἴσα
2705 4505 2837 4574 ἡμῖν
2870 4502 3180 4556 πιστεύειν·
3226 4501 3300 4571 μὴ
3335 4492 3697 4569 κατέχοντεςᾶ
3731 4484 3777 4537 2‘1

2262 4596 2478 4668 ἀσφαλῆ
2527 4594 2621 4649 τοῦ
2673 4597 2737 4649 ὲκ
2783 4594 2917 4649 Θεοῦ
2967 4593 3410 4665 οἰκονομηθέντος
3450 4593 3573 4661 ἡμῖν
3617 4582 3689 4664 διέι
3710 4576 3777 4632 τθῖ

2264 4690 2420 4758 ἁγίου
2490 4690 2737 4744 Ἰωάννου
2776 4689 3162 4760 κηρύγματος,
3204 4686 3582 4757 εὑρεθήσονται
3625 4675 3777 4736 διελεῖ-

2265 4782 2485 4853 χόμενοι
2507 4782 2564 4835 ὲν
2600 4775 2682 4845 οἷς
2707 4780 2982 4850 ἀγνοοῦσι,
3012 4779 3129 4844 πῶς
3160 4779 3297 4833 κατὰ
3325 4778 3424 4848 τὴν
3448 4775 3543 4843 τῆς
3582 4762 3778 4838 ἀληθείας

2267 4874 2586 4946 ἐπαίρονται
2615 4872 2836 4942 γνῶσιν.
2872 4874 2983 4925 Καὶ
3011 4872 3105 4926 ἐάν
3132 4888 3198 4940 γε
3229 4870 3522 4942 θελήσωσιν
3548 4857 3775 4946 ἀνανῆψαι]

2265 4966 2361 5022 καὶ
2390 4966 2747 5037 κατανοῆσαι,
2777 4963 3097 5034 γνώσονται.
3137 4961 3328 5033 Ἡμεῖς
3354 4958 3461 5031 γάρ
3488 4957 3578 5018 τὰς
3603 4948 3693 5005 ἀπδ
3715 4958 3777 4995 τω

2263 5059 2422 5128 ἁγίου
2466 5057 2783 5130 Πνεύμτος
2822 5056 3173 5120 διδασκαλίας
3221 5051 3509 5119 ἀξιολόγως
3538 5042 3780 5135 mima...

2264 5120 2533 5220 λισμένως
2560 5120 2726 5213 οὔσας
2748 5120 2850 5203 οὐκ
2878 5146 3264 5217 ἀποϐάλοιμεν.
3290 5143 3554 5197 Φάσκουσι
3578 5132 3670 5203 γὰρ
3692 5120 3771 5223 νῆ

2265 5242 2474 5296 ἑαυτῶν
2494 5282 2507 5305 ,
2558 5243 2621 5297 οὐ
2669 5241 2777 5313 γὰρ
2809 5241 3019 5312 εἴποιμι
3054 5240 3199 5294 κατὰ
3229 5236 3330 5308 τῆς
3356 5230 3622 5304 ἀληθείας,
3652 5223 3716 5313 ὅτι
3735 5231 3776 5265 οδ

2267 5336 2549 5405 συμφωνεῖ
2588 5335 2657 5389 τὰ
2689 5312 2855 5389 αύτοῦ
2891 5332 3073 5405 βιϐλία
3122 5334 3237 5394 τοῖς
3268 5328 3473 5389 λοιποῖς
3501 5312 3773 5405 ams-16106:

2267 5394 2405 5482 Kal.
2425 5425 2643 5482 δοκοῦσι
2678 5425 2866 5482 λοιπὸν
2892 5394 3380 5497 ’ἐπιλαμϐάνεσθαι
3416 5418 3512 5489 τῆς
3552 5408 3687 5478 ἁγίας
3708 5394 3779 5453 κεὶ

655 5735 771 5800 (l5)
811 5736 914 5787 Καὶ
954 5742 1005 5793 ει
1038 5739 1155 5808 μὲν
1180 5739 1460 5864 ὲδέἄοντο
1490 5740 1557 5793 τὸ
1592 5740 1984 5808 Εὺιιγγέλιον.
2024 5734 2141 5796 Nili]

655 5822 684 5862 ο
718 5813 977 5864 accurate
1010 5810 1063 5864 in
1095 5812 1236 5864 Anu.
1316 5826 1448 5864 aron
1482 5849 1494 5864 .
1528 5812 1591 5864 Λ.
1622 5810 1684 5864 (ἶ.
1726 5813 1813 5864 97.

2248 5737 2606 5809 :Apocalypsi
2664 5734 2917 5792 nonnihil
2965 5730 3350 5801 aquibusdam
3403 5721 3694 5781 dubitatum,
3728 5704 3774 5759 ἂν

576 5820 684 5877 quo
718 5813 977 5864 accurate
1010 5810 1063 5865 in
1095 5812 1236 5865 Anu.
1270 5810 1448 5864 Barou
1482 5849 1494 5877 ,
1528 5812 1591 5865 Λ.
1622 5810 1684 5865 (ἶ.
1726 5813 1813 5867 97.
