3958 6416
250 382 361 441 893

919 379 1158 436 ADVEB
1169 379 1302 438 SUS
1334 379 1681 436 ΗΕΒΕὸΕὸ
1717 381 1844 438 LIB.

1989 382 2155 440 ΤΟΜ.
2196 385 2325 439 1.-
2364 383 2638 439 ΠᾹίῐίΕδ.
2681 382 2768 439 LI.

3410 393 3521 451 895

252 490 443 553 ἐνθέου
471 497 841 562 διδασκαλίας.
868 492 979 551 καὶ
1017 494 1088 563 τί,
1127 496 1313 568 maliv,
1342 479 1535 565 εἷπε-αῖ
1564 498 1687 552 ’Ότι
1744 497 1839 552 Ἐν

1948 501 2014 556 do
2048 502 2349 571 rejicimus.
2381 501 2577 555 At.illi
2605 508 2796 555 contra
2828 516 2888 557 se
2914 502 3096 571 potius
3126 519 3297 573 quam.
3325 515 3518 561 contra

249 589 417 660 ἀρχῇ
447 589 531 660 ἦν
572 593 608 643 ό
655 587 880 660 λόγος,
934 589 1033 643 καὶ
1080 591 1113 642 ό
1159 590 1351 659 Λόγος
1395 586 1477 657 ἦν
1526 590 1677 658 πρὸς
1729 590 1838 644 τὸν

253 680 447 748 Θεὸν,
495 680 594 735 καὶ
644 678 787 748 Θεὸς
824 679 903 752 ἦν
955 684 989 735 ό
1024 678 1251 751 Λόγος·
1292 681 1383 736 καὶ
1436 682 1521 734 ὅτι
1566 682 1619 734 Ὁ
1649 682 1840 752 Λόγος

250 770 415 840 σὰρξ
451 772 687 842 ἐγένετο
714 814 727 836 ,
768 774 864 828 καὶ
907 774 1378 841 κατεσκήνωσεν
1416 775 1486 827 ἐν
1509 770 1703 843 ’ἡμῖν’
1741 775 1840 828 καὶ

246 863 494 932 εἴδομεν
518 864 634 933 τὴν
668 864 855 929 δόξαν
886 865 1103 932 αὑτοῦ,
1133 865 1322 929 δόξαν
1349 867 1429 931 ὡς
1461 867 1840 936 Μονογενοῦς

248 952 417 1021 ἑαρά
439 941 688 1021 Πατρός,
723 956 960 1023 πλήρης
992 955 1232 1025 χάριτος
1264 956 1363 1009 καὶ
1389 957 1675 1024 ἀληθείας
1696 972 1710 986 ⁸
1745 957 1841 1010 καὶ

248 1042 456 1107 saeta);
479 1059 493 1074 ο
533 1043 589 1096 '0
635 1030 907 1113 Ἰωάννης
934 1045 1257 1115 μαρτυρεῖ,
1292 1047 1389 1100 καὶ
1429 1046 1701 1118 κέκραγε,
1735 1046 1839 1101 λέ-

251 1136 415 1207 κίων·
464 1130 554 1189 ὅτι
599 1132 787 1203 Οὗτός
834 1137 1039 1202 ἐστιν,
1093 1138 1165 1192 ὃν
1203 1135 1377 1193 εἷπον
1413 1138 1589 1209 ὑμῖν·
1625 1141 1718 1193 καὶ
1758 1142 1840 1194 ὃτι

256 1220 453 1292 esset;
495 1227 667 1281 ἐστιν
714 1231 747 1282 δ
788 1228 1002 1297 Ἀμνὸς
1030 1228 1137 1283 τοῦ
1187 1230 1334 1284 Θεοῦ
1361 1272 1377 1297 ,
1428 1234 1461 1284 δ
1497 1214 1679 1300 αιρων
1724 1230 1847 1299 τὴνδ’

248 1319 549 1393 ἁμαρτίαν
594 1317 701 1372 τοῦ
739 1319 992 1387 κόσμου.
1051 1316 1161 1371 ΚαῚ
1209 1318 1447 1389 καθεξῆς
1494 1332 1671 1390 φησι·
1727 1311 1841 1373 Kal

245 1405 430 1462 εἷπον
453 1408 612 1474 αὐτῷ
643 1411 698 1462 οἱ
723 1409 1136 1476 ἀκούσαντες·
1183 1400 1407 1475 Ῥαϐὄὶ,
1450 1409 1568 1463 ποῦ
1602 1409 1840 1479 μένεις;

251 1492 415 1568 ’Ἅμα
436 1498 494 1552 δὲ
520 1500 578 1551 ἐν
611 1498 821 1568 ταυτῷ·
869 1497 949 1569 Τῇ
979 1500 1287 1568 ἐπαύριον,
1321 1501 1506 1570 φησὶν,
1535 1500 1840 1569 ἠθέλησεν

244 1588 524 1654 ἐξελθεῖν
547 1592 635 1656 είς
666 1590 781 1659 τὴν·
807 1588 1162 1658 Γαλιλαίαν,
1195 1592 1290 1645 καὶ
1322 1593 1587 1661 εὑρίσκει
1620 1590 1831 1645 Φίλιπ-

247 1677 376 1733 πον
398 1717 414 1743 ,
447 1679 545 1733 καὶ
567 1679 729 1749 λέγει
760 1678 919 1745 αὐτῷ
946 1683 978 1734 ὁ
1020 1681 1260 1750 Ἰησοῦς
1290 1697 1306 1714 θ
1358 1683 1690 1739 Ἀκολούθει
1717 1688 1835 1754 μοι.

247 1766 367 1846 καὶ
398 1769 535 1841 μετά
564 1769 720 1823 τοῦτο
742 1769 907 1840 ὀλίγῳ
934 1770 1167 1841 πρόσθεν
1198 1772 1353 1842 φησί·
1380 1764 1488 1826 Καὶ
1511 1773 1661 1841 μετὰ
1683 1772 1839 1841 τρεῖς

1940 594 2222 648 veritatem
2259 592 2392 647 illud
2440 590 2706 656 all‘erunt,
2745 591 2977 649 Joannis
3030 594 3201 651 libros
3248 610 3372 651 cum
3411 612 3518 652 ca:-

1939 682 2178 740 t'erorum
2221 686 2593 755 apostolorum
2627 686 2853 756 scriptis
2905 687 3132 741 minime
3183 690 3531 748 consentire:

1939 776 2018 830 Ex
2049 788 2157 845 quo
2210 775 2470 846 deinceps
2521 785 2930 830 sacrosanctam
2988 793 3053 832 ac
3089 779 3330 832 divinam
3373 781 3521 835 illius

1939 868 2244 922 doctrinam
2287 867 2640 935 redarguunt.
2678 867 2816 933 Quid
2857 870 3026 936 enim,
3064 869 3340 939 inquiunt,
3380 873 3521 925 scri-

1942 960 2089 1029 psit?
2145 959 2209 1012 In
2250 960 2505 1026 principio
2533 969 2648 1013 erat
2693 960 2918 1015 Verbum
2948 1002 2962 1027 ,
3024 970 3073 1016 et
3135 963 3357 1017 Verbum
3403 974 3521 1017 erat

1940 1050 2079 1119 apud
2108 1048 2296 1116 Deum,
2339 1059 2391 1104 et
2416 1046 2557 1105 Deus
2590 1059 2704 1104 erat
2755 1051 3050 1119 Verbum';
3077 1053 3239 1108 item:
3279 1052 3348 1107 Et
3391 1053 3521 1108 Ver-

1940 1141 2063 1196 bum
2102 1157 2228 1196 caro
2278 1142 2479 1211 factum
2509 1150 2608 1201 est.
2635 1152 2685 1197 et
2714 1143 2972 1198 habitavit
3001 1145 3053 1198 in
3080 1145 3228 1199 nobis
3252 1161 3270 1209 ;
3299 1155 3347 1199 et
3388 1144 3522 1199 vidi-

1941 1240 2056 1287 mus
2080 1233 2307 1302 gloriam
2347 1235 2482 1303 ejus,
2513 1235 2740 1304 gloriam
2771 1238 2925 1305 quasi
2959 1234 3224 1308 Unigeniti
3267 1255 3299 1291 a
3331 1236 3514 1305 Patre,

1937 1327 2150 1395 plenam
2185 1317 2375 1394 gratice
2403 1335 2451 1379 et
2481 1326 2717 1380 veritatis
2750 1327 2807 1394 ⁸;
2839 1333 2893 1381 et
2923 1329 3139 1383 statim:
3166 1328 3401 1385 Joannes
3445 1341 3521 1386 te-

1939 1426 2134 1483 statur,
2166 1426 2215 1471 et
2255 1417 2452 1470 clamat
2474 1417 2688 1472 dicens:
2717 1420 2818 1472 Hie
2854 1428 2933 1472 est
2967 1430 3117 1488 quem
3145 1421 3257 1473 dixi
3282 1421 3423 1475 vobis
3452 1423 3473 1453 ⁸
3502 1440 3517 1489 ;

1938 1491 2104 1574 425
2117 1510 2207 1557 et:
2244 1501 2345 1556 llic
2373 1508 2455 1556 est
2478 1503 2663 1573 Agnus
2693 1502 2804 1567 Dei,
2838 1504 2928 1574 qui
2968 1502 3104 1556 tollit
3130 1514 3345 1573 peccata
3375 1519 3524 1557 mun-

1939 1596 1995 1647 di
2020 1588 2064 1649 τ.
2098 1593 2300 1648 Deinde
2353 1595 2433 1647 ita:
2480 1595 2708 1649 scribit:
2754 1592 2820 1646 Et
2870 1594 3117 1647 dixerunt
3150 1594 3231 1647 illi
3272 1595 3363 1664 qui
3420 1611 3519 1648 att-

1938 1688 2146 1742 dierant
2171 1700 2189 1739 .·
2225 1686 2414 1752 Rabbi,
2445 1689 2535 1740 ubi
2570 1687 2826 1741 manes“?
2862 1686 3057 1742 Postea
3098 1701 3256 1741 vero:
3296 1685 3523 1739 Postera

1940 1780 2065 1843 die,
2110 1779 2328 1849 inquit,
2361 1781 2524 1832 voluit
2569 1779 2714 1832 abire
2754 1780 2808 1831 in
2858 1776 3137 1832 Galilwant
3171 1817 3185 1840 ,
3231 1786 3280 1830 et
3327 1777 3523 1830 invenit

246 1859 481 1930 ἡμέρας
531 1858 719 1931 γάμος
743 1861 978 1931 ἐγένετο
1016 1863 1087 1916 ἐν
1123 1859 1292 1931 Κανᾷ
1320 1863 1428 1933 τῆς
1460 1854 1794 1933 Γαλιλαίας
1820 1882 1833 1895 ’

1948 1866 2287 1940 Philippum,
2342 1880 2393 1925 et
2422 1871 2551 1924 dicit
2594 1871 2647 1924 ei
2676 1868 2866 1924 Jesus:
2897 1869 3122 1938 Sequere
3162 1885 3242 1922 me
3274 1870 3317 1923 ⁷.
3353 1867 3523 1922 Paulo
3615 1923 3619 1928 ,

246 1954 353 2006 aiat
386 1953 613 2021 tamen
646 1956 678 2007 ό
738 1952 979 2021 Ἰησοῦς
1016 1955 1115 2009 καὶ
1153 1959 1204 2009 οἱ
1247 1956 1508 2026 μαθηταὶ
1541 1958 1726 2012 αὐτοῦ
1753 1961 1838 2024 είς

246 2045 363 2098 ἑὸν
387 2041 597 2114 γάμον,
624 2046 725 2100 καὶ
758 2042 837 2118 ἦν
864 2047 993 2101 ἐκεῖ
1017 2049 1054 2118 ἠ
1084 2047 1282 2117 μήτηρ
1313 2047 1524 2103 αὐτοῦ.

326 2236 391 2297 Ol
419 2232 475 2296 δὲ
501 2230 647 2299 Ξλλοι
686 2244 1069 2313 εὐαγγελισταὶ
1101 2235 1212 2318 (l6)
1260 2247 1560 2317 φάσκουσιν
1592 2246 1755 2301 αὐτὸν
1782 2246 1848 2299 ἐν

243 2336 318 2408 τῇ
351 2330 540 2406 ἐρήμῳ
570 2334 928 2404 πεποιηκέναι
960 2336 1369 2407 τεσσαράκοντα
1397 2335 1630 2408 ἡμέρας,
1658 2351 1844 2406 πειρα-

246 2426 481 2497 ζόμενον
515 2426 620 2478 ὑπὸ
666 2424 760 2479 τοῦ
807 2424 1078 2491 διαϐόλου,
1108 2427 1204 2480 καὶ
1244 2426 1366 2480 τότε
1401 2428 1838 2500 ὑποστρέψαντα,

245 2518 350 2572 κά).
384 2515 767 2588 παραλαϐόντα
796 2517 921 2581 τοὺς
950 2517 1218 2589 μαθητάς.
1249 2514 1358 2572 Καὶ
1403 2520 1502 2572 οὐκ
1546 2520 1749 2573 οἴδασιν
1789 2522 1840 2575 οἱ

246 2606 780 2681 ἀπαρακολούθητοι,
808 2608 887 2662 ὃτι
918 2599 1131 2680 ἑκάστῳ
1157 2609 1512 2681 εὐαγγελιστῇ
1542 2611 1842 2683 μεμελέτη-

244 2704 345 2753 ται
379 2697 680 2769 συμφώνως
713 2698 811 2769 μὲν
836 2701 951 2762 τοῖς
983 2698 1188 2769 ἑτέροις
1211 2699 1441 2770 λαλῆσαι
1474 2700 1543 2753 τὰ
1577 2701 1669 2753 ὑπ’
1695 2700 1839 2754 ἐκεί-

247 2791 363 2845 νων
391 2789 687 2861 εἰρημένα·
722 2790 857 2843 ἀλλά
894 2790 960 2861 δὴ
991 2790 1059 2843 τὰ
1090 2791 1181 2843 ὑπ’
1217 2791 1441 2844 ἐκείνων
1473 2791 1706 2862 ρηθέντα
1737 2810 1843 2845 πα-

250 2880 610 2955 ραλειφθέπὰ
643 2880 815 2944 οὕτως
838 2880 1207 2951 ἀποκαλύψαι.
1236 2882 1309 2935 Ub
1337 2882 1446 2954 γὰρ
1475 2877 1541 2953 ἦν
1573 2883 1754 2937 αὐτῶν
1782 2882 1842 2935 τὸ

287 2974 487 3047 έλημα,
514 2974 651 3028 ἀλλά
690 2972 754 3027 έκ
787 2973 1101 3043 Πνεύματος
1137 2974 1295 3043 ἁγίου
1332 2977 1364 3046 ή
1398 2974 1718 3028 διδασκαλία
1749 2977 1842 3028 καὶ

245 3066 284 3141 ἡ
335 3066 640 3122 ἀκολουθία.
685 3066 748 3121 Εἰ
793 3069 901 3140 γὰρ
944 3067 1134 3121 τούτου
1167 3066 1445 3137 βούλονται
1478 3065 1843 3136 ἐπιλαμϐάνε-

252 3158 404 3241 σθαι,
434 3154 776 3230 μαθέτωσαν,
813 3162 893 3213 ὅτι
935 3161 984 3212 oi
1026 3158 1175 3213 ἄλλοι
1223 3159 1371 3227 τρεῖς
1406 3158 1506 3210 οὐκ
1548 3157 1643 3210 ἀπ’
1673 3156 1842 3227 αὐτῆς
1870 3200 1912 3256 C

248 3251 550 3323 ἐνήρξάντο
579 3252 678 3323 τῆς
706 3250 1043 3314 ἀκολουθίας.
1068 3248 1343 3312 Μὰτθαῖος
1370 3249 1479 3321 γὰρ
1507 3248 1720 3319 πρῶτος
1746 3248 1842 3319 ἄρ·

246 3342 407 3416 χεται
453 3340 917 3411 εὐαγγελίζεσθαι.
951 3341 1140 3412 Τούτῳ
1181 3340 1290 3412 γὰρ
1318 3336 1388 3412 ἦν
1421 3340 1844 3411 ἐπιτεταγμένον

248 3435 317 3488 τὸ
367 3418 690 3502 Εὗάγγέλιον
740 3431 974 3503 κηρύξαι
1028 3431 1125 3485 ἀπ’
1151 3432 1344 3502 ἀρχῆς,
1379 3431 1453 3493 ὡς
1493 3431 1589 3484 καὶ
1630 3432 1686 3484 ἐν
1711 3428 1842 3501 ἄλλῃ

249 3524 464 3596 αἱρέσει
493 3524 620 3597 περὶ
652 3523 841 3577 τούτου
866 3523 952 3577 διὰ
980 3522 1215 3591 πλάτους
1245 3522 1546 3594 εἰρήκαμεν
1566 3540 1578 3552 ·
1613 3521 1764 3576 οὐδὲν
1789 3522 1845 3575 δὲ

249 3614 405 3688 ἡμᾶς
436 3615 668 3687 λυπήσει
701 3606 796 3669 καὶ
828 3610 983 3678 αὖθις
1012 3615 1141 3685 περὶ
1169 3613 1276 3667 τῶν
1323 3614 1501 3667 αὐτῶν
1547 3614 1846 3686 διαλαμϐά-

250 3722 392 3773 νειν,
427 3710 505 3772 εἰς
553 3706 898 3778 παράστασιν
946 3707 1046 3776 τῆς
1079 3705 1336 3777 ἀληθείας
1370 3705 1464 3761 καὶ
1495 3705 1715 3778 ἔλεγχον
1737 3707 1846 3760 τῶν

252 3800 712 3871 πεπλανημένων.

333 3972 407 4031 Ε¹.
450 3971 619 4041 Οὗτος
648 3976 824 4030 τοίνυν
856 3977 883 4030 ὁ
910 3976 1188 4040 Ματθαῖος
1214 3973 1564 4040 καταξιοῠται
1588 3975 1647 4028 τὸ
1670 3976 1846 4051 Εὐαγ-

252 4069 460 4140 γέλιον,
488 4069 564 4133 ὡς
614 4068 783 4140 ἔφην’
820 4068 912 4121 καὶ
956 4068 1272 4121 δικαιότατα
1322 4062 1566 4137 ἦν.’Έδει
1617 4065 1725 4135 γὰρ
1756 4066 1846 4120 τὸν

253 4161 372 4217 ἀπὸ
417 4160 626 4213 πολλῶν
674 4159 785 4231 (17)
831 4159 1240 4231 ἁμαρτημάτων
1296 4158 1718 4229 ἐπιστρέψαντα,
1753 4160 1846 4210 καὶ

252 4254 371 4309 ἀπὸ
401 4253 493 4307 τοῦ
512 4251 793 4305 τελωνείου
822 4251 1128 4304 ἀναστάντα
1253 4248 1458 4302 ἐλθόντι
1485 4248 1578 4300 ἐπὶ
1605 4247 1847 4318 σωτηρίᾳ

250 4345 341 4417 τῷ
369 4345 516 4414 γένει
562 4344 670 4399 τῶν
714 4342 1039 4415 ἀνθρώπων,
1072 4342 1166 4395 καὶ
1220 4340 1463 4409 λέγοντι·
1496 4342 1617 4394 Οὐκ
1659 4336 1848 4409 ἦλθον

252 4437 519 4493 καλέσαι
553 4437 845 4501 δικαίους,
888 4434 1048 4490 ἀλλὰ
1101 4432 1489 4504 ἁμαρτωλοὺς
1535 4435 1619 4498 είς
1666 4431 1847 4501 μετά-

251 4536 455 4593 νοιαν,
491 4531 569 4592 είς
602 4528 906 4597 ὑπόδειγμα
931 4528 1061 4597 ἡμῖν
1088 4525 1197 4577 τῶν
1228 4525 1529 4596 μελλόντων
1554 4523 1843 4589 σώζεσθαι,
1879 4561 1924 4618 D

257 4620 375 4691 ’τῷ
406 4623 462 4674 ἐν
490 4620 567 4691 τῷ
599 4619 866 4689 τελωνείῳ
901 4617 1211 4690 ἀναχθέντι,
1232 4618 1326 4671 καὶ
1346 4617 1453 4671 ἀπὸ
1482 4617 1692 4680 ἀδικίας
1715 4616 1845 4668 ἀνα-

254 4714 553 4786 στρέψαντι
586 4710 967 4785 παρασχέσθαι
1002 4713 1062 4764 τὸ
1106 4711 1369 4782 κήρυγμα
1394 4711 1494 4781 τῆς
1534 4709 1807 4781 σωτηρίας
1834 4727 1847 4739 ο

252 4796 353 4862 ilva.
379 4807 473 4860 ἀπ’
503 4804 666 4859 αὐτοῦ
714 4802 956 4874 μάθωσιν
984 4806 1033 4858 οἱ
1068 4802 1344 4874 ἄνθρωποι
1382 4802 1479 4874 τὴν
1518 4803 1616 4873 τῆς
1651 4817 1855 4872 παρου-

254 4900 383 4964 σίας
416 4896 843 4969 φιλανθρωπίαν.
874 4895 1027 4949 Μετά
1059 4895 1165 4966 γὰρ
1193 4894 1292 4965 τὴν
1325 4890 1517 4963 ἄφεσιν
1541 4893 1650 4946 τῶν
1673 4894 1855 4964 ἀμαρ-

249 4990 394 5047 τιῶν
441 4986 750 5061 ἐδωρήσατο
796 4987 944 5056 αὐτῷ
993 4987 1088 5040 καὶ
1141 4987 1434 5040 ἀνάστασιν
1480 4985 1712 5057 νεκρῶν,
1756 4985 1849 5039 καὶ

250 5077 531 5153 κάθαρσιν
559 5079 787 5151 λέπρας,
821 5080 915 5131 καὶ
945 5075 1190 5147 ἰαμάτων
1217 5068 1493 5147 δυνάμεις,
1523 5078 1615 5130 καὶ
1647 5077 1849 5129 ἀπέλα-

253 5190 350 5227 σιν
395 5170 697 5242 δαιμόνων·
738 5169 826 5223 ἵνα
875 5169 948 5241 μὴ
998 5168 1156 5240 μόνον
1197 5167 1306 5221 ἀπὸ
1349 5166 1443 5220 τοῦ
1495 5167 1655 5236 λόγου
1686 5168 1853 5240 πείσῃ

250 5265 391 5327 τοὺς
420 5260 738 5327 ἀκούοντας,
766 5258 903 5316 ἀλλά
929 5261 1023 5314 καὶ
1048 5260 1143 5313 ἀπ’
1170 5257 1336 5314 αὐτοῦ
1370 5260 1463 5313 τοῦ
1495 5259 1657 5331 ἔργου
1680 5260 1852 5333 κηρύ-

348 5419 361 5449 ¹
401 5419 708 5486 Corruptus
732 5416 820 5486 hic
847 5416 1025 5472 locus.
1101 5417 1123 5448 ¹
1155 5416 1315 5470 Joan.
1348 5430 1389 5482 ι,
1422 5416 1475 5471 ί.
1552 5416 1574 5449 ³
1608 5415 1743 5471 ibid.
1804 5414 1894 5471 M.

255 5489 283 5525 ⁸
310 5487 471 5543 Joan.
505 5504 563 5552 ιι,
586 5485 651 5541 ίΙ.
724 5488 744 5519 ’
774 5485 967 5541 Matth.
997 5502 1077 5553 Ix,
1106 5486 1191 5541 15.

343 5602 458 5676 (16)
496 5606 561 5658 Ol
597 5601 666 5656 δὲ
702 5602 880 5657 ἄλλοι
924 5602 1366 5676 εὐαγξγξελισταίι
1434 5600 1571 5658 Vide
1616 5602 1845 5674 August.

263 5678 313 5733 ι.
349 5673 386 5728 ιι
425 5673 500 5727 De
545 5689 690 5727 cons.
726 5689 932 5736 erang.,
969 5689 1021 5727 c.
1055 5673 1145 5727 16.

349 5691 386 5728 tt
425 5689 500 5727 ue
545 5689 690 5727 cons.
726 5689 853 5726 eran
895 5712 932 5736 .,
969 5689 1021 5727 c.
1055 5689 1145 5727 to.

347 5745 459 5812 (l7)
502 5743 660 5797 Ἔδει
683 5742 791 5811 γὰρ
819 5689 927 5795 tgt-
962 5742 1079 5797 ἀπὸ
1113 5739 1381 5812 πολλῶν.
1417 5740 1596 5796 Malim
1626 5743 1701 5811 τῷ
1728 5742 1844 5794 ἐπι-

271 5811 609 5884 στρέψαντι,
658 5822 710 5870 ct
767 5812 1079 5870 ἀναστάντι.
1130 5811 1384 5869 Vicissim
1436 5829 1590 5877 vero,
1637 5813 1725 5865 τὸν
1760 5812 1843 5864 έλ-

1942 1973 2065 2035 post
2094 1980 2222 2020 vero
2264 1962 2339 2017 ita
2376 1963 2760 2033 prosequitur:
2806 1962 2874 2015 Et
2915 1971 3032 2027 post
3065 1961 3301 2014 triduum
3325 1958 3522 2028 nuptia:

1941 2056 2099 2126 facta
2149 2062 2269 2109 sunt
2296 2056 2350 2108 in
2392 2053 2544 2109 Cana
2583 2053 2861 2116 Galiltew;
2889 2062 2938 2107 et
2967 2063 3179 2107 vocatus
3205 2059 3285 2105 est
3325 2050 3484 2104 Iesus
3504 2089 3525 2116 ,

1940 2159 1988 2201 et
2024 2147 2273 2212 discipuli
2300 2145 2416 2215 ejus
2447 2140 2519 2198 ad
2546 2146 2779 2213 nuptias,
2803 2153 2851 2199 et
2895 2152 3009 2198 erat
3043 2144 3117 2197 ibi
3138 2153 3307 2196 mater
3344 2141 3517 2211 ejusP.

2011 2239 2367 2309 Evangelistze
2399 2251 2526 2291 vero
2555 2237 2737 2291 caeteri
2771 2243 2993 2289 narrant
3023 2252 3089 2289 ιιι,
3119 2236 3238 2290 dies
3274 2234 3426 2288 illum
3463 2234 3526 2288 in

1942 2328 2161 2385 deserto
2192 2329 2481 2392 mansisse,
2507 2334 2561 2382 et
2592 2342 2623 2382 a
2656 2326 2874 2382 diabolo
2907 2327 3077 2382 fuisse
3113 2332 3421 2388 tentatum;
3458 2338 3525 2380 ac

1942 2426 2056 2476 tum
2083 2420 2303 2476 domum
2336 2419 2669 2475 redeuntem
2700 2417 3094 2487 discipulorum
3129 2418 3390 2473 habuisse
3424 2416 3527 2472 de—

1944 2513 2163 2567 lectum.
2198 2506 2307 2566 Nec
2336 2511 2494 2574 illud,
2521 2520 2641 2580 quae
2670 2524 2858 2565 eorum
2892 2511 3110 2566 inscitia
3137 2516 3241 2575 est,
3274 2509 3523 2564 animad-

1944 2608 2162 2659 vertunt
2188 2618 2200 2655 :
2236 2601 2290 2656 id
2317 2602 2776 2671 evangelistarum
2807 2616 3254 2673 unumquemque
3288 2601 3538 2656 studuis.

1944 2712 2023 2762 se,
2056 2701 2136 2760 ut,
2173 2711 2294 2765 quae
2320 2695 2388 2748 ab
2415 2693 2536 2748 aliis
2562 2700 2746 2747 essent
2775 2693 2988 2764 prodita
3011 2733 3026 2758 ,
3061 2709 3124 2749 ea
3154 2702 3526 2749 consentanee

1943 2807 2067 2845 cum
2097 2790 2204 2845 illis
2232 2792 2528 2858 exponeret
2565 2806 2578 2841 :
2607 2786 2824 2841 interim
2859 2793 3039 2841 tamen
3072 2788 3333 2841 nonnulla
3356 2829 3370 2854 ,
3405 2804 3527 2859 (ωειλ

1945 2878 2013 2935 ab
2054 2879 2247 2933 iisdem
2292 2884 2478 2934 essent
2517 2876 2920 2946 praetermissa,
2967 2887 3311 2931 memoraret.
3344 2878 3533 2948 Neque

1943 2971 2087 3025 cnim
2114 2968 2166 3023 id
2190 2969 2243 3021 in
2267 2981 2455 3023 eorum
2479 2969 2759 3021 voluntate
2782 2967 2946 3021 situm
2973 2965 3075 3020 fuit
3100 2985 3114 3034 ;
3144 2969 3238 3022 sed
3261 2986 3291 3022 a
3319 2970 3525 3040 Spiritu

1945 3069 2134 3117 sancto
2179 3061 2358 3116 omnis
2400 3060 2617 3114 illorum
2658 3059 2927 3124 doctrina,
2964 3059 3351 3129 scribendique
3392 3060 3530 3114 ordo

1944 3154 2222 3221 profectus
2262 3158 2369 3205 est.
2412 3148 2548 3203 Nam
2599 3149 2644 3203 si
2686 3148 3193 3219 reprehendendum
3243 3147 3376 3201 illud
3413 3150 3532 3203 exi-

1947 3245 2192 3307 stiinant,
2222 3242 2530 3312 intelligant
2565 3248 2677 3296 tres
2725 3242 2865 3296 alios
2908 3240 3274 3309 evangelistas
3313 3255 3421 3293 non
3459 3241 3535 3295 ab

1945 3335 2063 3406 ipso
2109 3340 2290 3389 rerum
2337 3340 2612 3404 gestarum
2661 3334 2818 3387 initio
2850 3332 3186 3386 narrationis
3220 3348 3335 3387 suae
3379 3348 3528 3388 sum-

1945 3430 2121 3500 psisse
2149 3427 2470 3498 primordia.
2519 3424 2806 3482 Matthqu
2852 3428 2997 3482 enim
3044 3429 3253 3496 primus
3287 3425 3534 3497 Evange-

1946 3521 2077 3574 lium
2107 3519 2350 3573 scribere
2375 3534 2669 3589 aggressus
2698 3527 2802 3572 est.
2830 3519 2931 3573 Cui
2963 3518 3180 3588 quidem
3215 3519 3370 3573 initio
3402 3534 3535 3588 prac-

1942 3610 2162 3665 dlcandi
2209 3608 2485 3679 Evangelii
2540 3627 2739 3665 munus
2779 3619 2862 3665 est
2893 3612 3270 3665 commissum.
3314 3608 3390 3664 De
3423 3627 3531 3680 qua

1945 3717 2005 3756 re
2050 3702 2104 3754 in
2150 3700 2256 3753 alia
2305 3700 2501 3755 bazresi
2548 3701 2771 3770 copiose
2821 3701 3257 3770 disputavimus,
3294 3711 3347 3755 et
3386 3718 3533 3756 nunc

1945 3792 2136 3848 eadem
2167 3791 2268 3846 hoc
2289 3792 2410 3845 loco
2444 3800 2689 3862 repetere
2711 3809 2834 3846 cum
2852 3792 2920 3846 ad
2942 3793 3188 3847 veritatis
3208 3791 3388 3859 ﬁdem,
3418 3802 3531 3847 tum

1946 3884 2014 3939 ad
2045 3884 2264 3937 illorum
2297 3885 2704 3939 convincendos
2746 3899 2962 3939 errores
3015 3884 3240 3937 minime
3280 3884 3503 3953 pigebit.

2018 3975 2083 4029 V.
2122 3974 2409 4031 Mattbaaus
2457 3976 2625 4044 igitur
2671 3977 2880 4046 primus
2926 3974 3202 4045 Evangelii
3249 3975 3526 4030 scribendi

1947 4068 2283 4140 provinciam
2334 4073 2527 4122 nactus
2556 4074 2660 4131 est,
2695 4074 2753 4119 ut
2800 4066 3077 4130 diximus,
3112 4067 3275 4137 iique
3325 4068 3374 4122 ei
3408 4069 3536 4137 jure

1949 4160 2143 4214 merito
2192 4158 2442 4227 contigit.
2495 4156 2797 4227 Oportebat
2829 4158 2975 4210 enim
3020 4173 3144 4212 eum
3191 4159 3401 4227 ipsum,
3437 4161 3533 4228 qui

1949 4252 2016 4307 ad
2054 4251 2450 4307 conciliandam
2483 4252 2726 4305 humano
2770 4252 2955 4322 generi
3006 4253 3237 4306 salutem
3292 4251 3531 4306 advene-

1949 4352 2056 4411 rat,
2083 4344 2283 4414 quique
2314 4345 2387 4397 ila
2419 4343 2627 4397 dixerat
2655 4363 2666 4397 :
2700 4343 2824 4398 Non
2863 4346 2975 4397 veni
3008 4361 3191 4397 vocare
3209 4343 3409 4412 justas,
3440 4344 3537 4398 seti

1950 4444 2245 4505 peccatores
2275 4433 2342 4485 ad
2367 4434 2728 4502 paenitentiam
2754 4435 2809 4501 9;
2837 4434 2903 4487 ad
2931 4449 3121 4487 eorum
3151 4434 3241 4503 qui
3276 4433 3537 4487 servandi

1949 4538 2106 4584 erant
2130 4529 2461 4597 exemplum.
2484 4529 2534 4584 ei
2559 4529 2764 4583 homini
2793 4529 3137 4600 potissimum
3174 4528 3536 4599 praedicanda:

1950 4622 2144 4677 salutis
2179 4638 2378 4677 munus
2412 4624 2715 4692 injungere,
2749 4623 2841 4692 qui
2865 4623 2933 4677 ab
2963 4623 3267 4677 innumeris
3295 4623 3539 4692 peccatis

1951 4728 2278 4776 conversus,
2319 4721 2372 4768 ct
2411 4728 2441 4767 a
2473 4714 2675 4767 telouio
2709 4713 3006 4769 suscitatus
3041 4712 3242 4776 fuerat,
3285 4712 3348 4766 ac
3380 4729 3440 4769 se
3466 4712 3533 4766 ah

1951 4804 2099 4857 omni
2152 4805 2358 4859 scelere
2415 4812 2470 4858 ct
2524 4804 2793 4873 injustitia
2835 4812 3158 4867 revocarat,
3205 4811 3264 4857 ut
3317 4804 3385 4858 ab
3439 4804 3537 4857 illo

1953 4906 2158 4967 quanta
2189 4895 2292 4950 sibi
2318 4903 2462 4950 esset
2488 4897 2721 4951 adventu
2756 4897 2960 4951 Christi
2990 4897 3302 4950 humanitas
3336 4897 3533 4951 collata

1956 4986 2214 5039 mortales
2250 4985 2542 5040 discerent.
2584 4984 2795 5056 Quippe
2842 4996 2965 5055 post
3013 4997 3357 5055 peccatorum
3405 5001 3537 5039 con-

1957 5076 2308 5132 donationem
2330 5115 2344 5139 ,
2377 5076 2479 5131 hoc
2515 5075 2690 5130 cidem
2724 5077 3016 5142 concessit,
3056 5084 3114 5131 ut
3161 5084 3408 5131 mortuos
3438 5091 3534 5130 ex-

1955 5169 2126 5224 citare
2156 5175 2340 5239 posset
2368 5168 2437 5223 ad
2482 5169 2671 5233 vitam,
2716 5184 3011 5240 repurgare
3057 5169 3280 5238 Iepram,
3311 5181 3365 5221 ct
3392 5183 3536 5222 mor-

1955 5258 2056 5317 bos
2087 5262 2375 5332 depellere,
2406 5261 2790 5332 dzemonesque
2815 5262 3173 5333 propulsare:
3203 5276 3272 5315 ne
3304 5258 3541 5313 dicendo

1974 5416 2154 5473 ‘ibid.
2192 5417 2280 5472 15.
2360 5418 2383 5449 ⁸
2429 5418 2564 5474 ibid.
2624 5418 2719 5474 29.
2794 5419 2814 5451 ⁸
2857 5416 2990 5473 ibid.
3034 5418 3123 5473 '58.
3198 5415 3382 5472 'ibid.
3440 5415 3543 5471 45.

1961 5603 2122 5677 gem
2148 5647 2161 5669 ,
2196 5616 2323 5677 etc.
2363 5603 2430 5660 Ut
2477 5604 2639 5661 dandi
2678 5620 2842 5661 casus
2886 5605 3186 5677 Apostolo,
3238 5600 3541 5677 accusandi

1957 5674 2180 5755 Christo
2240 5676 2566 5733 tribuatur:
2619 5678 2764 5748 quod
2818 5674 3380 5746 nos'interpretando
3437 5685 3536 5729 se-

1957 5760 2196 5814 qunnur.
