3958 6420
279 346 375 406 911

986 339 1359 399 ΜΠΕΒΞᾘΞ
1397 339 1741 401 ῙΙᾸΞΒΕΞΕΞ
1780 343 1862 402 Lll

1964 343 2014 402 ll.
2044 342 2208 404 TOM.
2249 347 2291 406 Ι.
2317 380 2385 390 -
2424 349 2697 408 HASRES.
2739 350 2826 408 LI.

3445 352 3551 408 902

270 466 373 522 τοῦ
400 460 780 520 Ματθαίου.⁹0
827 460 925 531 μὲν
971 459 1082 530 γὰρ
1121 461 1400 525 Ματθαῖος
1447 462 1686 533 ἐσήμανε
1714 479 1862 533 τρια-

1966 466 2202 530 chorios,
2219 476 2268 521 et
2282 482 2421 521 uxor
2446 467 2559 535 ejus
2586 468 2651 521 de
2666 467 2881 536 ﬁliabus
2908 467 3113 533 Aaron,
3133 468 3551 526 nomineElisa-

272 555 543 625 κονταετῆ
577 550 765 624 χρόνον
795 550 894 603 ἀπ’
918 551 1125 622 ἀρχῆς’
1177 552 1206 603 ὁ
1256 551 1312 604 δὲ
1346 552 1571 624 Μάρκος
1616 553 1685 606 τὰ
1728 554 1867 624 μετὰ

277 650 574 719 τριάκοντα
608 645 830 698 ἔταττεν
862 643 979 714 ἔτη,
1003 644 1101 713 τὴν
1131 646 1189 696 ἐν
1212 643 1291 715 τῷ
1311 643 1549 717 Ἰορδάνῃ
1571 646 1870 719 γενομένην

279 716 342 796 ἐν
368 737 596 808 ἀληθείᾳ
624 734 1031 806 πραγματείαν.
1066 736 1226 805 ὅμοια
1259 736 1337 807 τῷ
1369 716 1636 809 Ματθαίῳ
1668 716 1764 794 καὶ
1790 716 1870 811 τῷ

278 831 499 900 Λουκᾷ’
534 831 563 883 δ
608 828 666 881 δὲ
711 827 987 891 Ματθαῖος
1024 826 1133 881 ἀπὸ
1182 830 1634 898 τριακονταέτους
1673 831 1868 902 χρόνου

284 921 391 991 πρὸ
418 921 514 989 τῆς
537 923 595 972 ἐν
620 916 957 990 τῷΊορδάνῃ
976 918 1071 971 καὶ
1085 918 1182 971 τοῦ
1206 918 1581 991 βαπτίσματος
1608 939 1870 994 πραγμα-

278 1015 434 1075 τείας
465 1012 527 1065 τὸ
565 1011 813 1081 διήγημα
851 1011 1118 1063 ἐποιεῖτο·
1156 1011 1371 1075 Λουκᾶς
1405 1011 1462 1065 δὲ
1483 1014 1589 1084 πρὸ
1613 1013 1707 1067 τοῦ
1738 1015 1869 1086 χρό.

278 1124 375 1159 νου
412 1104 507 1157 τοῦ
547 1103 916 1174 συλληφθῆναι
959 1101 1052 1154 τὸν
1082 1100 1318 1174 Σωτῆρα
1347 1106 1405 1158 ἐν
1439 1107 1641 1178 γαστρὶ
1669 1108 1777 1161 ἀπὸ
1810 1109 1870 1175 ἒξ

282 1201 471 1274 μηνῶν
513 1200 608 1253 τὸν
654 1199 847 1271 χρόνον
892 1196 1105 1269 ἐδήλου,
1136 1197 1233 1251 καὶ
1270 1199 1428 1253 ἐννέα
1471 1201 1656 1271 μηνῶν
1684 1204 1864 1271 πάλιν,

277 1294 376 1346 καὶ
404 1293 599 1361 ὀλίγων
628 1289 849 1362 ἡμερῶν
897 1289 997 1360 τῆς
1043 1289 1359 1360 συλλήψεως
1390 1292 1484 1344 τοῦ
1516 1294 1721 1364 Κυρίου
1743 1311 1757 1325 ·
1790 1296 1867 1360 ὼς

275 1379 421 1438 εἶναι
471 1384 563 1436 τὸν
608 1383 785 1435 πάντα
811 1381 1001 1453 χρόνον
1034 1380 1145 1452 (25)
1194 1382 1488 1452 τριάκοντα
1514 1383 1570 1437 ἓν
1597 1385 1736 1450 ἔτος,
1770 1389 1866 1440 καὶ

279 1478 561 1534 ἐπέκεινα.
585 1479 860 1547 Διηγείται
889 1474 945 1527 δὲ
976 1474 1071 1528 καὶ
1099 1474 1198 1544 τὴν
1220 1474 1331 1529 τῶν
1356 1479 1630 1547 ποιμένων
1653 1479 1739 1533 διὰ
1757 1480 1866 1535 τῶν

276 1566 792 1638 εὐαγγελισαμένων
824 1566 1071 1636 ἀγγέλων
1096 1564 1380 1619 θεοπτίαν·
1414 1568 1510 1621 καὶ
1539 1566 1616 1633 ὧς
1648 1570 1869 1643 ἐγεννή-

276 1657 348 1728 θη
379 1657 739 1729 ἐνΒηθλεὲμ,
772 1658 867 1711 καὶ
892 1656 1292 1728 ἐσπαργανώθη
1338 1660 1399 1711 ἐν
1446 1660 1645 1733 φάτνῃ,
1672 1663 1772 1715 καὶ
1796 1665 1863 1734 τῇ

274 1750 440 1823 ὀγδόῃ
468 1749 834 1823 περιετμήθη,
864 1750 959 1802 καὶ
997 1750 1055 1802 ἐν
1090 1749 1501 1821 τεσσαράκοντα
1533 1752 1768 1823 ἡμέραις
1796 1753 1867 1806 τὰ

1971 556 2109 611 beth.
2128 557 2308 614 Altius
2337 574 2466 629 ergo
2493 574 2657 628 quam
2692 557 2977 616 Mattheus
2998 575 3231 617 exorsus
3264 572 3369 617 est.
3411 562 3551 620 Mat-

1970 650 2146 705 thteus
2165 650 2308 705 enim
2337 651 2680 705 tricesimum
2702 653 2883 709 aetatis
2905 668 3109 708 annuat
3137 655 3299 709 initio
3311 654 3554 710 declara-

1960 742 2064 796 vit.
2074 741 2290 799 Marcus
2307 760 2434 799 vero
2446 759 2569 814 quae
2580 754 2702 814 post
2719 746 3231 819 trieesimumgesta
3246 757 3375 803 sunt
3392 765 3454 803 ex
3465 763 3553 818 po-

1966 837 2111 891 suit:
2132 844 2186 890 et
2214 833 2483 907 iniisquaa
2496 837 2564 891 ad
2588 836 2881 891 Jordanem
2915 841 3261 909 contigerunt
3289 855 3553 895 enarran-

1950 929 2053 984 -dis
2078 927 2333 982 Mattbteo
2357 927 2605 983 ac‘Lucte
2621 943 3016 985 consentaneus
3036 930 3551 1000 est.SedMattha*us

1969 1018 2039 1072 ab
2068 1032 2213 1073 anno
2248 1020 2368 1088 ipso
2411 1019 2707 1083 tricesimo,
2754 1028 2883 1074 ante
2926 1020 3073 1074 illam
3119 1035 3336 1076 omnem
3372 1023 3554 1092 bapti-

1968 1109 2094 1175 smi,
2124 1124 2188 1164 ac
2219 1125 2404 1164 rerum
2452 1108 2522 1163 ad
2565 1107 2860 1164 Jordanem
2900 1120 3180 1181 gestarum
3234 1113 3543 1179 historiam,

1964 1197 2339 1251 narrationem
2379 1198 2677 1254 inchoavit.
2716 1197 2894 1254 Lucas
2935 1216 3099 1269 porro
3136 1216 3166 1253 a
3210 1209 3365 1256 sexto
3390 1218 3545 1258 men-

1966 1303 2047 1351 se,
2091 1296 2217 1343 ante
2262 1288 2561 1344 Salvatoris
2604 1289 2658 1343 in
2703 1298 2859 1344 utero
2885 1293 3310 1360 generationem,
3344 1293 3549 1362 princi-

1966 1380 2115 1450 pium
2141 1379 2365 1434 dedtixit
2390 1397 2404 1433 :
2428 1381 2630 1450 quibus
2658 1397 2848 1434 novem
2888 1382 3084 1437 deinde
3115 1399 3329 1439 menses
3374 1385 3546 1449 addit,

1966 1487 2075 1526 una
2101 1488 2226 1527 cum
2260 1474 2450 1542 paucis
2479 1474 2681 1544 quibus
2703 1475 2921 1544 genitus
2950 1482 3035 1529 est
3059 1477 3272 1539 diebus,
3298 1484 3355 1530 ut
3382 1494 3548 1548 supra

1967 1567 2130 1621 unius
2162 1582 2224 1620 ac
2253 1568 2475 1637 triginta
2507 1582 2776 1622 annorum
2806 1568 3042 1638 spatium
3070 1568 3379 1637 colligatur.
3407 1568 3547 1622 Nar-

1966 1663 2050 1706 rat
2078 1661 2336 1721 praeterea
2376 1656 2839 1723 quemadmodum
2873 1664 3123 1726 pastores
3155 1657 3224 1711 ab
3262 1657 3549 1711 internun-

1966 1742 2058 1797 tiis
2101 1745 2308 1813 angelis
2348 1746 2610 1800 admoniti
2646 1747 2814 1802 Deum
2848 1749 3270 1818 conspexerint;
3304 1757 3471 1819 utque
3501 1751 3551 1805 is

275 1842 423 1896 κατὰ
466 1843 556 1895 τὸν
604 1842 768 1913 νόμον
818 1842 1124 1914 προσφόρια
1155 1842 1296 1914 ὺπέρ
1338 1842 1503 1895 αὐτοῦ
1537 1844 1823 1899 ἐπετέλουν
1846 1863 1860 1877 ο

1970 1834 2305 1891 Bethlehemi
2340 1838 2394 1891 in
2426 1838 2603 1893 lucem
2636 1840 2838 1905 editus,
2867 1854 2931 1893 ac
2958 1841 3155 1909 pannis
3189 1842 3470 1898 involutus
3493 1842 3545 1895 in

273 1936 375 1989 καὶ
419 1935 496 1998 ὡς
559 1937 587 1989 ό
635 1934 859 2005 Συμεὼν
905 1936 964 1987 ἐν
1003 1934 1275 2003 ἀγκάλαις
1321 1935 1571 2005 ἐδέχετο·
1632 1936 1727 1989 καὶ
1790 1935 1868 2000 ὡς

278 2031 454 2082 ’Ἄννα
492 2027 918 2099 ἀνθωμολογεῖτο
965 2028 1212 2100 θυγάτηρ
1248 2028 1495 2099 Φανουήλ
1516 2044 1530 2059 ο
1574 2029 1670 2082 καὶ
1699 2029 1774 2093 ὡς
1803 2030 1868 2083 ἐκ

273 2121 533 2191 Ναζαρὲτ
564 2122 728 2192 ἀπῄει
749 2122 829 2185 είς
869 2122 1224 2193 Ἰερουσαλὴμ
1250 2122 1367 2191 ἅμα
1397 2124 1511 2186 τοῖς
1533 2121 1748 2190 γονεῦσι
1780 2140 1869 2176 τε-

274 2213 462 2267 λοῦσιν
492 2214 631 2283 ὑπὲρ
650 2213 815 2265 αὑτοῦ
840 2212 982 2267 κατᾶ
1006 2212 1097 2266 τὸν
1127 2207 1417 2282 νόμον.Ὦν
1443 2212 1592 2265 οῦδὲν
1614 2212 1691 2282 τῷ
1716 2214 1867 2265 Ματ-

274 2305 417 2375 θαίῳ
466 2305 846 2375 ἐπείργασται,
880 2304 1001 2358 οὐδὲ
1041 2303 1120 2376 τῷ
1151 2305 1386 2376 Μάρκῳ,
1416 2302 1554 2357 ἀλλὰ
1600 2304 1706 2376 μὴν
1746 2303 1865 2357 οὐδὲ

271 2398 356 2469 τῷ
384 2397 628 2470 Ἰωάννῃ.

346 2578 429 2629 ῙΙ’.
472 2575 634 2628 ’Ὅθεν
682 2576 777 2629 καί
818 2592 963 2639 τινες
1011 2574 1160 2629 ἄλλοι
1211 2575 1271 2640 ἐξ
1327 2574 1596 2646 Ἑλλήνων
1647 2573 1864 2644 φιλοσό-

272 2685 422 2737 φων,
465 2667 606 2738 φημὶ
636 2666 691 2719 δὲ
720 2666 1048 2738 Πορφῦριος,
1080 2650 1174 2719 καὶ
1194 2666 1436 2731 Κέλσος,
1466 2666 1562 2719 καὶ
1600 2666 1866 2720 Φιλοσαὸ-

268 2758 460 2821 ϐάτιος
493 2756 627 2828 (24),
672 2759 699 2810 ὁ
750 2760 815 2811 ἐκ
855 2757 965 2810 τῶν
1004 2757 1274 2810 Ἰουδαίων
1317 2756 1660 2827 ὁρμώμενος,
1692 2756 1863 2821 δεινὸς

271 2850 374 2904 καὶ
427 2848 681 2903 ἀπατεὼν
725 2850 882 2919 ὄφις,
929 2851 1008 2913 εἰς
1048 2848 1319 2919 τὴν-κατὰ
1354 2849 1457 2918 τῆς
1505 2848 1863 2920 εὐαγγελικῆς

272 2941 660 3013 πραγματείας
686 2940 971 3006 διεξιόντες
995 2938 1325 3010 ἀνατροπὴν,
1347 2939 1457 2992 τῶν
1501 2939 1670 3008 ἁγίων
1700 2940 1863 3009 εὐαγ-

270 3032 541 3101 γελιστῶν
571 3030 960 3103 κατηγοροῦσι,
989 3031 1211 3102 ψυχικοί
1252 3031 1348 3083 καὶ
1396 3030 1650 3103 σαρκικοὶ
1685 3031 1860 3103 ὑπάρ-

272 3141 482 3196 χοντες,
519 3124 659 3178 κατὰ
684 3125 861 3196 σάρκα
893 3124 949 3176 δὲ
980 3122 1418 3195 στρατευόμενοι,
1468 3123 1562 3176 καὶ
1586 3122 1722 3177 Θεοῦ
1768 3124 1862 3176 εὐ-

1969 1927 2219 1996 ριναπιεερί,
2248 1934 2303 1981 ct
2330 1936 2529 1982 octavo
2559 1930 2647 1983 die
2676 1929 3038 1986 circumcisus
3072 1929 3258 1998 luerit,
3290 1948 3392 1986 nec
3438 1949 3547 1986 non

1968 2025 2089 2086 post
2117 2018 2235 2075 dies
2282 2036 2351 2073 XL
2397 2036 2498 2090 pro
2528 2020 2717 2076 eodem
2749 2023 2930 2076 oblata
2976 2024 3106 2085 sint.
3139 2040 3261 2093 quae
3294 2026 3376 2080 lex
3413 2042 3550 2097 prac-

1930 2140 1935 2143 ν
1968 2111 2286 2180 scripserat.
2333 2112 2471 2167 Tum
2523 2122 2582 2166 ut
2616 2129 2742 2167 eum
2776 2112 3013 2185 Symeon
3045 2116 3099 2170 in
3135 2117 3295 2171 ulnas
3325 2134 3551 2188 accepeo

1968 2204 2072 2265 rit,
2124 2202 2415 2259 Phanuelis
2451 2206 2556 2258 ﬁlia
2606 2206 2859 2262 confessa
2911 2208 3019 2273 sit;
3070 2216 3237 2278 utque
3283 2209 3549 2266 Nazareto

1966 2308 2091 2347 cum
2141 2297 2459 2364 parentibus
2505 2296 2938 2370 Hierosolymam
2987 2300 3204 2364 abierit,
3259 2304 3349 2372 qui
3398 2304 3546 2373 quod

1967 2385 2052 2439 lex
2098 2383 2340 2455 jusserat
2384 2374 2532 2443 illius
2574 2392 2796 2445 nomine
2844 2390 3247 2461 dependeruut.
3281 2393 3412 2460 Qua:
3446 2411 3548 2451 uec

1968 2474 2279 2542 Manlia-us,
2312 2495 2413 2533 nec
2446 2479 2682 2545 Marcus,
2710 2497 2811 2536 nec
2838 2481 3077 2537 Joannes
3106 2488 3424 2554 attigerunt.

2041 2567 2181 2624 V'lll.
2227 2570 2308 2625 Ex
2344 2589 2453 2641 quo
2483 2573 2682 2628 factum
2714 2586 2818 2640 est,
2851 2585 2910 2630 ut
2933 2578 3161 2647 gentiles
3185 2579 3409 2648 quidam
3429 2580 3550 2650 phi-

1968 2659 2202 2730 losophi,
2251 2662 2588 2734 Porphyrius
2621 2664 2851 2729 scilicet,
2903 2681 2967 2719 ac
3014 2668 3229 2730 Celsus,
3270 2678 3323 2722 ct
3364 2668 3552 2723 Philo-
3635 2726 3647 2734 ,

1967 2754 2314 2821 sahbathius,
2364 2771 2563 2825 genere
2603 2754 2848 2822 Iudaeus,
2879 2767 3153 2813 veterator
3176 2776 3239 2814 ac
3270 2762 3548 2831 nequissi-

1966 2862 2090 2901 mus
2122 2848 2368 2911 coluher,
2402 2864 2526 2903 cum
2556 2848 2823 2904 adversus
2849 2852 3218 2921 evangelii-am
3260 2854 3548 2909 historiam

1968 2938 2293 3004 scriberent,
2316 2954 2505 2995 sacros
2540 2942 2904 3010 evangelistas
2932 2945 3212 3013 arguerint
3237 2963 3249 2998 :
3283 2946 3549 3001 animales

1967 3026 2047 3082 illi
2098 3030 2341 3098 quidem,
2400 3037 2454 3084 ct
2504 3032 2759 3086 carnales
2799 3031 3074 3096 homines,
3130 3048 3194 3086 ac
3242 3036 3546 3089 secundmn

1966 3134 2187 3175 carnem
2235 3121 2556 3187 militantes,
2606 3124 2702 3192 qui
2734 3138 2835 3177 nec
2866 3122 2975 3179 Deo
3010 3125 3229 3193 placere
3268 3136 3545 3197 poterant,

188 3198 193 3205 ’
277 3217 582 3288 αρέστησιν
625 3216 902 3279 ἀδυνάτως
931 3214 1169 3286 ἔχοντες,
1210 3214 1304 3268 καὶ
1329 3215 1397 3269 τὰ
1426 3212 1520 3268 τοῦ
1555 3214 1862 3285 Πνεύματος

1977 3227 2077 3267 nec
2105 3228 2167 3268 ea
2195 3229 2317 3283 quae
2344 3222 2474 3270 sunt
2507 3215 2743 3283 Spiritus
2772 3217 2947 3270 sancti
2986 3230 3377 3287 cognoverant.
3407 3218 3545 3275 Nam

276 3307 357 3379 μὴ
382 3307 738 3379 ινενοηκότεςο
794 3307 1065 3370 Ἕκαστος
1097 3305 1208 3378 γὰρ
1249 3307 1609 3378 προσκύπτων
1642 3310 1753 3371 τοῖς
1783 3306 1865 3361 λό-

268 3415 394 3469 γοις
443 3399 542 3466 τῆς
578 3398 842 3468 ἀληθείας
887 3398 975 3451 διά
1019 3397 1119 3469 τήν
1162 3398 1220 3451 ἐν
1266 3396 1416 3469 αὐτῷ
1446 3397 1721 3468 τύφλωσιν
1764 3398 1864 3470 τῆς

272 3490 569 3560 ἀγνωσίας,
602 3491 681 3554 είς
719 3488 876 3543 τοῦτο
910 3490 1275 3561 ἐμπίπτοντες
1300 3489 1484 3558 ἔλεγον
1504 3506 1519 3520 ο
1554 3489 1681 3554 Πῶς
1710 3488 1865 3543 δύνα-

268 3600 364 3637 ται
396 3585 429 3655 η
462 3582 601 3652 αὐτὴ
636 3581 819 3654 ἡμέρα
848 3578 985 3635 εἶναι
1026 3583 1126 3653 τῆς
1159 3584 1217 3635 ἐν
1246 3581 1496 3653 Βηθλεὲμ
1532 3583 1859 3655 γεννήσεως,

269 3674 415 3747 αὐτὴ
443 3673 538 3727 καὶ
570 3673 876 3746 περιτομήν
908 3672 1050 3743 ἔχειν
1079 3673 1445 3743 ὀκταήμερον,
1498 3673 1593 3725 καὶ
1628 3673 1718 3726 διὰ
1745 3690 1863 3728 τεσ-

271 3768 586 3838 σαράκοντα
617 3765 845 3836 ἡμερῶν
878 3766 937 3819 ὲν
980 3763 1374 3836 Ἰεροσολύμοις
1423 3764 1630 3828 ἄνοδον,
1669 3764 1764 3819 καὶ
1793 3764 1862 3819 τὰ

270 3860 391 3914 ἀπὸ
438 3858 724 3928 Συμεῶνος
762 3859 868 3911 καὶ
912 3859 1110 3920 Ἀννας
1154 3859 1232 3921 είς
1271 3857 1434 3910 αὑτὸν
1475 3858 1859 3928 τετελεσμένα,

266 3950 436 4005 ὁπότε
472 3953 531 4004 ἐν
556 3953 622 4021 τῇ
652 3949 807 4004 νυκτὶ
897 3949 1183 4019 ἐγεννήθη,
1216 3948 1459 4019 πέφηνεν
1481 3948 1649 4020 αὐτῷ,
1673 3949 1858 4020 φησὶν,

266 4041 526 4110 ἄγγελος,
573 4042 710 4112 μετὰ
735 4041 833 4112 τὴν
854 4041 964 4094 τῶν
998 4041 1186 4111 μάγων
1228 4040 1437 4094 ἐλευσιν
1465 4041 1573 4096 τῶν
1599 4041 1859 4095 ἐλθόντων

267 4133 652 4203 προσκυνῆσαι
692 4130 862 4202 αὐτῷ,
895 4132 990 4184 καὶ
1024 4129 1351 4197 ἀνοιξάντων
1387 4128 1487 4193 τὰς
1534 4131 1736 4202 πήρας,
1764 4130 1861 4183 καὶ

270 4227 792 4297 προσενεγκάντωνς
840 4224 917 4288 ὡς
967 4222 1139 4293 λέγει,
1197 4222 1394 4294 φησίν·
1444 4224 1643 4291 Ὥρθη
1699 4220 1860 4287 αὐτῷ

265 4316 530 4385 ἄγγελος
560 4315 756 4385 λέγων
780 4332 794 4347 ο
838 4314 1124 4379 Ἀναστὰς
1170 4313 1317 4367 λάϐε
1347 4313 1411 4366 τὸ
1445 4312 1716 4366 παιδίων
1762 4312 1859 4366 καί

262 4408 390 4473 τὴν
425 4406 677 4476 γυναῖκά
729 4420 868 4471 σου,
913 4405 1010 4459 καί
1064 4404 1324 4473 πορεύου
1376 4404 1465 4468 είς
1500 4403 1855 4472 Ἀἴγυπτον-ο

263 4500 363 4553 ὅτι
407 4499 564 4567 ζητεῖ
622 4497 878 4568 Ἡρώδης
911 4497 1028 4565 τὴν
1063 4495 1278 4565 ψυχὴν
1323 4495 1431 4579 τρῦ
1480 4490 1742 4549 παιδίου.
1794 4496 1859 4549 Ei

1970 3318 2164 3359 omnes
2191 3304 2356 3376 4.30
2395 3305 2472 3359 illi
2504 3307 2570 3358 ad
2598 3321 2881 3363 sermones
2915 3309 3162 3363 veritatis
3181 3309 3544 3371 oﬂ‘endentes.

1965 3410 2077 3465 pra:
2103 3396 2337 3451 inscitia:
2372 3397 2643 3460 caacitate,
2687 3405 2852 3468 atque
2886 3399 2954 3454 ad
2998 3415 3060 3454 ea
3105 3401 3310 3470 delapsi
3342 3401 3545 3471 jactare

1966 3486 2264 3542 identidem
2303 3489 2550 3544 solebant
2579 3508 2591 3543 :
2620 3490 2835 3545 Fierine
2863 3500 3063 3562 potest,
3101 3500 3161 3546 ut
3193 3494 3381 3547 eadem
3428 3494 3549 3551 dies

1965 3588 2021 3634 et
2044 3578 2380 3636 Bethlehemi
2417 3591 2607 3637 natum
2649 3584 2868 3651 viderit,
2914 3595 2988 3647 et,
3045 3586 3191 3656 quod
3236 3598 3357 3657 post
3405 3589 3547 3643 octi-

1964 3670 2134 3727 duum
2191 3675 2401 3729 solebat
2451 3675 2591 3742 ﬁeri,
2633 3677 3050 3743 circumcisum,
3082 3686 3137 3732 et
3171 3690 3293 3748 post
3329 3681 3443 3735 dies
3478 3695 3549 3736 ιι.

1963 3759 2342 3835 Hierosolyma
2403 3766 2795 3837 deportatum;
2853 3777 2915 3824 ut
2969 3770 3098 3824 item
3147 3768 3424 3826 Simeonis
3494 3781 3549 3826 et

1962 3855 2134 3911 Anna:
2180 3866 2300 3913 acta
2334 3859 2426 3912 illa
2462 3860 2516 3914 in
2566 3861 2814 3916 eamdem
2856 3862 3001 3916 diem
3046 3863 3374 3931 inciderint;
3413 3879 3548 3934 prae.

1964 3948 2155 4001 sertim
2187 3964 2310 4003 cum
2348 3966 2454 4018 qua
2484 3959 2646 4006 nocte
2677 3950 2837 4007 Jesus
2885 3960 2970 4007 est
3017 3953 3069 4006 in
3124 3953 3298 4006 lucem
3343 3953 3547 4014 editus,

1962 4036 2202 4108 Josepho
2254 4044 2486 4110 angelus
2540 4044 2881 4113 apparuerit,
2946 4052 3067 4114 post
3119 4060 3403 4115 magorum
3455 4045 3551 4099 ad‘

1961 4138 2212 4196 ventum,
2264 4131 2357 4200 qui
2399 4131 2547 4187 illius
2596 4133 2859 4186 adorandi
2896 4149 3065 4188 causa
3099 4146 3388 4197 venerant,
3420 4136 3549 4205 qui-

1963 4236 2073 4291 que
2133 4236 2362 4277 munera
2401 4238 2500 4278 sua
2529 4225 2734 4295 apertis
2765 4226 3003 4282 sacculis
3034 4226 3385 4293 obtulerant?
3410 4225 3545 4280 Tum
3579 4226 3589 4239 '

1961 4311 2105 4365 enim
2142 4314 2414 4380 apparuit,
2445 4312 2643 4382 inquit,
2668 4314 2716 4367 ei
2742 4314 2961 4385 angelus
3001 4314 3177 4370 dicens
3198 4331 3216 4368 :
3244 4313 3435 4385 Surge,
3463 4331 3547 4368 ac-

1961 4402 2073 4469 cipe
2108 4416 2349 4469 puerum,
2391 4411 2442 4456 et
2483 4401 2757 4473 conjugem
2798 4413 2966 4468 tuam,
3010 4413 3061 4481 et
3103 4403 3231 4458 vade
3272 4406 3329 4459 in
3370 4402 3548 4475 Ai’gy-

1961 4500 2142 4560 ptum;
2174 4493 2424 4562 quoniam
2482 4495 2675 4566 quwrit
2736 4493 2972 4550 Herodes
3027 4496 3263 4550 animam
3329 4502 3479 4566 pueri
3505 4498 3545 4549 '.

261 4592 455 4647 τοίνυν
487 4592 544 4644 ἐν
582 4591 755 4661 ταύτῃ
794 4582 1008 4662 νυκτὶ
1033 4589 1377 4657 γεγέννηται,
1422 4585 1748 4657 παρελήφθη
1779 4586 1860 4649 είς

1964 4581 2332 4648 Quamobrem
2402 4585 2449 4640 si
2514 4587 2706 4641 eadem
2769 4602 2877 4657 qua
2942 4595 3104 4643 natus
3150 4597 3235 4644 est
3280 4597 3440 4643 nocte
3492 4589 3548 4643 in

261 4684 548 4751 Αἴγυπτον
578 4683 672 4735 καὶ
707 4682 826 4734 ἐκεῖ
851 4677 940 4752 ἦν.
973 4682 1078 4744 ἕως
1110 4681 1233 4734 ὅτου
1266 4678 1536 4733 ἀπέθανεν
1575 4678 1821 4751 Ἡρώδης
1841 4696 1857 4711 ’

263 4773 438 4828 πόθεν
466 4774 527 4826 τὸ
559 4775 861 4843 ἐπιμεῖναι,
892 4772 986 4825 καὶ
1028 4772 1371 4845 ὀκταήμερον
1417 4770 1856 4844 περιτμηθῆναις

259 4870 301 4939 ἦ
352 4867 469 4930 πῶς
522 4868 583 4919 τὸ
639 4865 779 4937 μετά
835 4883 886 4918 τι
901 4864 1248 4936 σσαράκοντα
1287 4864 1601 4935 εὑρίσκεται
1642 4862 1859 4924 Λουκᾶς

257 4957 635 5030 ψευδόμενος
704 4953 846 5025 (Ὡς
906 4954 1040 5023 φασὶ
1095 4950 1548 5025 βλασφημοῦντες
1585 4951 1729 5005 κατὰ
1759 4952 1859 5022 τῆς

257 5047 483 5105 ἑαυτῶν
526 5045 772 5117 κεφαλῆς
794 5045 833 5116 ·)
879 5044 960 5097 ὅτι
1009 5042 1172 5113 φησὶν
1225 5044 1282 5096 ἐν
1328 5044 1395 5113 τῇ
1442 5043 1854 5114 τεσσαρακοστῇ

256 5142 458 5213 ἡμέρᾳ
494 5141 800 5209 ἀνήνεγκαν
844 5136 1009 5190 αὐτὸν
1044 5138 1125 5198 είς
1170 5133 1547 5206 Ἰερουσαλὴμ,
1599 5133 1855 5188 κάκεῖθεν

253 5237 350 5296 είς
392 5230 666 5302 Ναζαρέτ.
698 5228 810 5282 Καὶ
855 5228 956 5281 οὐκ
984 5227 1191 5281 οἴδασιν
1240 5228 1289 5279 οί
1333 5225 1581 5296 ἀγνωσία
1634 5224 1857 5296 κατεγό.

260 5341 425 5399 μενοι
454 5322 547 5376 τοῦ
587 5321 745 5391 ἁγίου
778 5319 1092 5391 Πνεύματος
1122 5317 1221 5388 τὴν
1247 5316 1495 5387 δύναμιν.

344 5524 362 5556 ¹
390 5520 581 5580 Matth.
616 5537 676 5585 ιι,
715 5518 804 5576 l5.
881 5523 901 5552 ²
939 5522 1068 5576 Luc.
1103 5536 1164 5585 ll,
1201 5520 1272 5574 2?.
1307 5535 1429 5589 sqq.

345 5615 456 5683 (ἐξ)
492 5614 586 5681 Ὠς
606 5611 759 5668 εἶναι
780 5616 884 5667 τὸν
907 5614 1105 5669 πάντα
1125 5615 1365 5683 χρόνον.
1385 5610 1623 5683 Tempus
1645 5610 1846 5681 ipsum,

252 5700 379 5750 quo
408 5682 647 5740 Joannes
681 5697 980 5752 conceptus
1006 5700 1069 5739 ac
1101 5682 1265 5738 natus
1287 5690 1391 5741 est.
1444 5687 1502 5736 et
1532 5682 1849 5736 incarnatus

253 5768 439 5830 atque
494 5754 551 5810 in
594 5757 772 5810 lucem
811 5757 992 5813 editus
1022 5755 1298 5821 Christus,
1323 5752 1499 5810 Lucas
1529 5752 1849 5823 complecti-

1964 4672 2260 4749 IEgyptum
2295 4674 2513 4732 delatus
2552 4684 2659 4742 est,
2691 4688 2747 4732 et
2779 4678 2894 4733 illic
2931 4677 3057 4746 luit,
3090 4677 3266 4734 donec
3290 4677 3550 4734 Herodes

1962 4775 2217 4822 mortuus
2239 4770 2637 4838 est,quomodo
2669 4786 2996 4839 permanere
3024 4771 3080 4825 in
3121 4769 3312 4825 Judaaa
3346 4772 3548 4842 potuit,

1961 4865 2019 4911 et
2033 4864 2234 4911 octavo
2248 4857 2338 4912 die
2354 4858 2715 4913 circumcidi?
2732 4860 2842 4914 Aut
2862 4859 2995 4929 quid
3016 4860 3242 4915 tandem
3271 4869 3398 4931 post
3430 4861 3550 4917 dies

1962 4962 2034 5001 ιιι.
2068 4948 2275 5003 factum
2316 4964 2443 5004 esse
2484 4949 2665 5005 Lucas
2695 4952 2962 5007 mentitus
2990 4952 3109 5007 est?
3138 4951 3254 5021 (Sic
3283 4952 3427 5007 enim
3453 4967 3552 5021 per

1964 5057 2235 5097 summam
2266 5041 2344 5096 illi
2372 5042 3056 5113 blasphemiam,-id;quod
3085 5043 3142 5097 in
3166 5058 3358 5099 eorum
3386 5050 3550 5113 caput

1960 5141 2162 5194 vertat,
2210 5132 2530 5204 objiciunt.)
2568 5132 2705 5188 Nam
2738 5134 3169 5206 quadragesimo
3212 5133 3314 5205 (ait
3344 5133 3548 5206 Lucas)

1942 5221 2056 5276 'die
2086 5222 2336 5276 tulerunt
2363 5223 2516 5278 illum
2556 5225 2609 5279 in
2628 5224 3008 5290 Hierusalem,
3034 5233 3093 5282 et
3122 5225 3252 5282 inde
3282 5226 3339 5281 in
3370 5225 3549 5281 Naza-

1860 5319 1867 5324 '
1965 5313 2148 5368 reth'.
2188 5312 2297 5369 Sed
2339 5314 2517 5384 ignari
2579 5317 2835 5373 videlicet
2882 5316 3146 5374 homines
3180 5318 3451 5390 qumvis.
3477 5319 3553 5376 sit

1938 5434 1943 5437 -
1965 5406 2144 5461 sancti
2175 5405 2429 5477 Spiritus
2447 5411 3161 5484 nequaquaménteliigunt.

1956 5621 2091 5684 tur;
2126 5614 2271 5683 quod
2302 5616 2822 5684 tempnsmensium
2856 5626 2942 5673 est
2968 5615 3082 5672 fere
3112 5634 3205 5675 xv.

2027 5683 2143 5754 (24)
2192 5685 2321 5738 Καὶ
2358 5683 2871 5755 »Φαοσαϐϐάτιος
2935 5688 3011 5744 De
3072 5689 3177 5746 hoc
3251 5688 3385 5746 nihil
3445 5686 3550 5746 ha-

1957 5760 2154 5811 ctenus
2185 5754 2312 5827 legi.
