3958 6424
517 351 631 408 905

1897 338 1970 394 S.
2010 333 2356 392 EPlPllANll
3625 342 3708 400 ’9οι

598 461 689 517 lx.
754 461 963 515 Etenim
1013 459 1313 528 unicuique
1358 455 1820 526 evangelistarum
1877 468 2104 507 conces-

2276 450 2353 503 θ’.
2427 450 2675 519 Ἐκάττῳ
2751 448 2853 521 γὰρ
2923 449 3030 502 τῶν
3084 445 3470 519 εὖαγγελιστῶν
3517 453 3717 527 ἐδωρήθη

527 569 649 609 sum
684 563 790 616 est,
845 561 905 606 ut
950 566 1071 620 qua:
1106 550 1339 619 singulis
1364 558 1418 602 et
1450 547 1791 618 temporibus
1826 553 1879 599 et
1902 559 2099 614 oppor-

529 641 858 696 tunitatibus
889 647 1041 709 gesta
1075 646 1234 692 erant
1262 636 1545 692 verissime
1575 634 1958 705 perscriberet.
1996 634 2101 685 Ita-

526 745 637 801 que
664 731 975 795 Matthzeus,
1007 743 1131 782 cum
1166 728 1218 782 id
1253 743 1423 781 unum
1459 728 1826 797 exposuisset,
1872 724 1940 779 de
1972 721 2098 793 Spi—

532 823 642 877 ritu
688 833 878 876 sancto
927 827 1243 888 susceptum
1282 820 1435 873 illum
1474 833 1538 873 ac
1571 820 1837 889 genitum,
1877 816 1945 871 de
1995 816 2102 869 cir-

532 912 870 967 cumcisione
906 911 1110 977 tacuit;
1144 925 1247 965 nec
1272 910 1438 963 ullam
1467 925 1656 964 earum
1687 923 1869 964 rerum
1901 906 2099 976 attigit,

528 1020 653 1074 qua:
683 1012 807 1057 ante
837 1003 1119 1057 biennium
1154 1001 1500 1067 acciderunt;
1541 1000 1634 1055 sed
1680 1013 1965 1070 magorum
2011 999 2105 1052 de-

532 1111 678 1148 mum
707 1095 987 1148 enarravit
1029 1093 1345 1156 adventum,
1382 1091 1843 1163 quemadmodum
1884 1091 2100 1146 verissi-

529 1202 656 1243 mus
704 1186 795 1241 Dei
848 1200 1030 1240 sermo
1078 1193 1313 1239 testatur
1345 1186 1385 1250 ί,
1434 1200 1559 1239 cum
1590 1184 1802 1239 scilicet
1829 1191 2044 1253 tempus
2074 1197 2106 1235 a

533 1278 708 1348 magis
745 1277 1045 1347 exquisivit
1091 1275 1360 1342 Herodes,
1404 1291 1470 1330 ac
1503 1276 1570 1330 de
1602 1276 1758 1329 stella
1783 1290 1905 1345 qua:
1930 1289 2105 1344 appa-

2206 541 2439 594 ὲκάστου
2469 541 2662 610 χρόνου
2694 540 2789 593 καὶ
2826 539 3017 611 καιροῦ
3046 540 3344 610 διηγεῖσθαι
3375 540 3443 595 τά
3470 545 3521 596 ὲν
3544 545 3721 619 ἀληθείᾳ

2209 631 2588 700 πληρωθέντα.
2645 632 2755 683 Καὶ
2797 631 2825 681 ὀ
2898 632 2996 701 μὲν
3039 631 3340 696 λιατθαῖος,
3384 633 3723 706 διηγησάμενος

2212 724 2402 790 μόνον,
2456 724 2540 775 ὄτι
2595 721 2860 792 ἐγεννήθη
2901 723 2960 774 ἐν
3023 721 3301 791 Πνεύματι
3350 725 3500 795 ἁγίῳ,
3545 729 3625 779 καὶ
3662 728 3724 781 ὅτι

2211 812 2516 884 συνελήφθη
2562 814 2691 867 ἄνευ
2742 812 3050 885 σπέρματος
3095 813 3307 883 ἀνδρὸς,
3343 815 3486 868 οὐδὲν
3521 818 3727 886 περὶτῆς

2211 906 2512 976 περιτομῆς
2544 901 2719 968 εἶπεν,
2751 905 2870 957 οὐδὲ
2902 904 3007 975 πρὸ
3035 903 3144 957 τῶν
3180 904 3274 958 δύο
3316 906 3446 959 ἐτῶν
3472 923 3520 959 τι
3554 908 3647 960 τῶν
3668 912 3728 971 εἰς

2209 995 2373 1047 αὑτὸν
2402 994 2781 1063 γεγενημένων
2798 1011 2813 1024 ο
2849 992 2985 1047 ἀλλά
3010 994 3278 1062 διηγεῖται
3306 993 3403 1064 τὴν
3432 994 3619 1047 έλευσιν
3646 996 3730 1047 τῶν

2216 1086 2439 1155 μάγων
2488 1086 2564 1148 ὼς
2610 1087 2975 1156 ἐπιμαρτυρεῖ
3022 1084 3153 1154 ὑμῖν
3193 1086 3223 1137 ὁ
3268 1083 3468 1155 ἀληθὴς
3504 1086 3587 1138 τοῦ
3626 1066 3730 1139 Θεοῧ

2211 1176 2387 1244 λόγος,
2416 1174 2727 1246 ἐρωτῶντος
2758 1173 2851 1227 τοῦ
2882 1172 3122 1246 Ἡρώδου
3152 1172 3303 1243 παρά
3328 1172 3435 1225 τῶν
3479 1171 3644 1243 μάγων
3665 1174 3732 1225 τὸν

2212 1268 2425 1338 χρόνον.
2476 1268 2585 1321 Καὶ¹
2627 1266 2902 1337 ὴκρίὸωτο
2930 1266 3023 1319 τοῦ
3062 1264 3354 1335 γενομένου
3403 1265 3628 1335 ἀστέρος,
3663 1267 3734 1318 καὶ

2211 1359 2319 1411 τῶν
2370 1360 2560 1428 μάγων
2624 1358 2658 1426 ἡ
2723 1342 3047 1430 ἁπόκρισιςί
3086 1357 3166 1409 ὅτι
3224 1356 3332 1408 ἀπὸ
3375 1356 3466 1409 δύο
3509 1356 3629 1410 ἐτῶν
3665 1360 3737 1411 καὶ

2214 1448 2538 1518 κατωτέρω’
2584 1448 2659 1509 ὡς
2701 1448 2774 1518 μὴ
2819 1443 2957 1501 εἶναι
3000 1447 3090 1499 τὸν
3118 1447 3313 1517 χρόνον
3353 1447 3549 1511 τοῦτον,
3578 1446 3657 1500 τὸν
3680 1449 3738 1518 τῷ

2216 1541 2399 1609 Λουκᾷ
2446 1538 3034 1609 πεπραγματευμένον.
3094 1538 3286 1591 Ἀλλ’ὁ
3341 1538 3437 1608 μὲν
3464 1540 3654 1602 Λουκᾶς
3688 1541 3740 1594 τὰ

532 1378 725 1423 ruerat
773 1379 1032 1423 accurate
1074 1369 1390 1424 sciscitatus
1425 1376 1529 1423 est.
1563 1368 1644 1422 Ad
1681 1369 1795 1422 haec
1828 1383 2105 1437 magorum

532 1468 965 1516 commemorata
989 1462 1301 1530 responsio,
1327 1460 1393 1513 de
1416 1459 1632 1514 duobus
1656 1460 1837 1523 annis,
1866 1467 1919 1512 et
1943 1457 2104 1520 infra,

504 1600 507 1603 ν
536 1564 592 1608 ut
627 1552 904 1607 diversum
967 1553 1035 1607 ab
1065 1568 1131 1607 eo
1171 1561 1383 1621 tempus
1417 1568 1539 1607 esse
1564 1560 1795 1614 constet,
1832 1549 1975 1620 quod
2005 1549 2112 1602 Lu-

536 1660 630 1699 cas
676 1645 995 1699 narratione
1030 1659 1130 1698 sua
1166 1644 1488 1712 complexus
1522 1651 1624 1697 est.
1660 1643 1758 1694 Hic
1799 1642 1944 1694 enim
1988 1657 2110 1709 qua:

2224 1632 2322 1702 πρὸ
2368 1631 2461 1684 δύο
2509 1632 2644 1684 ἐτῶν
2689 1632 2992 1700 διηγεῖται’
3043 1630 3319 1694 θιατθαίος
3370 1633 3446 1696 δὲ,
3476 1630 3627 1685 εἰπὼν
3664 1633 3742 1701 τὴν

538 1743 667 1790 ante
728 1735 1010 1790 biennium
1062 1735 1195 1788 illud
1240 1742 1391 1803 gesta
1435 1736 1547 1789 sint
1591 1734 1832 1802 exponit.
1874 1734 1943 1785 At
1984 1733 2113 1785 Mat-

2224 1725 2494 1792 γέννησιν,
2524 1724 2874 1794 ἀπεπήδησεν
2897 1726 2974 1786 εἰς
3003 1724 3092 1777 τὸν
3131 1723 3279 1792 διετῆ
3312 1723 3519 1793 χρόνον,
3547 1722 3630 1776 καὶ
3655 1722 3745 1791 ἐδή-

543 1828 715 1881 thaeus
740 1843 768 1879 a
801 1826 1087 1880 nativitate
1122 1826 1305 1879 statim
1347 1825 1413 1878 ad
1463 1826 1764 1879 secundum
1817 1840 2020 1878 annum
2056 1839 2115 1878 se

2224 1812 2357 1864 λωσε
2389 1812 2458 1865 τὰ
2487 1813 2758 1883 γενόμενα
2798 1812 2935 1881 μετά
2960 1810 3053 1865 δύο
3077 1812 3192 1882 ἔτη.
3221 1811 3313 1864 Διὸ
3339 1811 3433 1863 καὶ
3462 1812 3490 1863 ὁ
3525 1810 3741 1880 'Hptifoqc.

537 1918 790 1983 contulit,
821 1926 873 1971 et
906 1931 1026 1985 quae
1057 1924 1178 1984 post
1205 1915 1485 1968 biennium
1517 1915 1817 1968 acciderint
1859 1914 2118 1967 declarat.

2224 1903 2524 1974 διανοηθεὶς
2547 1904 2702 1957 τοῦτο
2729 1904 2867 1973 μετά
2899 1904 2960 1957 τὸ
2991 1903 3285 1958 ἀπονεῦσαι
3329 1905 3453 1965 τοὺς
3493 1903 3672 1973 μάγους
3695 1902 3745 1954 Et?

539 2008 694 2073 Quod
763 2006 1009 2061 llcrodcs
1062 2009 1246 2059 animo
1300 2023 1341 2058 l'l
1362 2014 1582 2075 putans,
1643 2015 1932 2074 postquam
1981 2005 2119 2073 magi

2224 1995 2413 2064 ἐτέρας
2439 1994 2583 2057 ὀδοῦ,
2612 1995 2766 2065 ᾠήθη
2793 1996 2851 2045 ἐν
2884 1993 2960 2064 τῷ
2988 1994 3181 2065 πλήθει
3209 1994 3319 2046 τῶν
3349 1995 3546 2047 παίδων
3569 1994 3650 2045 καὶ
3673 1994 3745 2045 αὺ-

538 2100 645 2153 alia
695 2099 778 2151 via
829 2099 1229 2163 discesserunt,
1268 2100 1334 2165 in
1365 2099 1454 2151 illa
1496 2097 1787 2151 infantium
1830 2097 1986 2151 turba
2038 2096 2119 2149 de-

2224 2086 2309 2139 τὸν
2350 2086 2680 2157 γεννηθέντα
2726 2086 3141 2157 εὑρεθήσεσθαι,
3181 2087 3276 2139 καὶ
3320 2087 3418 2140 σὺν
3445 2086 3615 2149 αὐτοῖς
3649 2085 3747 2138 ἀπο·

540 2187 809 2260 prehendi
838 2188 1127 2257 puerulum
1162 2188 1338 2251 illum,
1364 2194 1529 2255 atque
1555 2186 1787 2241 interfici
1822 2200 1985 2256 posse
2012 2199 2119 2239 crc-

2224 2177 2557 2232 κτίννυσθαι.
2613 2176 2893 2232 Ἐκέλευσε
2940 2178 3049 2249 γὰρ
3088 2180 3212 2243 τοὺς
3243 2180 3301 2231 ὲν
3329 2182 3441 2242 τοῖς
3479 2178 3631 2248 ὁρίοις
3669 2177 3748 2244 Βη-

538 2282 777 2336 diderat.
849 2280 1087 2337 Infantes
1138 2281 1280 2336 enim
1331 2295 1545 2337 omnes.
1596 2286 1861 2349 quotquot
1906 2279 1961 2331 in
1991 2292 2119 2346 agro

2224 2268 2387 2339 θλεὲμ
2426 2270 2621 2333 παῖδας
2658 2270 3085 2341 ἀποκτανθῆναι,
3115 2272 3242 2334 τοὺς
3273 2271 3385 2324 ἀπὸ
3421 2270 3512 2323 δύο
3537 2268 3656 2322 ἑτῶν
3679 2268 3749 2321 nl

542 2371 996 2425 Bcthlehcmitico
1056 2371 1257 2432 forent,
1316 2385 1343 2422 a
1394 2370 1601 2422 bimatn
1657 2376 1711 2422 et
1765 2366 1908 2421 infra
1958 2366 2116 2437 431

2224 2362 2515 2431 κατωτέρω
2552 2360 2655 2424 ἓως
2683 2362 2853 2431 αὐτῆς
2879 2361 2979 2432 τῆς
3022 2360 3251 2431 ἡμέρας,
3290 2357 3361 2431 ἧς
3393 2362 3441 2414 οἱ
3476 2360 3623 2430 μάγοι
3649 2359 3748 2427 παρ’

535 2462 707 2532 jussit
742 2462 942 2526 occidi,
990 2461 1057 2514 ad
1108 2461 1257 2513 illam
1307 2475 1478 2528 usque
1519 2459 1684 2523 diem,
1727 2474 1835 2528 qua
1880 2458 2025 2529 apud
2062 2472 2119 2512 se

2224 2450 2369 2523 αὐτῴ
2404 2452 2668 2520 ἐγένοντο.

539 2550 684 2620 magi
718 2549 972 2604 fuissent.

614 2640 691 2692 Ex
717 2655 828 2709 quo
870 2640 994 2708 quis
1037 2655 1146 2691 non
1191 2638 1394 2698 videat,
1442 2646 1556 2691 tum
1606 2651 1732 2691 cum
1775 2636 1919 2705 magi
1954 2650 2120 2691 vene-

543 2731 698 2786 runt,
756 2723 1023 2776 bimulum
1080 2723 1248 2775 fuisse
1303 2722 1569 2790 puerum?
1624 2721 1894 2791 siquidcm
1944 2735 2008 2774 ea
2045 2721 2121 2775 rei

540 2822 712 2884 gesta:
781 2814 1026 2867 narratio
1098 2815 1385 2868 veritatem
1464 2815 1636 2883 ipsum
1702 2814 2123 2868 accuratissime

545 2904 903 2957 demonstrat.
964 2902 1176 2956 Etenim
1205 2902 1380 2956 Lucas
1404 2918 1651 2972 puerum,
1678 2904 1841 2959 simul
1872 2918 1935 2956 ac
1963 2910 2122 2957 natus

543 3001 650 3056 est,
688 2992 870 3047 fasciis
902 2994 1205 3045 involutum
1259 3007 1381 3046 esse
1427 2993 1656 3058 scribit;
1720 3002 1774 3046 et
1807 2993 1861 3045 in
1891 2992 2119 3060 praesepi

2225 2991 2397 3043 Παῖδα
2434 2990 2594 3053 εὐθὺς
2624 2992 2966 3059 τετεγμένον,
2999 2991 3096 3043 καὶ
3128 2991 3342 3044 κεῖσθαι
3374 2993 3431 3044 ἐν
3477 2990 3657 3061 φάτνῃ,
3684 2987 3755 3038 tu".

545 3098 607 3136 ac
660 3083 916 3152 spelunca
964 3083 1227 3153 jacuisse,
1279 3084 1424 3153 quod
1471 3084 1654 3138 nullus
1710 3085 1766 3138 in
1814 3082 2119 3138 diversorio

2224 3083 2282 3134 ὲν
2316 3083 2582 3153 σπηλαίῳ,
2631 3082 2719 3136 διὰ
2753 3083 2813 3135 τὸ
2865 3084 2939 3155 μὴ
2990 3078 3131 3136 εἶναι
3159 3083 3325 3136 τόπον
3357 3085 3415 3135 ὲν
3451 3082 3527 3153 τῷ
3569 3077 3758 3133 ntali-

546 3175 701 3227 locus
732 3182 896 3229 esset.
936 3174 1072 3228 Tum
1106 3176 1252 3229 enim
1305 3190 1506 3231 census
1558 3175 1899 3241 habebatur;
1942 3185 1997 3229 et
2027 3174 2119 3244 qui

2230 3191 2390 3243 ματι·
2438 3173 2731 3244 ἀπογραφὴ
2783 3173 2892 3245 γὰρ
2942 3170 3009 3245 ἦν
3048 3174 3192 3229 τότε,
3235 3174 3348 3227 Καὶ
3396 3175 3444 3226 οἱ
3491 3173 3756 3239 διασκορπι·

548 3264 815 3319 bellorum
850 3266 1208 3335 temporibus,
1250 3281 1372 3336 quae
1404 3267 1505 3321 sub
1540 3266 1866 3322 Machabreis
1897 3267 2119 3322 exstite-

2231 3262 2447 3326 σθέντες
2481 3263 2590 3317 ἀπὸ
2630 3264 2724 3316 τοῦ
2766 3264 2958 3334 χρόνου
2988 3262 3095 3318 τῶν
3128 3263 3381 3333 πολέμων
3419 3262 3525 3315 τῶν
3561 3262 3641 3314 ἐπὶ
3674 3262 3759 3317 rei;

547 3363 694 3421 rant,
754 3356 988 3425 dispersi
1046 3356 1287 3423 fuerant,
1329 3359 1527 3429 quovis
1574 3365 1846 3413 terrarum
1879 3373 2119 3428 pervase-

2228 3356 2608 3419 Μακκαδαίοις
2651 3355 2953 3424 γεγονότων
2981 3357 3075 3409 ἐπὶ
3143 3356 3212 3408 τά
3262 3353 3540 3425 πανταχοῦ
3584 3353 3672 3421 γῆς
3708 3349 3756 3400 δι-

549 3454 710 3514 rant;
768 3448 907 3501 adeo
953 3454 1011 3501 ut
1057 3450 1218 3517 pauci
1259 3450 1485 3504 omnino
1514 3448 1849 3504 Bethlehemi
1882 3465 2119 3504 remane-

2228 3448 2692 3517 εσκορπίσθησαν,
2750 3448 2845 3501 καὶ
2903 3449 3072 3516 ὀλίγοι
3133 3448 3416 3512 παντελῶς
3479 3447 3674 3518 ἔμειναν
3718 3444 3761 3494 ἐν

548 3544 695 3591 rent.
733 3537 916 3602 Quare
952 3537 1008 3591 in
1044 3538 1282 3607 quodam
1332 3541 1791 3611 evangelistarum
1832 3543 2119 3613 exemplari

2230 3538 2475 3609 Βηθλεὲμ
2516 3539 2917 3602 κατοικοῦντες.
2962 3540 3054 3593 Διὸ
3100 3541 3158 3593 ἐν
3203 3556 3310 3593 τινι
3356 3538 3655 3610 ἀντιγράφω
3679 3534 3762 3586 τῶν

551 3627 774 3683 Davidis
804 3629 937 3683 urbs
968 3629 1207 3697 dicitur;
1238 3631 1293 3685 in
1327 3632 1435 3686 alio
1463 3648 1595 3687 vero
1624 3632 1777 3687 vicus
1802 3633 2119 3702 appellatur,

2231 3630 2636 3700 εὐαγγελιστῶν
2667 3630 2911 3686 καλεῖται
2950 3633 3105 3697 πόλις
3128 3633 3219 3686 τοῦ
3250 3632 3451 3686 Δαϐίδ·
3480 3635 3540 3699 ,εν
3581 3629 3703 3697 ἄλλῳ
3723 3624 3766 3677 δὲ

550 3719 700 3791 quod
749 3735 942 3790 agrum
995 3721 1223 3777 haberet
1278 3724 1752 3793 angustissimum.
1788 3723 1924 3778 Cum
1965 3724 2119 3795 igitur

2231 3719 2425 3792 κώμην
2453 3721 2621 3792 αὐτὴν
2665 3722 2909 3788 καλοῦσι,
2936 3724 3023 3778 διὰ
3063 3724 3123 3776 τὸ
3155 3726 3233 3787 είς
3271 3724 3466 3796 ὀλίγην
3498 3724 3594 3792 γῆν
3633 3718 3763 3784 αὐτὴν

553 3807 790 3877 Augusti
848 3807 1199 3876 imperatoris
1250 3812 1490 3866 edictum
1540 3819 1686 3868 esset
1740 3813 1987 3877 allatum,
2034 3815 2119 3885 qui

2231 3811 2447 3882 ήκέναι.
2495 3812 2627 3865 Ὅτε
2667 3811 2724 3865 δὲ
2756 3812 2947 3881 γέγονε
2996 3813 3056 3866 τὸ
3090 3814 3369 3884 κέλευσμα
3409 3815 3502 3867 τοῦ
3551 3808 3765 3881 βασιλέως

554 3897 662 3950 huc
700 3898 942 3969 illucque
986 3899 1236 3971 dissipati
1275 3912 1452 3970 erant,
1495 3919 1618 3959 cum
1651 3903 1871 3961 familiis
1904 3905 2021 3962 suis
2054 3906 2119 3962 ad

2231 3901 2586 3970 Αὐγούστου,
2642 3903 2737 3956 καὶ
2783 3903 3029 3975 ἀνάγκην
3086 3904 3241 3976 ἔσχον
3288 3907 3342 3957 οἱ
3399 3898 3753 3974 διεσκορπισμέ

554 3988 708 4042 illum
742 3989 920 4044 locum
973 3993 1232 4047 censendi
1274 3995 1449 4064 gratia
1498 3995 1683 4049 venire
1729 3997 1923 4061 coacti,
1970 3996 2119 4053 facile

2231 4010 2311 4046 wn.
2335 3992 2467 4065 (26),
2502 3994 2597 4047 καὶ¹
2630 3993 2700 4047 τὰ
2726 3995 2955 4049 [αὐτῶν
2984 3995 3139 4067 γένη,
3172 3992 3334 4066 ἦλθεν
3377 3997 3459 4059 εἰς
3492 3994 3579 4048 τὸν
3618 3992 3766 4049 τόπον.

553 4079 989 4148 compleverunt,
1046 4091 1104 4136 ut
1159 4091 1385 4152 prepter
1432 4082 1719 4138 hominum
1767 4084 2119 4155 frequentiam

2234 4085 2320 4140 ἵνα
2369 4085 2765 4157 ἀπογραφῶσιν
2809 4088 3132 4172 ἐπιρρέοντα
3183 4086 3252 4140 τὰ
3293 4087 3513 4159 πλήθη,
3583 4086 3669 4139 καὶ
3709 4083 3777 4133 ὲν·

554 4169 692 4223 nihil
739 4178 886 4225 esset
937 4171 993 4225 in
1038 4170 1347 4228 diversorio
1394 4173 1498 4229 loci
1540 4175 1813 4231 relictum.
1848 4175 1980 4232 Post
2014 4193 2119 4232 cent

2239 4175 2446 4247 ἐπλησε
2485 4178 2576 4231 τὸν
2598 4179 2781 4245 τόπον,
2820 4178 2915 4233 καὶ
2944 4180 3046 4233 οὐκ
3078 4169 3146 4250 ἦν
3183 4179 3350 4242 τόπος
3380 4181 3440 4234 ἐν
3466 4177 3543 4249 τῷ
3580 4172 3767 4230 καταλὺο

556 4273 678 4313 sum
711 4276 842 4314 vero
879 4262 1261 4332 unusquisque
1315 4278 1402 4328 eo,
1451 4264 1546 4319 ubi
1590 4264 1925 4320 domicilium
1965 4268 2119 4322 collo

2237 4283 2367 4336 ματι
2401 4267 2488 4321 διά
2535 4269 2631 4341 τὴν
2675 4270 2976 4340 συνέχειαν.
3016 4270 3219 4324 Λοιπὸν
3261 4270 3319 4323 δὲ
3356 4270 3500 4341 μετὰ
3546 4269 3636 4340 τὴν
3663 4268 3766 4320 ἀτω-

553 4357 731 4417 carat,
785 4367 1041 4409 reversus
1094 4360 1199 4409 est.
1236 4352 1391 4410 Unde
1436 4355 1614 4411 laxius
1662 4356 1730 4410 ad
1776 4357 2119 4413 habitandmr

2234 4360 2450 4432 γραφὴν
2489 4362 2729 4433 ἀπῆλθεν
2769 4363 3019 4427 ἕκαστος,
3049 4363 3172 4417 ὅποι
3218 4364 3322 4434 γῆς
3363 4363 3464 4435 τὴν
3504 4355 3771 4429 καταμονὴν

558 4444 797 4507 spatium
825 4438 945 4497 fuit.
973 4441 1161 4510 Itaque
1197 4443 1381 4512 priore
1414 4442 1529 4512 jam
1576 4460 1722 4499 anno
1754 4445 1930 4513 ﬁnito,
1966 4455 2021 4501 et
2053 4447 2119 4501 al-

2235 4452 2334 4519 τῆς
2364 4452 2734 4522 κατοικήσεως
2768 4447 2904 4521 εἶχε.
2950 4452 3044 4505 Διὸ
3072 4452 3167 4506 καὶ
3197 4451 3400 4516 πλάτος
3427 4452 3700 4520 ἐτύγχανεν
3727 4445 3772 4494 ἐν

542 4542 676 4607 tero
722 4531 966 4600 insuper,
1016 4534 1085 4587 ob
1111 4547 1301 4587 eorum
1327 4550 1450 4604 quaa
1478 4545 1630 4607 gesta
1660 4536 1773 4592 illic
1802 4546 1979 4604 erant,
2018 4553 2119 4593 me-

2238 4543 2301 4611 τῇ
2333 4544 2426 4611 γῇ.
2482 4544 2794 4614 Ἐρχὸμενοι
2818 4543 2896 4609 δὲ,
2925 4545 3001 4609 ὡς
3030 4546 3202 4598 εἰπεῖν
3230 4544 3365 4614 (27),
3414 4544 3626 4615 μνήμης
3644 4539 3772 4591 ἕνεκα

2298 2625 2487 2679 ’Ἔνθεν
2534 2625 2640 2679 τίνι
2681 2626 2740 2678 οὐ
2795 2627 3039 2694 φανεῖται
3072 2624 3220 2695 (23),
3269 2626 3378 2688 ὅτι,
3414 2625 3501 2677 ὅτε
3543 2618 3682 2693 ἦλθον
3714 2620 3750 2672 cl

2225 2720 2409 2790 μάγοι,
2445 2718 2537 2770 δύο
2576 2715 2643 2790 ἦν
2683 2718 2819 2772 ὲτῶν
2860 2721 2889 2771 ὁ
2925 2722 3052 2782 παῖς
3097 2718 3499 2788 γεγενημένοςς
3549 2718 3645 2769 καὶ
3670 2716 3752 2784 Τέρ

2223 2811 2317 2863 καὶ
2359 2812 2392 2880 ἡ
2427 2809 2563 2880 αὑτὴ
2600 2809 2953 2880 πραγματεία
2981 2809 3077 2880 τὴν
3107 2810 3287 2863 πᾶσαν
3319 2808 3596 2880 ἀκρίϐειαν
3623 2822 3753 2873 σαφη-

2224 2900 2386 2964 νίζει.
2430 2902 2487 2952 'O
2522 2901 2618 2968 μὲν
2653 2900 2761 2972 γὰρ
2789 2903 3005 2964 Λουκᾶς
3040 2901 3187 2969 λέγει
3226 2898 3664 2970 ὲσπαργανῶσθαι
3688 2898 3752 2948 τὶν

631 4685 645 4713 ¹
678 4682 867 4738 Matth.
903 4700 963 4750 ll,
992 4688 1023 4739 7
1045 4701 1171 4756 sqq.
1246 4686 1266 4718 ’
1293 4684 1355 4742 F.
1378 4688 1535 4741 κατά.

632 4839 746 4911 (25)
781 4841 1001 4911 Ἔνθεν
1038 4840 1156 4893 τίνι
1192 4842 1264 4893 οὐ
1316 4840 1606 4909 φανεῖται.
1640 4840 1878 4898 Tametsi
1907 4844 2132 4899 nihilex

557 4908 850 4984 Evangelio
883 4911 973 4984 Ade
998 4925 1290 4984 magorum
1320 4908 1597 4965 adventus
1629 4922 1868 4981 tempore
1928 4916 2133 4984 liquido

558 4980 1000 5049 possitexprimi,
1027 4980 1359 5050 probabilior
1393 4989 1572 5035 tamen
1604 4990 1687 5035 est
1712 4980 2045 5048 communis,
2069 5000 2133 5038 ac

558 5058 773 5121 recepta
807 5053 1102 5112 sententia,
1131 5064 1294 5119 quam
1333 5051 1423 5104 illa
1461 5067 1530 5105 ex
1572 5050 1854 5121 Epiphanii
1913 5069 1976 5108 ac
2025 5054 2135 5108 Eu-

558 5119 698 5175 sebii
732 5119 1009 5175 Chronicis
1069 5124 1284 5182 hausta,
1311 5121 1531 5175 biennio
1584 5119 1705 5190 post
1748 5122 2026 5177 Christum
2077 5128 2132 5178 in

562 5192 736 5244 lucem
769 5191 973 5244 editum
1011 5205 1199 5258 magos
1225 5190 1531 5246 advenisse.
1568 5191 1723 5256 Quod
1755 5208 1821 5246 ex
1856 5192 1963 5247 illis
1995 5193 2133 5247 Mat-

558 5261 679 5330 tlnei
714 5260 893 5315 verbis
915 5260 1093 5330 colligi
1114 5261 1398 5329 putabant,
1428 5261 1627 5329 quibus
1652 5259 1914 5316 Herodem
1950 5270 2135 5316 narrat

560 5344 592 5379 a
614 5329 816 5401 bimam
844 5339 893 5383 et
912 5329 1062 5397 infra
1093 5346 1284 5398 pueros
1308 5331 1582 5401 occidisse,
1613 5332 1898 5385 secundum
1931 5341 2133 5401 tempus

560 5400 695 5464 quod
717 5401 1036 5469 exquisierat
1083 5416 1117 5453 α
1152 5400 1320 5469 magis
1351 5399 1567 5469 (Matth.
1610 5415 1671 5463 tt,
1706 5402 1818 5469 16).
1856 5402 1958 5455 Sed
1990 5399 2135 5456 hunc

563 5469 768 5536 nodum
815 5468 1140 5536 jampridem
1198 5468 1565 5525 dissolverunt
1606 5468 1807 5525 eruditi
1851 5487 2135 5527 sacrarum

561 5530 897 5605 Litterarum
932 5530 1285 5605 interpretes.

635 5604 746 5674 (26)
785 5604 895 5656 Kal
953 5604 1223 5679 (irdj-nnr
1263 5608 1454 5678 ἔσχον
1480 5612 1552 5679 fol
1590 5608 2132 5679 διεσκορπισμένοι.

563 5675 842 5753 Quantum
876 5676 1193 5753 verhaHipsa
1232 5675 1445 5746 prae—se
1471 5678 1673 5753 ferunt,
1705 5675 1957 5753 indicare
1982 5682 2132 5753 vide-

563 5740 657 5803 tur
693 5740 912 5797 .Iudaeos
937 5740 1175 5806 quolibet
1208 5740 1471 5803 terrarum
1499 5740 1777 5817 dispersos
1809 5751 1863 5804 in
1896 5749 2134 5807 Palaesti-

2237 4860 2362 4899 nam
2424 4851 2646 4899 coaetos
2701 4858 2844 4898 esse.
2878 4841 2985 4899 Sed
3023 4842 3307 4898 commode
3351 4842 3465 4898 haec
3501 4835 3768 4908 accipienda

2238 4922 2390 4978 sunt,
2433 4922 2487 4968 ut
2511 4915 2578 4968 de
2610 4914 2677 4967 iis
2717 4915 2988 4983 loquatur,
3014 4914 3105 4983 qui
3156 4912 3209 4965 in
3240 4911 3529 4983 Palmstina
3567 4905 3769 4983 ila—sat“!

2238 4975 2405 5055 Syria
2444 4985 2721 5055 degeren_t.
2780 4975 2991 5055 Neque:
3020 4975 3163 5055 enim
3210 4991 3347 5055 puto
3397 4985 3452 5035 in
3506 4975 3667 5055 Italia,
3709 4975 3769 5027 vel

2234 5051 2465 5116 Graecia,
2506 5051 2598 5107 aut
2633 5051 2890 5121 ngypto
2923 5053 3086 5107 etiam
3132 5052 3461 5115 habitarent,
3494 5051 3614 5103 alibi
3640 5058 3769 5115 quam

2236 5124 2331 5181 ibi.
2362 5125 2453 5178 ubi
2484 5134 2656 5184 erant.
2696 5124 2863 5177 fuisse
2900 5137 3114 5177 censos.
3220 5190 3242 5192 ξ(
3335 5189 3375 5192 __
3417 5191 3426 5192 ί
3695 5183 3725 5192 ν

2307 5193 2419 5262 (‘27)
2465 5193 2807 5262 Ἐρχόμενοι
2851 5192 2942 5255 δὲ,
2977 5193 3056 5257 ὡς
3084 5190 3297 5244 εἰπεῖν.
3333 5189 3542 5262 Nollem
3592 5184 3770 5262 erudito

2236 5258 2649 5317 Maldonato'id'
2699 5262 2752 5314 in
2809 5272 3042 5316 mentem
3100 5264 3343 5316 venisset
3380 5258 3667 5330 Epiphanio
3693 5258 3770 5330 tri:

2236 5333 2404 5386 buere
2460 5332 2607 5401 quod
2640 5341 2693 5386 et
2718 5331 3172 5401 absurdissimum
3216 5341 3321 5395 est,
3379 5319 3580 5401 néciab
3608 5340 3667 5380 eo
3704 5319 3768 5401 vel

2239 5390 2513 5457 levissime
2564 5404 2880 5470 cogitatum.
2914 5400 3118 5455 Scribit
3164 5390 3318 5454 enim
3338 5399 3520 5470 mirari
3549 5412 3619 5470 se,
3649 5390 3766 5470 qugd

2240 5472 2576 5541 Epiphanius
2604 5460 2879 5541 eicistimet
2917 5470 3213 5541 Josephum
3240 5469 3543 5541 et_Mariam
3558 5460 3768 5541 singulis

2238 5536 2397 5596 annis
2430 5556 2495 5595 eo
2525 5542 2612 5595 die
2650 5557 2715 5595 ex
2746 5539 2981 5610 {Egypto
3017 5536 3069 5592 in
3116 5539 3425 5610 Bethlehem
3450 5536 3628 5589 venire
3653 5546 3764 5584 cou-

2239 5612 2484 5666 suevisse
2506 5628 2520 5675 ;
2544 5625 2778 5680 cumque
2804 5608 2925 5678 post
2942 5610 3270 5664 duosannos
3288 5608 3765 5680 rediissentlmagtos

2239 5696 2335 5734 eos
2365 5670 2660 5735 invenisse.
2693 5670 2818 5732 lloc'
2842 5695 2972 5733 vero
3004 5693 3281 5747 nunquam
3321 5670 3763 5747 εςτίρείιΑΕρ-ῖρῒιπε

2238 5751 2385 5805 nius.
2406 5751 2583 5815 Quare
2600 5751 2967 5806 hallucinatus
2984 5760 3065 5806 est
3090 5740 3495 5804 eruditissimus
3523 5744 3607 5799 ille
3622 5740 3759 5794 Evan-
