3958 6434
227 398 323 454 905

989 393 1359 450 ADVERSUS
1393 391 1737 449 ll/EllESES
1777 392 1903 447 LIB.
1940 391 2003 448 ll.
2047 390 2212 447 ΤΟΜ.
2255 392 2294 446 l.
2338 389 2611 445 IIZERES.
2659 389 2742 446 LI.

3373 391 3478 448 906

226 507 325 560 τῶν
354 506 468 558 ἐκεῖ
496 500 928 573 γεγεννημένων,
970 503 1186 574 πρώτου
1220 503 1468 558 ἐνιαυτοῦ
1514 502 1790 557 τελεσθέν-

1901 504 2123 557 moriam
2155 518 2222 559 eo
2247 518 2307 559 se
2341 511 2597 574 parentes
2634 502 2921 570 Nazaroto,
2964 504 3112 559 velut
3135 504 3201 558 ad
3227 508 3475 564 eamdem

226 616 328 662 τος,
362 597 454 650 καὶ
489 594 585 648 τοῦ
616 594 871 664 δευτέρου
907 595 1308 666 πληρωθέντος,
1336 591 1500 668 ἦλθον
1538 599 1586 650 οί
1621 600 1795 666 γονεῖς

226 691 393 743 ἐκεῖσε
442 685 552 740 ἀπὸ
602 684 876 757 Ναζαρὲτ,
919 686 994 749 ὡς
1035 688 1117 749 είς
1172 686 1270 758 τὴν
1317 688 1625 759 πανήγυριν
1666 687 1782 740 ταύ-

227 797 319 850 την
351 777 484 848 (28).
518 778 609 831 Διὸ
636 777 728 831 καὶ
773 779 807 849 ἡ
855 776 1063 840 ἐλευσις
1096 777 1204 831 τῶν
1263 779 1452 850 μάγων
1505 779 1794 850 γεγένηται

227 871 314 924 καὶ
344 868 483 923 κατά
525 867 623 939 τὴν
669 868 925 938 τοιαύτην
977 869 1298 941 συγκυρίαν.
1336 871 1534 925 Οὐκέτι
1568 870 1699 936 ἴσως
1726 874 1792 943 τῇ

226 958 506 1014 καταλύσει
560 959 682 1012 τότε
734 960 833 1031 τῆς
895 961 1116 1032 Μαρίας
1166 962 1260 1015 καὶ
1325 962 1519 1034 Ἰωσὴφ
1568 962 1657 1017 διὰ
1697 964 1795 1035 τὴν

225 1052 541 1124 ἀπογραφὴν
590 1053 657 1122 τῇ
709 1051 816 1105 ὑπὸ
867 1051 961 1106 τοῦ
1002 1055 1186 1107 Λουκᾶ
1230 1054 1514 1128 εἰρημένῃ.
1564 1056 1640 1111 Οὐ
1666 1056 1795 1134 ⁵,γὰρ

223 1136 383 1213 ηὗραν
409 1144 508 1214 τὴν
534 1143 766 1215 Μαριάμ
794 1144 853 1196 ἐν
880 1143 963 1214 τῷ
999 1145 1269 1216 σπηλαίῳ,
1297 1147 1434 1201 ὅπου
1465 1147 1754 1221 ἐγέννησεν
1776 1167 1791 1182 °

224 1235 351 1290 ἀλλά
395 1235 473 1300 ὡς
525 1234 636 1306 ἔχει
683 1234 745 1288 τὸ
792 1236 1145 1305 Εὑαγγέλιον,
1195 1238 1278 1291 ὅτι
1332 1238 1554 1310 ὡδήγει,
1606 1241 1792 1311 φησὶν,

223 1327 410 1390 αὐτοὺς
462 1327 493 1379 ὁ
536 1326 712 1398 ἀστὴρ
749 1327 878 1398 ἀχρι
929 1326 1022 1381 τοῦ
1070 1328 1259 1393 τόπου,
1299 1324 1371 1384 οὗ
1427 1329 1508 1398 ἦν
1553 1329 1685 1384 ἐκεῖ
1729 1329 1795 1384 τὸ

222 1418 475 1473 παιδίον.
510 1418 621 1473 Καὶ
650 1419 1031 1486 εἰσελθόντες
1051 1423 1138 1486 εὶς
1168 1419 1276 1475 τὸν
1301 1417 1488 1487 οἷκον,
1516 1418 1698 1490 εὗρον
1728 1421 1794 1476 τὸ

217 1509 437 1580 ,ϐρέφος
470 1508 622 1580 μετὰ
651 1511 917 1579 Μαρίας,
948 1509 1132 1565 οὐκέτι
1165 1512 1225 1564 ὲν
1277 1512 1474 1584 φάτνῃ,
1521 1513 1705 1567 οὐκέτι
1737 1516 1795 1567 ἐν

223 1601 489 1672 σπηλαίῳ,
513 1599 629 1653 ἀλλ’
661 1601 721 1654 ἐν
759 1599 893 1671 οἴκῳ
913 1616 927 1630 ·
974 1598 1064 1654 ἵνα
1086 1601 1306 1674 γνωσθῇ
1340 1605 1439 1673 τῆς
1476 1602 1731 1674 ἀληθείας
1758 1606 1790 1675 ἡ

220 1692 488 1765 ἀκρίϐεια,
521 1691 616 1746 καὶ
644 1691 738 1746 τοῦ
768 1692 961 1763 χρόνου
982 1691 1091 1746 τῶν
1120 1692 1215 1747 δύο
1246 1694 1383 1748 ὲτῷν
1407 1695 1468 1749 τὸ
1497 1696 1790 1767 διάστημα,

219 1785 489 1838 τουτέστιν
512 1782 718 1851 ἐξότου
768 1785 1054 1856 ἐγεννήθη,
1082 1786 1187 1849 ἕως
1222 1786 1310 1840 ὅτε
1346 1786 1707 1857 παρεγένοντο
1744 1788 1791 1840 οἱ

1896 596 2295 660 celebritatem,
2344 596 2717 652 contulerunt.
2768 593 2890 662 Quo
2912 603 3159 666 tempore
3192 611 3476 667 magorum

1895 686 2164 741 adventus
2192 684 2465 756 ejusmodi
2496 686 2736 757 quadam
2771 687 3189 757 opportunitate
3223 688 3473 758 contigit.

1897 775 2140 833 Tametsi
2174 793 2284 833 non
2315 778 2370 833 in
2401 779 2593 833 eodem
2620 778 2717 834 illo
2748 777 3000 836 fortassis
3028 780 3332 837 diversorio
3361 796 3479 836 ver-

1896 868 2205 932 sabantur,-
2234 870 2291 924 in
2317 884 2427 942 quo
2475 870 2701 926 Mariam
2730 885 2794 926 ac
2814 868 3111 943 Josephum
3150 873 3476 944 descriptio-

1896 959 1984 1031 ni_s
2032 967 2279 1030 tempore
2305 961 2578 1017 mansisse
2633 961 2815 1019 Lucas
2864 969 3097 1021 testatus
3138 973 3242 1019 est.
3290 963 3478 1034 Neque

1894 1051 2041 1107 enim
2084 1050 2312 1107 Mariam
2351 1053 2406 1108 in
2438 1053 2726 1123 spelunca,
2765 1054 2857 1110 ubi
2892 1061 3201 1125 pepererat,
3257 1070 3479 1125 repere-

1895 1149 2060 1211 runt;
2130 1145 2249 1211 sed,
2284 1151 2346 1199 ut
2402 1144 2755 1223 Evangelium
2808 1156 3018 1209 narrat,
3060 1147 3216 1203 stella
3242 1146 3368 1203 illos
3405 1147 3475 1202 ad

1894 1251 2019 1292 eum
2050 1237 2228 1293 locum
2256 1239 2548 1308 perduxit,
2582 1239 2671 1294 ubi
2694 1248 2809 1293 erat
2831 1255 2981 1309 puer.
3008 1238 3074 1294 Et
3098 1240 3358 1295 intrantes
3386 1240 3477 1296 do-

1896 1343 2041 1381 mum
2068 1328 2381 1384 invenerunt
2398 1344 2621 1399 puerum
2666 1346 2787 1385 eum
2822 1330 3007 1387 Maria
3033 1333 3074 1398 ³,
3111 1348 3217 1389 non
3250 1333 3305 1389 in
3334 1349 3474 1403 pra:-

1895 1419 2032 1490 sepi,
2068 1420 2151 1476 vel
2174 1420 2229 1476 in
2260 1422 2546 1492 spelunca,
2574 1422 2673 1479 sed
2707 1422 2760 1477 in
2789 1424 2955 1479 domo
3004 1426 3239 1488 scilicet,
3287 1433 3349 1481 ut
3377 1441 3474 1483 ac-

1894 1516 2086 1564 curata
2125 1510 2203 1565 rei
2238 1512 2467 1578 veritas,
2498 1527 2562 1568 ac
2585 1512 2794 1568 biennii
2823 1513 3169 1570 intervallum
3198 1518 3475 1588 exprime-

1894 1605 2065 1665 retur,
2105 1600 2253 1671 quod
2280 1601 2350 1657 ab
2370 1602 2492 1673 ejus
2530 1604 2701 1658 natali
2746 1604 2815 1659 ad
2855 1618 3139 1676 magorum
3184 1608 3475 1664 adventum

1894 1687 2195 1746 etlluxerat.
2248 1690 2452 1749 Eadem
2488 1694 2578 1749 illa
2614 1710 2746 1750 vero
2783 1705 2964 1763 nocte,
3013 1697 3229 1755 duobus
3264 1714 3295 1753 a
3334 1702 3480 1755 nati~
3519 1697 3546 1719 ⁸

1896 1781 2064 1838 vitate
2118 1784 2279 1839 annis
2309 1785 2536 1856 elapsis,
2577 1790 2806 1859 angelus
2840 1791 3115 1860 apparuit,
3153 1806 3216 1846 ac
3246 1808 3477 1863 puerum

222 1876 400 1946 μάγοι.
440 1874 551 1929 Καὶ
579 1876 699 1928 κατ’
728 1875 941 1947 ἐκείνην
971 1875 1069 1947 τὴν
1097 1876 1270 1930 νύκτα
1301 1877 1439 1947 μετά
1458 1876 1550 1931 δύο
1572 1876 1664 1950 ἔτη
1691 1878 1791 1947 τῆς

1901 1889 2021 1927 cum
2053 1883 2229 1931 matre
2255 1877 2310 1932 in
2342 1885 2545 1933 terram
2596 1878 2818 1952 Egypti
2860 1881 3029 1952 jussit
3059 1884 3349 1940 abducere.
3392 1884 3479 1940 ld-

219 1964 701 2038 TSWﬁO’t-ngldtcpon
733 1968 762 2020 ὁ
804 1966 1052 2037 ἄγγελος,
1088 1968 1180 2022 καὶ
1220 1964 1339 2023 εἷπε
1372 1969 1706 2041 παραλαϐεῖν
1734 1971 1794 2024 τὸ

219 2059 422 2114 παιδίον
456 2060 552 2112 καὶ
575 2058 675 2130 τὴν
710 2058 923 2130 μητέρα
956 2061 1035 2123 εἰς
1062 2059 1165 2129 γῆν
1208 2060 1504 2129 Αἰγύπτου.
1541 2062 1633 2114 Διὸ
1666 2062 1794 2115 οὐκ-

217 2156 297 2208 ἐτι
338 2150 534 2222 Ἰωσὴφ
579 2151 929 2221 ἀνακάμπτει
970 2152 1050 2216 εἰς
1096 2150 1373 2222 Ναζαρὲτ,
1427 2152 1561 2206 ἀλλὰ
1609 2154 1792 2208 ἀποδι-

216 2244 438 2316 δράσκει
467 2243 584 2313 ἅμα
617 2242 695 2314 τῷ
738 2244 908 2305 παιδὶ,
946 2245 1040 2298 καὶ
1086 2247 1151 2315 τῇ
1192 2245 1362 2315 μητρὶ⁸
1394 2245 1557 2298 αὑτοῦ
1589 2248 1668 2309 είς
1695 2246 1790 2299 Αί-

216 2353 437 2404 γυπτον,
472 2336 567 2389 κα)⁸
600 2336 736 2390 ἄλλα
776 2337 870 2390 δύο
915 2336 1010 2407 ἔτη
1042 2340 1186 2390 ποιεῖ
1225 2338 1405 2397 ἐκεῖσε
1430 2355 1441 2367 ·
1480 2340 1575 2393 καὶ
1623 2339 1795 2403 οὕτως

220 2428 375 2483 πάλιν
405 2430 439 2481 ὁ
477 2427 704 2497 ἀγγελος
749 2428 886 2498 μετά
942 2429 1041 2499 τὴν
1088 2429 1183 2482 τοῦ
1250 2429 1492 2501 Ἡρώδου
1540 2430 1797 2501 τελευτὴν

216 2518 527 2590 ἐπιστρέφει
563 2519 654 2571 τὸν
685 2519 847 2572 αὑτὸν
887 2521 944 2572 ὲν
977 2522 1042 2590 τῇ
1087 2520 1335 2592 Ἰουδαίᾳζ

284 2614 341 2665 ι’.
382 2611 472 2681 Τῷ
505 2610 614 2683 γάρ
645 2609 952 2682 τριακοστῷ
985 2612 1155 2682 τρίτῳ
1193 2612 1304 2682 (29)
1346 2614 1454 2666 ἐτει
1485 2612 1580 2666 τοῦ
1619 2613 1797 2686 Ἠρώ-

214 2703 305 2757 δου
350 2704 605 2771 γεννᾶται
651 2703 680 2754 ὀ
733 2701 969 2774 Κύριος·
1019 2704 1326 2774 τριακοστῷ
1359 2686 1597 2777 πέμπτῳ
1636 2700 1797 2775 ἦλθον

214 2796 264 2849 οἱ
303 2795 497 2865 μάγοι·
532 2793 838 2865 τριακοστῷ
881 2794 1096 2866 ἑϐδόμῳ
1142 2795 1250 2849 ἔτει
1282 2796 1509 2867 τελευτᾷ
1553 2799 1582 2850 ὁ
1625 2795 1799 2868 Ἡρώ-

213 2886 344 2957 δης·
384 2886 478 2940 καὶ
503 2885 807 2957 διαδέχεται
858 2886 1147 2958 Ἀρχέλαος
1195 2888 1310 2951 υίὸς
1358 2888 1524 2941 αὑτοῦ
1553 2889 1614 2941 τὸ
1645 2888 1801 2959 βασις-

215 2978 376 3038 λειον,
411 2979 642 3049 ποιήσας
694 2978 790 3051 ἔτη
839 2979 997 3034 ἐννέα
1045 2978 1367 3050 βασιλεύων,
1408 2980 1660 3051 καθάπερ
1709 2997 1799 3052 μοι

217 3072 277 3124 ἐν
328 3069 504 3132 ἄλλοις
548 3071 737 3135 τόποις
780 3071 1014 3144 εἴρηται.
1080 3070 1449 3143 ’Δνεχώρησεν
1492 3068 1585 3126 οὖν
1636 3072 1801 3127 ἀκού-

216 3177 317 3223 σας
343 3161 472 3232 περὶ
510 3161 824 3232 Ἀρχελάου,
861 3163 956 3217 καὶ
989 3161 1159 3216 ἐλθὼν
1192 3162 1514 3234 κατῴκησεν
1563 3164 1643 3227 είς
1684 3164 1797 3217 Να-
1824 3203 1867 3263 C

214 3248 401 3319 ζαρέτ.
454 3248 563 3301 Καὶ
609 3250 818 3304 ἐκεῖθεν
862 3251 1025 3304 πάλιν
1067 3253 1186 3306 κατ’
1218 3251 1335 3316 ἔτος
1373 3251 1527 3323 ἀνῄει
1561 3254 1640 3316 είς
1702 3253 1798 3305 Ἱε-

214 3339 519 3413 ρουσαλήμ.
583 3340 747 3411 Ὁρᾷς
805 3342 905 3412 ὅση
951 3342 1210 3414 τυγχάνει
1271 3341 1526 3411 ἀκρίϐεια
1576 3344 1634 3395 ἐν
1684 3343 1797 3405 τοῖς

214 3430 378 3493 θείοις
412 3428 765 3499 Εὑαγγελίοις
811 3430 939 3501 περὶ
981 3430 1219 3502 ἑκάστης
1265 3429 1687 3502 πραγματείας;
1733 3429 1796 3481 Οἱ

213 3522 271 3575 δέ
304 3522 497 3592 ἀγνοίᾳ
534 3521 844 3592 φερόμενοι,
876 3521 967 3576 τὸν
1005 3521 1214 3576 ἑαυτῶν
1245 3520 1370 3575 νοῦν
1404 3520 1794 3584 σκοτώσαντες,

208 3615 314 3668 οὐκ
345 3615 492 3668 ἴσασι
518 3613 579 3666 τὸ
609 3612 760 3676 τέλος
794 3614 1025 3667 ἑκάστου
1057 3613 1217 3681 λόγου
1237 3629 1250 3643 ⁸
1279 3612 1417 3667 ἀλλά
1444 3612 1629 3675 ἁπλῶς
1655 3610 1797 3666 κατά

206 3706 322 3762 τῶν
372 3704 543 3773 ἁγίων
600 3704 886 3775 ἐπαίρουσι
934 3703 997 3756 τὸ
1052 3704 1245 3773 στόμα,
1297 3704 1393 3759 καὶ
1442 3702 1647 3775 χαλῶσι
1696 3703 1796 3774 τὴν

206 3796 482 3865 γλῶτταν,
523 3796 690 3867 μηδὲν
733 3796 830 3865 μὲν
878 3795 1125 3863 λέγοντες
1166 3797 1225 3849 ἐν
1272 3795 1521 3866 ἀληθεία,
1571 3795 1796 3853 ἑαυτοὺς

204 3888 398 3958 δὲπῆς
430 3887 572 3959 ζωῆς
602 3887 1024 3958 ἁλλοτριοῦντες.

286 4069 483 4123 Ἔνθεν
530 4067 624 4124 οὖν
666 4073 695 4124 ὁ
738 4071 972 4133 Λουκᾶς,
1042 4070 1178 4139 μετὰ
1226 4070 1288 4122 τὸ
1329 4069 1687 4140 διηγησασθαι
1728 4070 1796 4122 τὰ

204 4161 442 4233 πρῶτα,
497 4162 661 4215 πάλιν
712 4162 892 4229 λέγει,
955 4162 1070 4225 πῶς
1125 4162 1184 4213 ἐν
1229 4160 1309 4231 τῷ
1358 4160 1645 4232 δωδεκάτῳ
1688 4161 1796 4214 ἔτει

204 4253 446 4324 ἀνῆλθεν
473 4255 551 4317 εἰς
595 4253 982 4324 Ἰερουσαλήμ·
1034 4253 1121 4306 ἵνα
1172 4252 1247 4323 μὴ
1280 4251 1592 4325 παραλείψει
1633 4253 1799 4306 τόπον

202 4348 328 4410 τοῖς
367 4344 648 4415 νομίσασιν
676 4344 835 4397 αὑτὸν
865 4344 1052 4407 ἁπλῶς
1078 4342 1244 4413 ἄνδρα
1271 4343 1473 4396 τέλειον
1513 4345 1571 4396 ἐν
1609 4344 1798 4416 κόσμῳ

205 4436 536 4507 πεφηνέναι,
573 4435 668 4491 καὶ
699 4436 777 4499 είς
807 4435 896 4488 τὸν
943 4435 1213 4505 Ἰορδάνην
1245 4434 1382 4505 πρὸς
1408 4434 1499 4487 τὸν
1546 4435 1797 4503 Ἰωάννην

1896 1963 2045 2018 circo
2073 1980 2183 2020 non
2242 1967 2357 2038 jam
2416 1967 2747 2024 Nazaretum
2797 1970 3077 2043 Josephus
3132 1977 3475 2047 regreditur;

1896 2057 1992 2112 sed
2042 2073 2169 2115 cum
2226 2076 2398 2130 puero
2430 2076 2494 2117 ac
2522 2070 2697 2119 matre
2732 2064 2868 2136 fugit
2918 2065 2973 2119 in
3025 2064 3342 2139 Egyptum,
3384 2071 3475 2125 ubi

1896 2148 2118 2205 biennio
2146 2151 2317 2208 altero
2349 2162 2727 2212 commoratus
2759 2165 2844 2213 est
2871 2174 2887 2225 ;
2946 2166 3110 2230 atque
3143 2161 3216 2214 ita
3253 2176 3476 2218 rursum

1898 2249 2022 2309 post
2046 2240 2276 2299 llerodis
2293 2245 2501 2300 obitum
2527 2248 2753 2318 angelus
2776 2250 3050 2316 eumdem,
3076 2260 3133 2305 ut
3158 2253 3212 2307 in
3235 2251 3475 2309 Judaeam

1897 2332 2121 2401 rediret,
2154 2336 2454 2393 admonuit.

1969 2593 2130 2667 432
2166 2594 2235 2650 Χ.
2268 2596 2480 2667 Quippe
2509 2614 2681 2654 nam
2716 2599 2949 2659 Herodis
2977 2620 3124 2660 anno
3177 2616 3340 2664 natus
3392 2621 3478 2666 est

1901 2685 2183 2755 Dominus,
2217 2690 2575 2762 ejusdemque
2615 2709 2760 2750 xxxv
2784 2697 2925 2767 magi
2954 2708 3243 2755 venerunt.
3277 2700 3482 2760 Deinde

1901 2795 2090 2834 xxxvn
2133 2781 2351 2852 imperii
2390 2798 2536 2841 anno
2576 2787 2811 2843 moritur
2843 2785 3108 2853 Herodes,
3138 2794 3226 2847 cui
3258 2810 3479 2852 succes-

1901 2870 1973 2925 sit
2006 2871 2337 2937 Archelaus,
2373 2860 2532 2944 isque
2560 2890 2755 2930 novem
2786 2880 3033 2949 regnavit
3060 2885 3241 2948 amis,
3281 2893 3339 2939 ut
3373 2886 3477 2942 alio

1902 2973 1930 3012 a
1964 2974 2050 3014 me
2078 2960 2199 3014 loco
2227 2960 2436 3015 dictum
2476 2963 2718 3018 memini.
2753 2965 2935 3031 Quare
2966 2983 3092 3024 cum
3117 2971 3185 3026 de
3210 2973 3476 3033 Archelao

1903 3051 2231 3121 accepisset,
2285 3042 2519 3110 recessit
2561 3053 2875 3128 Josephus,
2929 3074 2994 3115 ac
3042 3076 3102 3117 se
3151 3050 3471 3121 Nazareturn

1902 3142 2188 3200 habitandi
2220 3158 2389 3200 causa
2411 3147 2667 3202 contulit.
2700 3148 2859 3205 Unde
2889 3153 3189 3222 quotannis
3221 3155 3477 3216 Hieroso-

1900 3233 2099 3305 lymam
2132 3234 2409 3304 proficisci
2434 3247 2817 3295 consueverat.
2860 3242 3022 3299 Vides
3062 3256 3268 3315 quanta
3306 3252 3378 3305 sit
3421 3253 3474 3307 in

1902 3324 2082 3381 sacris
2107 3323 2418 3395 Evangeliis
2452 3328 2746 3397 cujuslibet
2778 3331 2855 3386 rei
2887 3335 3175 3392 narranda:
3202 3355 3479 3412 quamque

1899 3427 2159 3472 accurata
2190 3417 2520 3489 diligentia?
2549 3419 2631 3513 At!
2669 3416 2787 3479 isti‘
2808 3424 3114 3495 ignorantia
3144 3431 3298 3496 caeci,
3338 3448 3479 3501 quo-

1899 3523 2021 3562 rum
2072 3516 2157 3563 est
2203 3509 2449 3567 tenebris
2501 3509 2745 3567 obducta
2802 3531 2989 3583 mens,
3043 3520 3480 3594 uniuscujusque

1898 3598 2237 3655 narrationis
2277 3600 2484 3655 exitum
2520 3602 2810 3674 ignorant;
2863 3608 2958 3663 sed
2995 3607 3258 3669 adversus
3297 3628 3478 3669 sacru-

1897 3699 2089 3748 sancta
2131 3706 2363 3762 quaeque
2406 3707 2470 3748 os
2511 3709 2672 3777 suum
2712 3706 3037 3777 arroganter
3073 3704 3364 3772 extollunt,
3413 3722 3479 3762 ac

1898 3785 2141 3855 linguam
2194 3784 2480 3848 relaxant,
2514 3787 2653 3843 adeo
2696 3798 2753 3843 ut
2793 3806 2971 3862 neque
3015 3794 3130 3850 veri
3178 3796 3478 3871 quidquam

1898 3876 2147 3941 afferant,
2181 3882 2237 3929 et
2266 3892 2295 3928 a
2326 3876 2433 3929 vita
2467 3878 2826 3937 nihilominus
2855 3898 2917 3937 ac
2954 3884 3128 3941 salute
3156 3891 3481 3960 semetipsos

1898 3970 2157 4024 alienent.

1969 4059 2099 4115 Post
2123 4061 2239 4116 haec
2268 4060 2450 4117 Lucas
2489 4062 2580 4116 ubi
2624 4077 2807 4132 priora
2852 4078 3177 4134 persecutus
3221 4076 3327 4135 est,
3378 4085 3474 4125 ex-

1899 4154 2053 4223 ponit
2101 4153 2562 4222 quemadmodum
2615 4170 2762 4210 anno
2805 4173 2879 4210 xu
2932 4156 3312 4232 Hierosolyma
3355 4178 3479 4233 per-

1899 4244 2124 4307 rexerit,
2161 4259 2229 4299 ne
2255 4259 2418 4314 quem
2451 4244 2670 4300 illorum
2702 4247 2878 4302 errori
2915 4248 3092 4302 locum
3120 4251 3477 4322 relinqueret,

1899 4337 1991 4405 qui
2026 4335 2178 4391 illum
2208 4337 2459 4392 arbitrati
2489 4346 2619 4393 sunt
2644 4339 2883 4409 perfecta
2917 4357 2980 4395 ac
3008 4341 3150 4397 virili
3176 4343 3289 4413 jam
3320 4351 3479 4400 aetate

1901 4429 1955 4482 in
1993 4428 2199 4485 mundo
2238 4436 2460 4498 repente
2489 4428 2661 4486 fuisse
2692 4441 3050 4502 conspectum
3086 4452 3100 4488 :
3130 4435 3311 4506 itaque
3343 4452 3478 4492 con-

203 4526 410 4597 ἡκέναι
434 4542 447 4556 υ
482 4525 559 4589 ὼς
585 4523 864 4595 ὑπεϐλήθη
900 4523 1328 4595 ὑπὺ’Κηρίνθου,
1380 4523 1472 4577 καὶ⁸
1523 4523 1794 4589 Ἐὅίωνος,

1903 4520 2156 4577 veniendi
2207 4519 2433 4577 Joannis
2464 4522 2640 4593 gratia
2697 4523 2762 4577 ad
2822 4522 3113 4581 Jordanem
3152 4530 3476 4595 accessisse,

200 4618 311 4673 καὶ
335 4617 443 4670 τῶν
476 4616 671 4671 ἄλλων.
703 4616 882 4678 Δεινὸς
913 4615 1022 4687 γὰρ
1053 4614 1176 4684 ὄφις
1206 4614 1487 4687 σκαληνῶς
1507 4615 1799 4670 διαϐαίνων

198 4713 269 4764 ἐν
309 4712 412 4781 μιᾷ
441 4710 637 4783 γνώμῃ
668 4710 764 4779 οὐχ
790 4709 1025 4775 -ἵσταται
1049 4727 1061 4739 ·
1100 4708 1235 4762 ἀλλά
1271 4711 1380 4773 τοῖς
1422 4709 1522 4780 μὲν
1551 4710 1698 4763 δοκεί
1739 4711 1804 4764 ἐκ

202 4802 568 4875 παρατριϐἦς
602 4803 697 4855 καὶ
746 4801 1059 4875 σπέρματος
1088 4802 1281 4874 ἀνδρὸς
1313 4801 1658 4873 γεγενῆσθαι,
1690 4805 1804 4866 τοῖς

194 4897 252 4949 δ’
298 4894 482 4959 ἄλλοις
514 4894 701 4958 άπλῶς
745 4894 1028 4964 ἄνθρωπος
1073 4894 1390 4965 πεφηνέναι.
1432 4896 1524 4948 Διὸ
1569 4895 1710 4949 κατὰ
1743 4896 1806 4948 τὸ

194 4985 414 5057 λεπτὸν
442 4985 509 5039 τά
542 4985 735 5063 πάντοε
752 4983 1098 5053 διηγούμενοι
1142 4987 1190 5037 οἱ
1236 4984 1378 5052 ἀγιοι
1410 4985 1795 5054 εύαγγελισταὶ

195 5075 656 5149 ἁκριόολογοῢσι.
704 5074 812 5127 Καὶ
847 5073 1064 5143 φύσειό
1108 5075 1322 5136 Λουκᾶς
1364 5072 1440 5135 ὡς
1470 5076 1576 5129 ἀπὸ
1618 5075 1798 5128 κάτω-

194 5169 307 5223 θεν
340 5170 433 5222 ἐπὶ
455 5167 524 5221 τὰ
554 5168 667 5223 ἀνω
696 5166 981 5236 ἀναφέρων
1009 5165 1109 5235 τὴν
1137 5165 1370 5218 διάνοιαν
1396 5164 1595 5236 φάσκει
1618 5180 1631 5193 ο
1676 5160 1798 5219 Ἦν

280 5328 302 5358 ⁸
340 5324 529 5381 Matth.
553 5341 611 5389 ιι,
643 5324 697 5390 9,
722 5323 810 5377 Η.

186 5482 485 5553 geliorum
515 5481 818 5553 interpres;
852 5486 951 5532 nec
981 5473 1103 5553 ideo
1118 5481 1299 5553 tamen
1327 5477 1533 5553 tantum
1552 5484 1790 5553 comme-

187 5543 348 5616 ruit,
388 5562 449 5605 ut
495 5566 526 5607 a
577 5543 901 5622 Casaubono
933 5554 1041 5622 tam
1088 5544 1444 5622 inclementer
1488 5543 1791 5622 ac_puti.le

185 5612 528 5686 notaretur,
554 5630 607 5676 et
629 5618 1119 5693 virulentissimus,
1144 5629 1208 5668 ac
1234 5612 1790 5693 maledicentissimus

115 5720 137 5730 ε
184 5695 461 5762 scriptor
486 5681 854 5763 appellaretur
902 5688 958 5763 in
1000 5687 1094 5740 illo
1115 5697 1309 5763 _opere,
1335 5681 1692 5763 qupdjpsum
1722 5697 1788 5736 ex

188 5751 834 5830 viru'leutis'calumnjis
863 5768 914 5812 et
939 5751 1215 5830 haereticis
1268 5751 1623 5830 opinionibus
1654 5765 1788 5807 con-

188 5820 725 5890 textum'adversus
756 5827 1094 5883 Baronianos
1116 5820 1347 5878 Annales
1372 5820 1582 5879 eﬂudit.

551 5922 828 5982 Ριτιιοι..
871 5916 992 5978 Gn.
1037 5916 1092 6000 Χ
1107 5915 1204 5976 LI.

1901 4628 2025 4683 quae
2054 4611 2159 4666 fuit
2214 4610 2486 4677 Cerinthi,
2545 4610 2797 4680 Ebionis,
2872 4624 2926 4671 et
2984 4617 3219 4673 aliorum
3269 4620 3475 4690 opinio.

1905 4702 2191 4769 Siquidem
2219 4703 2456 4759 callidus
2493 4703 2582 4759 ille
2606 4719 2834 4775 serpens
2860 4707 3098 4779 obliquis
3125 4709 3350 4768 ﬂexibus
3380 4714 3480 4767 ad-

1902 4811 2121 4866 repens,
2187 4796 2324 4850 nihil
2367 4811 2536 4850 unum
2568 4812 2632 4853 ac
2665 4806 2929 4856 constans
2958 4802 3178 4855 asserit.
3222 4802 3328 4860 Sed
3355 4807 3479 4863 aliis

1902 4888 2079 4957 placet
2099 4903 2168 4941 ex
2203 4887 2493 4958 utriusque
2542 4889 2930 4956 conjunctione
2985 4906 3173 4958 sexus,
3221 4909 3286 4948 ac
3329 4896 3475 4949 virili

1904 4980 2113 5035 semine
2137 4978 2417 5034 Christum
2460 4993 2584 5034 esse
2601 4989 2977 5048 procreatum.
3023 4982 3125 5036 Alii
3159 4985 3481 5055 simpliciter

1905 5070 2182 5125 hominem
2216 5069 2540 5140 apparuisse
2569 5077 2841 5125 statuunt.
2873 5073 3004 5139 Quae
3031 5090 3199 5131 causa
3246 5080 3349 5132 fuit
3380 5096 3481 5136 cur
3509 5137 3528 5151 ~

1906 5161 2187 5219 subtiliter
2242 5169 2612 5233 accurateque
2666 5163 2849 5217 omnia
2899 5168 3077 5221 sancti
3132 5172 3487 5241 evangelista:

1929 5539 1940 5550 .
1961 5468 2075 5540 (28)
2105 5471 2198 5550 Ὡς
2213 5473 2300 5539 εἰς
2317 5472 2432 5550 τῂν
2448 5477 3050 5550 πανήγυρινλταιξςηᾉν.
3071 5477 3246 5545 Quam
3265 5480 3484 5539 tandem

1886 5539 1992 5626 hic,
2015 5545 2325 5626 πανήγυριν
2359 5539 2635 5626 intelligat
2658 5539 2868 5626 nescio.
2898 5539 3130 5626 Videtur
3155 5550 3262 5604 loci
3308 5550 3483 5626 illius.

1887 5614 1943 5665 in
1972 5625 2082 5679 quo
2107 5622 2271 5668 natus
2293 5622 2410 5689 erat
2471 5614 2755 5681 Dominus,
2789 5618 3119 5674 celebratam
3162 5614 3485 5676 memoriam

1888 5683 2198 5741 πανήγυριν
2233 5685 2530 5741 appellare.

1888 5683 2198 5808 “navigium?
2233 5696 2261 5737 a
2308 5683 2530 5754 pel'lare.
2671 5756 2695 5767 _

1958 5750 2015 5828 (ᾖ
2053 5764 2072 5820 )
2113 5757 2196 5819 Τφ
2229 5699 2341 5824 περ
2369 5770 2703 5824 τριακοστῷ
2725 5757 2918 5828 τρίτῳ.
2948 5755 3022 5815 De
3057 5760 3144 5815 his
3171 5760 3483 5816 accuratius

1890 5824 2052 5896 paulo
2084 5832 2211 5895 post
2245 5839 2489 5896 agemus.

3077 5920 3156 5980 29
