3958 6450
537 391 639 446 907

1941 396 2011 453 'S.
2053 394 2399 458 EPI'PIIANII
3108 438 3115 443 -
3643 410 3717 471 908

529 503 815 559 narrando
854 494 1125 575 complexi
1175 503 1305 561 sint.
1356 503 1635 575 Praecipue
1658 505 1843 564 Lucas
1874 510 2117 565 animum

2226 515 2323 567 δὲ·
2348 516 2580 584 Ἰησοῦς
2614 518 2949 589 ἀρχόμενος·
2980 514 3132 571 εἶναι
3169 518 3250 584 ὡς
3292 517 3431 573 ἐτῶν
3457 520 3715 593 τριάκοντα,

534 597 605 650 ab
650 594 1007 653 inferioribus
1064 594 1131 651 ad
1181 598 1471 668 superiora
1512 598 1756 655 referens
1790 600 1861 655 ita
1889 603 2119 658 scribit:

535 684 604 740 Et
647 696 764 741 erat
805 685 965 742 Iesus
1010 688 1262 757 incipiens
1314 705 1428 744 esse
1473 691 1629 760 quasi
1678 708 1940 746 annorum
1976 672 2123 763 xxx‘;

536 777 703 846 ﬁlius,
733 788 789 831 ut
818 777 1133 846 putabatur,
1181 777 1375 849 Ioseph
1400 781 1441 833 ¹.
1481 779 1636 847 Quod
1682 790 1863 837 autem
1920 784 2128 839 solum-

539 869 703 923 nodo
741 877 987 939 putatur,
1022 870 1251 926 minime
1299 878 1383 927 est
1428 871 1633 942 reipsa.
1684 871 1791 929 Sed
1829 874 2004 946 patris
2039 873 2125 928 vi-

536 974 655 1016 oem
684 958 954 1031 Iosephus
992 961 1216 1034 gerebat
1261 962 1352 1018 ille
1378 963 1638 1034 quidem,
1683 964 1830 1035 quod
1878 966 1954 1019 ita
2016 963 2129 1021 Deo

533 1051 857 1122 placuerat:
885 1063 1045 1124 pater
1091 1068 1222 1110 vero
1276 1069 1386 1110 non
1427 1063 1582 1124 erat;
1617 1063 1674 1112 ut
1713 1057 1807 1128 qui
1842 1072 2126 1129 nunquam

533 1161 741 1203 secum
789 1145 961 1200 Maria
1016 1147 1341 1217 copularat;
1396 1148 1502 1204 nisi
1545 1142 1692 1219 quod
1738 1149 1886 1204 illius
1915 1149 1995 1202 vir
2032 1164 2129 1220 ap-

532 1239 767 1310 pellatus
794 1249 899 1305 est,
940 1238 1087 1311 quod
1123 1253 1245 1294 eam
1273 1253 1441 1295 senex
1472 1237 1745 1307 duxisset,
1778 1255 1921 1295 anno
1946 1242 2125 1297 aetatis

532 1326 655 1398 plus
707 1328 891 1384 minus
940 1344 1104 1395 ωτι,
1155 1344 1282 1384 cum
1336 1328 1451 1401 jam
1507 1329 1715 1386 liberos
1757 1345 1852 1386 sex
1890 1345 1921 1386 e
1951 1330 2123 1400 priori

536 1420 769 1493 conjuge
797 1420 1146 1488 sustulisset;
1177 1420 1318 1476 hanc
1348 1435 1479 1477 vero
1520 1421 1879 1493 posteriorem
1921 1422 2111 1492 singu-

531 1518 635 1573 lari
671 1517 762 1574 Dei
797 1518 1144 1588 providentia
1176 1518 1305 1583 sibi,
1350 1526 1410 1573 ut
1437 1519 1546 1574 alio
1580 1518 1701 1574 loco
1733 1516 1914 1573 fusius
1937 1516 2124 1588 dispu-

2230 605 2318 659 ὦν
2368 607 2519 674 υἱὸς,
2558 608 2640 675 ὡς
2677 608 2995 680 ἐνομίζετο,
3038 610 3144 664 τοῦ
3185 611 3416 680 Ἰωσήφ.
3451 613 3581 669 Τὸδὲ
3610 625 3720 689 νομί-

2233 693 2420 758 ζεσθαι
2452 696 2554 751 οὐκ
2579 697 2796 770 άληθῶς
2826 700 2974 753 ἐστιν
2994 713 3009 727 ⁸
3047 699 3182 753 ἀλλὰ
3215 700 3272 754 ὲν
3297 699 3435 767 τάξει
3466 702 3548 773 μὲν
3570 707 3720 776 πατρὸς

2231 785 2544 858 ἐτύγχανεν(
2556 791 2586 843 6
2631 790 2850 861 Ἰωσὴφ,
2880 789 2968 845 διὰ
2995 791 3056 845 τὺ
3082 789 3257 857 οὕτως
3288 791 3364 863 τῷ
3386 792 3491 864 Θεῷ
3512 794 3718 870 δεδόχθαι·

2232 880 2333 934 οὐκ
2358 875 2427 952 ἦν
2457 881 2515 936 δὲ
2557 882 2761 955 πατὴρ,
2794 886 2824 937 6
2877 884 2953 957 μὴ
2997 885 3135 957 πρὸς
3166 884 3265 958 τὴν
3294 886 3508 958 Μαριὰμ
3538 889 3723 960 ἐσχηκὼς

2232 971 2549 1041 συνάφειαν,
2580 974 2614 1046 ἢ
2658 974 2820 1044 μόνον
2844 976 2941 1029 ηὸτι
2968 975 3109 1048 ἀνὴρ
3138 974 3359 1048 ἐκλήθη,
3389 976 3468 1031 διὰ
3492 976 3545 1030 τὸ
3571 994 3724 1048 μεμνη-

2230 1060 2452 1116 στεῦθαι
2499 1065 2810 1137 πρεσϐύτης
2843 1066 2978 1138 (50},
3013 1066 3153 1122 ἐτῶν
3184 1068 3494 1141 ὀγδοήκοντα
3512 1071 3726 1140 τυγχάνων

2228 1152 2459 1227 πλείωῆ
2492 1155 2728 1221 ἐλάσσω,
2765 1159 2859 1212 καὶ
2901 1158 3042 1230 έχων
3087 1160 3236 1224 υἱοὺς
3282 1159 3341 1226 ἓξ
3375 1160 3470 1214 ἀπὸ
3502 1161 3583 1232 τῆς
3607 1161 3725 1225 erant;

2219 1245 2393 1299 αὑτοῦ
2425 1248 2674 1319 γαμετῆς
2705 1248 2953 1322 πρώτης,
2986 1250 3086 1322 τὴν
3105 1250 3163 1305 δὲ
3192 1251 3260 1305 δι’
3287 1253 3566 1323 οἰκονομίαν
3589 1268 3726 1323 παρει-

2225 1335 2434 1407 ληφὼς,
2466 1339 2544 1404 ὡς
2586 1339 2683 1396 καὶ
2708 1339 2846 1415 ἄλλῃ
2880 1330 2985 1395 που
3029 1342 3416 1415 ἀκριϐέστερον
3458 1345 3567 1416 περὶ
3588 1342 3727 1397 τούτου

2237 1427 2469 1500 διῆλθον.
2502 1430 2629 1496 Πῶς
2656 1428 2751 1487 οὖν
2779 1433 2809 1485 6
2848 1432 2922 1505 μὴ
2945 1433 3084 1504 έχων
3116 1434 3410 1505 συνάφειαν
3433 1435 3588 1507 πατὴρ
3610 1434 3729 1489 αὑτνό

2229 1521 2474 1594 ὑπῆρχεν
2494 1539 2508 1589 ;
2541 1525 2681 1598 ὅπερ
2722 1525 2998 1582 ἀδύνατον.

530 1617 735 1675 tamus,
780 1610 1088 1665 ascivisset.
1140 1609 1255 1677 Qui”
1286 1608 1461 1680 igitur
1505 1609 1713 1664 nullum
1750 1624 1874 1665 cum
1940 1615 2118 1664 matre
2165 1614 2625 1670 consuetudinem
2672 1615 2962 1683 habuerat,
3005 1619 3099 1690 qui
3169 1619 3266 1675 ﬁlii
3324 1629 3470 1691 pater
3518 1635 3619 1677 esse
3660 1633 3710 1689 po

480 1690 499 1707 ’
531 1701 673 1757 luit?
709 1700 856 1756 Fieri
886 1700 1034 1757 istud
1061 1699 1287 1756 omnino
1325 1714 1435 1755 non
1464 1709 1665 1771 potest.

599 1797 695 1855 XI.
737 1799 806 1853 At
834 1799 980 1855 enim
1016 1797 1168 1853 dices
1204 1817 1216 1852 :
1252 1796 1365 1853 Cur
1395 1813 1527 1868 ergo
1554 1798 1639 1852 vir
1678 1798 1828 1853 illius
1880 1797 2116 1869 appella-

2299 1798 2401 1851 lA'.
2457 1797 2617 1852 Ἀλλὰ
2664 1798 2812 1871 ἐρεῖς
2848 1814 2972 1869 μοι’
3023 1798 3149 1864 Πῶς
3191 1795 3287 1855 οὖν
3315 1800 3450 1875 ἀνὴρ
3480 1803 3732 1877 αὑτῆςὲκέ-

530 1899 620 1947 tus
644 1896 750 1954 est,
798 1890 904 1946 nisi
932 1904 1052 1945 eam
1098 1889 1415 1945 obtineret?
1452 1888 1558 1957 Qui
1593 1891 1676 1946 sic
1719 1890 1957 1957 dubitat,
1988 1889 2121 1961 quid

531 1984 617 2040 lex
664 1991 825 2039 vetus
852 1980 1017 2037 ferret
1047 1981 1263 2053 ignorat
1292 1999 1305 2037 :
1335 1980 1499 2054 533
1533 1982 1796 2037 nimirum
1852 1983 2001 2038 enim
2051 1998 2120 2039 ex

527 2090 640 2146 quo
685 2075 808 2130 viro
842 2073 1049 2130 femina
1079 2073 1354 2144 desponsa
1381 2074 1583 2140 fuerat,
1612 2074 1730 2130 sive
1764 2074 1921 2147 virgo
1950 2082 2119 2140 esset,

528 2169 645 2224 sive
679 2175 905 2239 paterna
932 2165 1113 2223 adhuc
1138 2168 1192 2221 in
1226 2166 1393 2222 domo
1435 2166 1676 2238 degeret,
1709 2167 1931 2223 nomine
1956 2175 2121 2224 tenus

528 2275 667 2315 uxor
714 2258 1025 2314 dicebatur.
1075 2257 1258 2325 Quare
1292 2259 1522 2329 angelus
1548 2258 1630 2314 sic
1658 2257 1956 2331 Josephum
1985 2259 2120 2314 allo-

525 2353 756 2424 quitur:
793 2352 923 2407 Nali
959 2353 1142 2407 timere
1183 2351 1422 2421 accipere
1462 2351 1736 2422 conjugem
1773 2360 1920 2405 tuam
1944 2352 1986 2406 ’.
2039 2353 2119 2406 Ac

526 2450 596 2505 ne
622 2449 748 2520 quis
778 2462 1023 2504 errorem
1069 2448 1128 2503 in
1177 2445 1490 2518 Evangeliis
1518 2445 1690 2502 ullum
1719 2461 1842 2502 esse
1868 2443 2118 2515 suspice-

526 2551 617 2596 tur
645 2560 658 2596 :
691 2549 777 2596 est
809 2539 955 2595 enim
994 2538 1154 2609 plane
1180 2536 1510 2609 stupendum
1540 2535 1644 2591 hoc
1675 2535 2019 2607 mysterium,
2052 2548 2118 2590 ac

526 2646 694 2703 supra
740 2629 1042 2686 humanum
1074 2635 1297 2699 captum
1335 2633 1452 2681 tota
1482 2626 1585 2680 ista
1609 2624 1879 2689 narratio,
1911 2631 1965 2679 et
1993 2638 2127 2693 quaa-

527 2723 664 2779 solis
715 2721 958 2793 Spiritus
1005 2718 1185 2775 sancti
1241 2717 1368 2773 filiis
1423 2717 1575 2772 clara
1623 2716 1694 2772 sit
1739 2723 1795 2771 et
1842 2715 2111 2786 exposita.

527 2815 668 2870 Erat
704 2813 891 2885 igitur,
933 2810 1132 2883 inquit,
1187 2811 1340 2882 quasi
1382 2825 1644 2864 annorum
1681 2824 1825 2876 nx;
1863 2808 2033 2878 ﬁlius,
2055 2816 2112 2863 ut

520 2906 835 2977 putabatur,
873 2902 1111 2972 Ioseph;
1153 2902 1245 2973 qui
1279 2900 1381 2971 fuit
1412 2900 1521 2967 Eli,
1552 2899 1644 2971 qui
1673 2898 1775 2969 fuit
1797 2896 2046 2953 Matthan
2069 2899 2108 2953 ³.

526 2995 665 3052 Tum
724 2994 791 3050 ad
846 2992 1219 3049 Abrahamum
1273 3004 1451 3062 usque
1498 2988 1871 3061 generationis
1916 2990 2112 3071 seriem

524 3089 758 3156 retexit;
789 3102 819 3142 a
851 3101 961 3159 quo
993 3084 1281 3142 Matthaeus
1318 3099 1553 3140 exorsus
1599 3092 1703 3139 est.
1752 3081 1859 3138 Sed
1884 3090 1939 3137 et
1972 3080 2110 3137 Noe-

525 3195 673 3235 inum
706 3186 950 3249 superat,
990 3183 1045 3232 et
1073 3174 1140 3231 ad
1173 3175 1442 3232 Adamum
1474 3175 1744 3246 pervenit,
1781 3181 1838 3229 ut
1864 3190 1990 3230 eum
2016 3174 2111 3244 qui

523 3274 739 3346 primus
766 3272 1012 3327 omnium
1057 3270 1330 3326 formatus
1364 3276 1483 3325 erat
1527 3270 1595 3325 ab
1629 3284 1696 3325 eo
1733 3268 1826 3340 qui
1865 3283 1929 3323 ex
1967 3267 2112 3323 illius

518 3380 730 3431 massa,
764 3363 825 3420 Β.
860 3362 1121 3419 nimirum
1156 3360 1399 3433 Virgine,
1435 3368 1768 3433 propagatus
1801 3359 2000 3425 fuerat,
2042 3359 2111 3417 ad

523 3458 760 3512 salutem
805 3461 1146 3513 monstraret
1177 3467 1308 3509 esse
1345 3452 1661 3523 quaesitum.
1697 3451 1833 3507 Nam
1863 3460 1917 3507 et
1945 3451 2112 3522 hujus

523 3548 724 3622 ipsius,
784 3547 878 3618 qui
945 3545 1106 3602 fictus
1165 3551 1251 3600 est
1295 3542 1605 3615 quondam,
1659 3550 1713 3598 et
1763 3550 2111 3614 posterorum

523 3641 703 3713 ipsius
734 3653 902 3695 causa
934 3636 1257 3705 descendit;
1288 3651 1480 3694 eorum
1511 3636 1799 3703 duntaxat,
1834 3635 1928 3708 qui
1962 3652 2110 3692 sem-

528 3733 760 3805 piternae
794 3730 919 3785 vitae
943 3728 1325 3785 hmreditatem
1355 3728 1574 3799 assequi
1602 3727 1846 3785 student.
1884 3727 2111 3784 Demum

523 3837 654 3878 vero
714 3820 983 3875 Adamum
1037 3832 1259 3890 quoque
1305 3825 1727 3889 praetergressus
1754 3817 1860 3886 ait,
1885 3819 1975 3889 qui
2009 3818 2111 3888 fuit

530 3914 623 3970 Dei
649 3915 689 3966 ⁵.

2224 1886 2411 1958 κλητο,
2479 1888 2527 1940 εἰ
2587 1886 2661 1960 μὴ
2709 1887 2838 1959 ἔσχε
2889 1888 3128 1959 ταύτην;
3183 1888 3246 1944 '0
3306 1889 3363 1944 δὲ
3417 1890 3570 1946 ταῦτα
3609 1894 3732 1964 ἀμφι·

2223 1978 2435 2033 ϐάλλων
2479 1979 2668 2048 ἀγνοεῖ
2715 1979 2787 2033 τὰ
2830 1978 2972 2034 κατὰ
2998 1979 3091 2033 τὸν
3135 1979 3324 2052 νόμον,
3375 1981 3452 2035 δτι
3497 1982 3626 2049 ἐξότε
3654 1984 3736 2037 ὀνο-

2225 2071 2457 2142 μάζεται
2485 2071 2623 2144 γυνὴ
2655 2071 2833 2143 ἀνδρὶ,
2868 2071 2971 2126 κᾶν
3013 2088 3075 2126 τε
3121 2072 3392 2145 παρθένος
3416 2069 3469 2147 ᾖ,
3510 2074 3597 2129 κάν
3617 2093 3666 2129 τε
3695 2077 3736 2128 ἑν

2221 2163 2358 2233 οἴκῳ
2391 2163 2599 2237 πατρὸς
2637 2163 2718 2217 ἔτι
2754 2164 3009 2236 ὑπάρχει,
3036 2164 3177 2237 γυνὴ
3209 2163 3305 2220 τοῦ
3353 2167 3593 2239 ὀνόματος
3617 2169 3735 2240 μόνον

2221 2254 2439 2325 λέγεται
2469 2258 2504 2327 ἡ
2533 2253 2781 2327 τοιαύτη.
2833 2254 3038 2310 Τούτου
3094 2257 3258 2312 ἕνεκα
3306 2259 3335 2311 6
3380 2258 3523 2329 ἅγιος
3561 2259 3736 2329 ἄγγελός

2224 2362 2396 2418 φησι·
2448 2344 2549 2416 Μὴ
2617 2345 2888 2417 φοϐηθῇς
2945 2348 3317 2418 παραλαϐεῖν
3380 2350 3489 2421 τὴν
3544 2350 3739 2422 γυναῖκά

2222 2453 2361 2494 σου.
2409 2440 2521 2493 Καὶ
2553 2440 2641 2495 ἴνα
2678 2439 2755 2512 μή
2801 2457 2886 2505 τις
2915 2440 3133 2516 νομίσῃ,
3169 2443 3251 2497 ὅτι
3290 2443 3466 2515 πλάνη
3489 2461 3563 2509 τις
3590 2444 3739 2506 ἐντοῖς

2220 2529 2574 2601 Εὐαγγελίοις
2595 2548 2608 2562 ·
2667 2530 2971 2603 ἔκπληκτον
3015 2532 3124 2604 γὰρ
3174 2535 3235 2589 τδ
3285 2537 3583 2608 μυστήριον,
3622 2533 3738 2604 καὶὴ

2217 2621 2473 2694 διήγησις
2511 2621 2655 2693 ὑπὲρ
2697 2619 2986 2692 ἄνθρωπον
3008 2638 3022 2652 ο
3060 2622 3244 2691 μόνοις
3286 2624 3348 2678 δὲ
3388 2626 3496 2688 τοῖς
3521 2624 3637 2686 υἱοῖς
3670 2621 3737 2675 τοῦ

2220 2709 2381 2781 ἁγίου
2426 2711 2749 2784 Πνεύματός
2798 2714 2915 2767 ἐστι
2972 2713 3094 2769 λεία
3139 2716 3290 2770 πᾶσά
3338 2733 3399 2771 τε
3440 2715 3527 2769 καὶ
3560 2730 3742 2783 πεφωτι-

2229 2802 2553 2878 σμένη.*Ην
2570 2803 2685 2864 οὖν
2701 2808 2785 2875 ὡς
2809 2807 2961 2863 ἐτῶν
2986 2813 3061 2873 λ’,
3079 2809 3161 2877 ὡς
3200 2810 3512 2880 ἐνομίζετο,
3539 2809 3649 2875 υίὸς
3664 2804 3741 2860 τοῦ

2231 2898 2468 2968 Ἰωσὴφ,
2491 2900 2599 2973 τοῦ
2643 2901 2798 2971 Ἠλὶ,
2831 2901 2939 2958 τοῦ
2963 2902 3227 2959 Ματθάν.
3263 2904 3376 2958 Καὶ
3404 2902 3637 2974 ἀναφέρει
3671 2897 3745 2968 τὴν

2217 2995 2475 3067 γέννησιν
2506 2998 2598 3051 ἐπὶ
2626 2998 2717 3052 τὸν
2732 2998 2985 3070 Ἀϐραάμ
3000 3014 3014 3030 ⁸
3044 2998 3166 3053 ὅθεν
3186 2999 3280 3053 καὶ
3302 3000 3332 3052 6
3349 2998 3606 3061 Ματθαϊος
3626 2996 3743 3066 ἑνήρ-

2219 3083 2367 3151 ξατο.
2412 3087 2764 3159 ’Υπερὸαίνει
2810 3089 2870 3144 δὲ
2898 3090 2993 3145 τὸν
3040 3089 3186 3153 Νῶε,
3223 3091 3320 3143 καὶ
3362 3090 3544 3160 φθάνει
3568 3088 3646 3142 ἐπὶ
3678 3084 3744 3140 ’ὢν

2229 3177 2420 3250 Ἀδὰμ,
2457 3180 2545 3234 ἵνα
2575 3180 2669 3234 τὸν
2699 3181 2809 3235 ἀπὸ
2842 3180 3065 3253 πρώτης
3096 3180 3407 3237 πλασθέντα
3442 3182 3654 3253 σημάνῃ.
3677 3175 3744 3248 ζη-

2215 3268 2477 3340 τούμενον
2505 3269 2597 3324 διὰ
2620 3271 2714 3325 τοῦ
2760 3271 2870 3326 ἀπὸ
2916 3271 3010 3325 τοῦ
3058 3272 3387 3343 φυράματος
3420 3271 3572 3327 αὐτοῦ
3614 3264 3747 3323 ἐλθόν-

2213 3378 2328 3427 τος,
2382 3363 2662 3418 τουτέστιν
2703 3363 2813 3417 ἀπὸ
2868 3363 2971 3434 τῆς
3029 3363 3191 3433 ἁγίας
3240 3363 3518 3438 Παρθένου
3556 3360 3746 3432 Μαρίας.

2215 3450 2390 3509 Ἦλθε
2419 3456 2529 3526 γάρ
2559 3455 2626 3509 δι’
2670 3456 2875 3509 ἐκεῖνον
2905 3456 2995 3509 τὸν
3026 3456 3157 3509 ποτὲ
3181 3455 3508 3521 πλασθέντα,
3540 3455 3623 3508 καί
3659 3450 3749 3512 τοὺς

2214 3546 2311 3602 ἀπ’
2366 3547 2531 3604 αὐτοῦ
2583 3546 3044 3619 γεγεννημένους,
3102 3547 3359 3612 θέλοντας
3398 3548 3535 3619 ζωὴν
3582 3541 3748 3598 αἰώνιον

2216 3639 2643 3711 κληρονομῆσαι.
2694 3638 2966 3711 Ὑπερόὰς
3017 3639 3073 3693 δὲ
3114 3640 3207 3693 τὸν
3251 3640 3448 3712 Ἀδὰμ,
3489 3638 3639 3708 λέγει,
3672 3630 3747 3688 τοῦ

2218 3733 2384 3788 Θεοῦ.

2301 3992 2582 4048 Ἐντεῦθεν
2611 3992 2797 4047 λοιπὸν
2835 3992 2946 4065 (⁸51)
2983 3987 3051 4064 ἦν
3091 3991 3422 4064 φανέρωσις,
3457 3992 3534 4045 ὅτι
3569 3984 3650 4039 τοῦ
3679 3981 3749 4052 μὲν

594 4003 724 4061 Inde
752 4019 917 4077 porro
950 4002 1242 4059 manifesto
1272 4009 1489 4059 constat
1519 3999 1615 4058 Dei
1650 4001 1801 4057 illum
1832 4001 2113 4058 exstitisse

520 4073 854 4167 Filium,qui
878 4111 941 4152 ex
965 4094 1158 4150 Adami
1188 4093 1396 4150 semine
1415 4093 1734 4148 continuata
1763 4095 2114 4148 successione

2223 4086 2351 4140 θεοῦ
2375 4082 2444 4159 ἦν
2475 4086 2625 4151 Υἱὸς,
2652 4086 2741 4141 διὰ
2769 4087 2827 4141 δὲ
2856 4085 2950 4139 τοῦ
2984 4084 3296 4158 σπέρματος
3326 4084 3423 4147 τοῦ
3465 4082 3620 4151 Ἀδὰμ
3646 4073 3751 4167 καῖά

521 4205 690 4245 carne
720 4165 983 4260 praeditus
1015 4187 1255 4243 advenit.
1291 4183 1494 4242 Verum
1530 4201 1600 4241 ne
1627 4184 1708 4241 sic
1738 4185 1955 4260 quidem
1980 4186 2112 4241 caeci

2223 4179 2469 4251 διαδοχὴν
2500 4181 2560 4233 ὲν
2595 4179 2757 4250 σαρκὶ
2790 4178 3141 4250 παρεγένετο.
3185 4176 3349 4231 Ἀλλὰ
3388 4176 3488 4229 οὐκ
3519 4165 3751 4260 ἔσχον-πά·

520 4258 772 4336 homines
817 4287 1025 4334 tantam
1076 4277 1255 4333 lucem
1309 4275 1592 4346 percipere
1633 4258 1965 4344 potuerunt;
2016 4274 2111 4330 sed

2223 4269 2300 4324 λιν
2322 4268 2602 4340 φωτισμὸν
2616 4270 2665 4322 οἱ
2683 4268 2931 4341 πεπλανη
2941 4267 3111 4340 μένοι.
3137 4267 3452 4337 Ἀντέλεγον
3471 4266 3525 4319 δὲ
3544 4262 3614 4333 τῷ
3626 4258 3749 4325 λάβε,

514 4371 667 4429 ultro
695 4388 725 4427 a
758 4373 991 4429 veritate
1021 4372 1358 4429 aberrantes.
1394 4375 1448 4422 et
1486 4358 1726 4423 errorem
1751 4368 2108 4432 asciscentes,

2223 4362 2446 4425 ἑαυτοὺς
2468 4360 2781 4425 πλανῶντες
2804 4360 2948 4432 ὑπὲρ
2975 4360 3075 4433 τὴν
3104 4358 3388 4431 ἀλήθειαν.
3424 4359 3677 4426 Ἐφασκον
3695 4346 3750 4405 δὲ.

518 4464 806 4520 catholicae
841 4464 1106 4519 dOClI‘illa?
1153 4458 1627 4517 contradicebant.
1674 4457 1766 4514 Sic
1800 4463 1945 4515 enim
1980 4459 2115 4529 obji-

2223 4452 2301 4506 ὅτι
2342 4449 2472 4505 Ἰδοὺ
2507 4451 2691 4525 τριτον
2733 4450 3066 4520 Εὐαγγέλιον
3096 4451 3159 4504 τὸ
3195 4449 3340 4504 κατά
3370 4450 3598 4504 Λουκᾶν.
3626 4441 3755 4538 Τοῦτο

520 4553 737 4610 ciebant
786 4571 800 4607 :
846 4553 992 4607 Ecce
1043 4551 1260 4607 tertium
1302 4549 1416 4619 jam
1471 4546 1825 4618 Evangelium
1884 4563 1914 4603 a
1962 4548 2111 4605 Luca

2223 4545 2332 4618 γὰρ
2357 4544 2643 4618 ἐπετράπη
2670 4542 2749 4614 τῷ
2774 4544 2977 4616 Δουκᾷ,
3005 4543 3117 4597 ὄντι
3143 4544 3236 4598 καὶ
3264 4542 3417 4615 αὐτῷ
3435 4540 3543 4614 (32)
3562 4538 3656 4595 ἀπὸ
3676 4532 3754 4586 τῶν

519 4638 913 4714 conscriptum.
960 4640 1033 4695 Ea
1069 4640 1267 4711 quippe
1306 4638 1588 4708 provincia
1622 4636 1782 4694 Lucae
1818 4638 2111 4695 commissa

2232 4633 2637 4707 Ἑὸδομήκοντα
2667 4633 2762 4688 δύο
2793 4633 2900 4688 τῶν
2929 4633 3465 4705 διασκορπισθέντων
3490 4632 3579 4685 ἐπὶ
3599 4627 3665 4699 τῷ
3686 4622 3755 4677 τοῦ

520 4738 615 4792 ιιιιὶ
672 4752 738 4792 ex
788 4751 934 4790 Lxxn
974 4732 1287 4802 discipulis,
1344 4746 1484 4801 quos
1527 4729 1731 4786 Christi
1782 4731 1873 4785 ille
1932 4747 2113 4788 sermo

2223 4731 2471 4803 Σωτῆρος
2510 4731 2686 4802 λόγῳ,
2719 4730 2807 4785 διὰ
2839 4731 2897 4784 δὲ
2931 4729 3145 4785 Παύλου
3174 4728 3268 4783 τοῦ
3302 4728 3461 4798 ἁγίου
3502 4725 3649 4779 πάλιν
3679 4722 3753 4772 i1:-

520 4829 839 4892 dissiparat,
871 4840 1033 4896 quem
1081 4824 1282 4880 deinde
1318 4822 1521 4878 Paulus
1565 4823 1849 4893 apostolus
1892 4838 2112 4879 revoca-

2223 4822 2637 4894 ανακάμψαντος
2673 4822 2810 4894 πρὸς
2834 4824 2928 4876 τδν
2955 4821 3181 4892 Κύριον,
3214 4817 3602 4891 ὲπιτραπέντος
3621 4809 3759 4868 δὲαύ-

584 4993 605 5023 ι¹
634 4989 776 5043 Luc.
816 5003 894 5050 ιιι,
926 4987 1017 5042 25.
1086 4987 1115 5019 ³
1152 4984 1342 5039 Matth.
1376 4999 1420 5046 ι,
1453 4982 1542 5039 20.
1619 4984 1638 5015 ³
1666 4980 1803 5037 Luc.
1841 4999 1923 5048 ιιι,
1951 4982 2023 5037 25
2057 4998 2117 5054 sq

2256 4983 2277 5013 ⁸
2301 4982 2432 5038 ibid.
2465 4983 2554 5039 58.

583 5143 811 5218 (ὅθΜιὰ
827 5142 898 5218 t6
910 5141 1746 5218 μεμνηστεῦθαιλιρεσόύζης.
1768 5137 1924 5218 Quod
1953 5136 2104 5196 Iose-

2223 5138 2518 5218 scripserit.
2573 5138 2693 5218 Sed
2718 5149 2933 5218 eontra
2975 5138 3223 5195 sentiunt
3249 5137 3522 5218 plerique:
3555 5142 3603 5218 ςι
3636 5128 3758 5218 itte}

513 5195 1106 5288 piILE'aégiépiia'jatﬁ
1164 5195 1329 5288 aetate
1353 5195 1580 5288 muriam
1601 5195 1820 5288 (ιιιξοτῆ
1842 5218 1999 5288 vetus
2018 5195 2103 5266 est
2209 5195 2346 5279 ipsis
2375 5209 2550 5288 Lucas
2582 5210 2774 5288 verbis
2787 5211 3071 5288 colligunt,
3109 5225 3235 5288 cum
3251 5195 3389 5288 'ait_:
3406 5195 3761 5288 ’Ἔδεξξξιᾷίξῗξ

515 5272 722 5358 opinio.
740 5272 897 5351 Quod
912 5272 1414 5358 atit'enLlihet-osex
1441 5282 1623 5358 priore
1651 5280 1836 5358 aliqua
1865 5281 2101 5351 conjuge

2223 5272 2718 5358 παρηκολουθηκότι
2744 5272 2949 5358 ἄνωθεν
2980 5272 3146 5358 πᾶσιν
3178 5278 3421 5358 ἀκριὸῷς
3458 5272 3761 5358 καθεξῇί

515 5342 839 5428 susceperit,
871 5355 974 5428 etsi
1005 5353 1058 5409 id
1085 5352 1424 5428 Epiphanius
1439 5342 1640 5422 aliique
1660 5342 1872 5428 veteres
1893 5342 2101 5428 meme:
2207 5342 2439 5428 γρᾶᾤαι.
2469 5342 2814 5428 ὃθᾱίαιιιιιιιι
2834 5351 3010 5413 abest,
3029 5360 3087 5405 ut
3110 5350 3227 5405 haec
3247 5342 3575 5428 discipulum
3592 5342 3761 5428 ϋιιςίξίί

516 5367 839 5428 susceperit,
871 5367 974 5411 ets:
1005 5367 1058 5409 ια
1085 5367 1424 5424 uptpnamus
1439 5367 1640 5422 autque
1660 5367 1872 5405 veteres
1893 5367 2101 5405 memo—
2206 5367 2439 5474 γραψαι.
2470 5367 2573 5406 Seu
2604 5367 2814 5405 tantum
2834 5367 3010 5413 abest.
3029 5367 3087 5405 ut
3110 5367 3227 5405 naec
3247 5367 3575 5419 (llSClpllluln
3592 5367 3759 5397 hune-.-

516 5428 611 5482 τίω
650 5426 1013 5497 prodiderint,
1079 5425 1381 5479 reclamant
1421 5429 1604 5477 tamen
1657 5420 1856 5476 merito
1907 5421 2098 5477 caeteri
2235 5423 2401 5487 uisse,
2452 5436 2518 5476 ac
2576 5437 2684 5476 non
2726 5421 3006 5491 pleraque,
3036 5436 3163 5491 cum
3215 5420 3283 5474 ab
3328 5434 3394 5474 eo
3452 5417 3756 5495 gererenltlfv

516 5510 727 5547 omnes.
760 5496 835 5547 De
863 5510 971 5547 nua
1006 5511 1068 5547 re
1093 5493 1361 5547 Baronius
1399 5493 1454 5545 in
1486 5494 1683 5547 Amar.
2206 5493 2383 5547 oculis
2411 5507 2712 5547 usurpasse
2745 5500 2963 5547 neaeut.
2994 5499 3054 5547 ut
3083 5490 3423 5545 contrarium
3463 5494 3637 5547 οοιιιιε
3660 5480 3759 5532 hinc

610 5512 727 5549 nes.
762 5507 835 5549 U6
863 5510 971 5549 uua
1006 5511 1068 5549 re
1093 5507 1361 5548 ὕει-οηιιιε
1399 5509 1454 5545 In
1486 5507 1683 5549 amur.

513 5510 727 5551 omnes.
762 5504 835 5550 De
863 5510 971 5565 qua
1006 5511 1068 5550 re
1093 5504 1361 5548 Bal-omns
1399 5509 1454 5545 ιιι
1486 5504 1683 5562 Appar.

532 5636 537 5637 ί
587 5565 698 5637 (ξι)
748 5565 1057 5637 Ἐντεῦθεν·
1105 5564 1334 5637 τοίνυν.
1390 5562 1543 5637 Haec__
1564 5564 1756 5637 igituc
1782 5561 1949 5637 verba
2012 5560 2105 5637 τού

2223 5504 2383 5547 )cuus
2411 5507 2712 5561 usurpasse
2745 5504 2963 5563 negent,
2994 5504 3054 5547 ut
3083 5504 3423 5545 contrarium
3463 5504 3637 5556 pouus
3660 5504 3759 5532 ιιιιιι

2223 5563 2335 5618 elici
2373 5564 2566 5637 possit.
2626 5559 2865 5637 Verbum
2896 5557 3508 5637 eninu_7rapaxolou0r~:iv
3542 5561 3761 5637 ιιοῐξιψξ·

516 5628 653 5689 θεοῦ
680 5628 690 5636 ’
719 5634 786 5687 ad
843 5633 1032 5690 Jesum
1073 5636 1351 5704 pertinere
1400 5628 1631 5689 credidit
1661 5632 1858 5703 Epiph.
1895 5646 2004 5687 non
2036 5633 2104 5687 ad
2208 5628 2389 5705 quam'
2408 5633 2476 5687 ad
2510 5648 2629 5705 eam
2682 5628 2934 5705 notitiam
2987 5628 3245 5696 refertur,
3277 5644 3397 5701 quae
3429 5628 3759 5705 oculisnipstsj

515 5706 811 5774 Adamum:
1024 5770 1045 5774 Δ
1073 5696 1091 5704 ’
1555 5772 1570 5774 Α
1655 5772 1674 5774 Α
1707 5696 1725 5702 ’
1765 5696 1783 5703 ’
1843 5771 1864 5774 _
2210 5696 2275 5757 ac
2305 5704 2527 5774 propria
2582 5703 2945 5774 intelligentia
3003 5696 3396 5774 comparatur,_
3421 5713 3528 5774 non
3561 5696 3759 5774 ξιίξρτυίίι

575 5771 701 5843 βξ)
736 5771 821 5838 Τῷ
843 5770 1071 5837 Λουκᾷ,
1123 5775 1249 5829 ὄντι
1296 5774 1395 5829 καὶ
1423 5772 1602 5839 αὐτῷ.
1641 5772 1798 5843 Quod
1843 5771 2021 5829 Lucas
2071 5788 2103 5828 e

2223 5766 2575 5830 serinouibus.
2645 5773 2709 5828 Ut
2738 5766 2863 5827 c'tim
2924 5766 3191 5837 DemosL,
3240 5774 3301 5843 ὲν
3329 5769 3407 5840 τῷ
3444 5767 3577 5843 Περὶ
3604 5766 3762 5843 Παραζ

515 5839 915 5920 discipulorum
939 5856 1165 5920 numch
1197 5844 1611 5920 fuerit._asserit
1635 5852 1689 5898 et
1705 5842 2026 5920 _D_qrot_heus
2046 5843 2100 5898 in
2205 5846 2550 5920 πρεσϐείας,
2583 5844 2651 5920 de
2676 5843 2971 5920 Aischine.
3004 5845 3165 5920 cujus
3209 5843 3276 5920 in_
3297 5839 3564 5910 legatione
3605 5839 3757 5920 ίςοῐξιςξ

508 5913 768 5981 Synopxi,
796 5912 1049 5985 quamvis
1070 5912 1122 5967 id
1152 5914 1328 5982 ipsum
1353 5914 1421 5971 ab
1447 5930 1512 5971 co
1537 5913 1718 5987 negari
1754 5913 2097 5971 Maldonatus

2223 5915 2415 5981 'uerat,
2469 5917 2550 5971 sic
2604 5916 2845 5986 loquitur
2879 5932 2892 5968 :
2930 5914 3040 5978 Καὶ
3076 5912 3123 5968 ο
3182 5912 3375 5967 τούτου
3410 5912 3750 5979 πονηρεύματα

2206 5493 2383 5547 oculis
2411 5507 2712 5563 usurpasse
2738 5490 2963 5563 negent,
2994 5499 3054 5547 ut
3083 5490 3423 5563 contrarium
