3958 6422
536 328 700 435 ου’

1961 374 2021 433 S.
2069 373 2420 432 EPIPIIANII

3677 380 3754 438 Si!

547 508 722 566 neque
763 491 830 548 ab
856 489 1048 556 Iacob,
1083 497 1175 545 aut
1201 488 1374 555 Isaac,
1403 495 1497 544 aut
1531 489 1601 546 ab
1629 487 1821 546 Adami
1858 503 1921 544 ac
1954 488 2143 546 Noemi

2254 490 2370 555 Βαν,
2403 486 2528 542 οὔτε
2556 485 2740 553 Δασιδ,
2776 485 2899 541 οὔτε
2927 486 3036 541 ἀπὸ
3081 486 3298 554 Ἰακὼϐ,
3325 485 3441 542 οὔτε
3470 488 3565 544 ἀπὸ
3600 492 3754 558 Ἰσαὰκ,

547 587 954 656 Abrahamique
983 585 1321 662 temporibus
1347 601 1362 652 ;
1406 584 1499 641 sed
1525 599 1624 640 nec
1658 599 1687 638 a
1712 584 1802 640 die
1819 583 2030 656 quinta,
2059 585 2142 639 Vel

546 693 764 752 quar'a,
788 681 870 736 vel
903 679 1082 741 tertia,
1113 678 1196 732 vel
1219 677 1457 734 secunda
1485 695 1499 743 ;
1525 677 1634 732 imo
1656 692 1724 732 ne
1742 693 1810 732 ex
1831 693 1897 733 eo
1921 677 2142 748 quidem

548 785 812 844 tmupore,
845 787 957 842 quo
983 771 1182 826 cmlum
1207 784 1271 824 ac
1297 777 1447 824 terra
1472 769 1820 840 mundusque
1846 767 2146 824 fabricatus

549 879 632 922 est
666 886 679 922 :
713 863 808 920 sed
843 861 909 919 In
937 863 1198 935 principio
1229 872 1345 916 erat
1395 860 1644 928 Verbum,
1684 873 1734 916 et
1773 862 1992 917 Verbum
2032 869 2148 915 erat

548 957 689 1027 apud
719 956 907 1020 Deum,
947 963 996 1009 et
1025 953 1166 1008 Deus
1195 961 1314 1008 erat
1347 951 1592 1006 Verbum.
1628 949 1823 1006 Omnia
1861 964 1954 1018 per
1977 950 2147 1018 ipsum

547 1053 694 1122 facta
721 1058 866 1110 sunt,
899 1057 950 1101 et
977 1047 1090 1100 sine
1109 1046 1221 1115 ipso
1245 1043 1446 1113 factum
1479 1052 1557 1098 est
1588 1042 1742 1106 niltil,
1773 1041 1912 1112 quod
1945 1040 2148 1110 factum

549 1153 648 1199 est.
679 1149 788 1196 ctc.
815 1139 879 1194 Et
919 1137 1140 1193 Verbum
1165 1153 1291 1191 caro
1325 1137 1528 1208 factum
1567 1144 1667 1198 est,
1703 1145 1752 1189 et
1798 1133 2052 1188 habitavit
2096 1133 2149 1186 in

551 1233 724 1296 nobis,
766 1243 815 1288 et
859 1231 1084 1286 vidimus
1139 1229 1294 1288 illud.
1333 1228 1574 1283 Deinde:
1629 1226 1754 1280 Fuit
1779 1225 1933 1280 homo
1955 1225 2149 1278 missus

553 1343 584 1379 a
632 1325 772 1388 Deo,
815 1325 902 1378 cui
927 1339 1115 1376 nomen
1142 1329 1256 1376 erat
1279 1319 1536 1375 Ioannes.
1584 1316 1687 1372 Hic
1730 1319 1864 1372 venit
1899 1318 1954 1370 in
2011 1319 2152 1370 testi-

552 1419 809 1477 monium,
863 1426 919 1469 ut
954 1415 1311 1470 testimonium
1359 1411 1648 1482 perhiberet
1703 1410 1768 1463 de
1823 1409 2040 1472 lumine,
2090 1419 2148 1461 ut

555 1529 732 1565 onmes
785 1511 1052 1564 crederent
1101 1523 1194 1576 per
1243 1506 1419 1560 illum.
1477 1504 1599 1558 Non
1644 1513 1760 1558 erat
1801 1505 1929 1565 lux,
1973 1503 2062 1557 sed
2092 1511 2164 1554 ut-

546 1603 913 1674 testimonium
952 1599 1244 1669 perhiberet
1290 1597 1354 1652 de
1394 1597 1612 1651 lumine.
1671 1595 1804 1649 Erat
1847 1597 1941 1648 lux
1989 1611 2146 1658 vera,

555 1709 674 1763 qua:
706 1692 978 1746 illuminat
1025 1707 1229 1746 onmem
1263 1689 1526 1743 hominem
1575 1688 1861 1742 venientem
1904 1687 1958 1740 in
2015 1686 2151 1740 hunc

556 1785 834 1840 uin-nium.
894 1782 959 1838 In
1023 1781 1218 1836 mundo
1278 1789 1416 1843 erat,
1460 1790 1510 1835 et
1568 1778 1796 1833 mundus
1837 1793 1928 1847 per
1976 1779 2148 1849 ipsum

557 1876 730 1945 factus
757 1884 856 1938 est,
896 1884 944 1928 et
970 1871 1195 1927 mundus
1223 1888 1340 1926 eum
1395 1887 1497 1924 non
1536 1872 1795 1942 cognovit.
1837 1867 1902 1924 In
1933 1885 2042 1938 pro,
2067 1870 2151 1922 ria

556 1969 714 2035 venit,
767 1977 817 2023 et
871 1968 954 2022 sui
982 1983 1100 2021 eum
1149 1983 1252 2020 non
1299 1975 1622 2033 receperunt.
1670 1963 1834 2037 435
1883 1963 2153 2034 Quotquot

556 2073 734 2116 autem
761 2069 1062 2131 receperunt
1089 2076 1229 2125 eum,
1262 2057 1405 2112 dedit
1439 2059 1512 2112 eis
1543 2065 1856 2126 potestatem
1881 2056 2023 2125 ﬁlios
2059 2054 2155 2109 Dei

556 2158 676 2228 ﬁeri
708 2173 725 2211 :
765 2156 854 2227 qui
885 2172 984 2209 non
1024 2169 1090 2207 ex
1123 2151 1471 2224 sanguinibus
1512 2161 1559 2206 et
1606 2167 1786 2208 carne.
1831 2150 1921 2204 sed
1962 2165 2027 2203 ex
2047 2149 2154 2203 Deo

2245 579 2370 634 οὒτε
2395 580 2503 636 ἀπὸ
2529 580 2738 652 χρόνων
2760 579 2854 633 τοῦ
2891 579 3088 650 Ἀδὰμ,
3109 578 3234 634 οὔτε
3254 581 3397 645 Νῶε,
3418 580 3756 656 οὓτεἋϐραὰμ,
3782 647 3790 658 ι

2245 673 2372 727 οὔτε
2404 673 2513 728 ἀπὸ
2548 673 2648 744 τῆς
2675 673 2934 744 πέμπτης
2959 673 3194 744 ἡμέρας,
3226 671 3349 726 οὔτε
3377 673 3478 727 ἀπὸ
3505 675 3592 744 τῆς
3615 678 3760 748 τετάρ-

2246 781 2348 836 της
2375 763 2612 835 ἡμέρας,
2639 761 2765 816 οὔτε
2793 762 3034 834 ἀπὺ-τῆς
3065 763 3278 836 τρίτης,
3310 761 3430 818 οὕτε
3457 765 3554 818 ἀπὸ
3577 765 3659 838 τῆς
3677 765 3763 821 δευ-

2246 859 2434 930 τέρας,
2461 855 2586 911 οὖτε
2616 854 2806 922 ὲξότου
2833 855 3065 927 οὐρανὸς
3092 856 3186 909 καὶ
3210 857 3244 926 ή
3274 856 3345 926 γῆ
3373 856 3652 928 γεγένηται,
3675 859 3762 913 οὔτε

2249 951 2434 1018 ess—.9»
2457 951 2486 1003 ὁ
2514 949 2740 1019 κόσμος·
2778 947 2913 1001 ἀλλὰ
2951 948 3057 1001 Ἐν
3084 945 3245 1017 ἀρχῇ
3273 943 3352 1018 ἦν
3382 951 3413 1002 ὁ
3436 951 3624 1019 Λόγος,
3647 951 3760 1006 ualli

2251 1044 2442 1112 Λόγος
2469 1038 2549 1120 ᾖν
2572 1041 2724 1111 πρέις
2755 1040 2864 1093 τὸν
2895 1038 3066 1104 Θεὸν,
3113 1039 3213 1092 καὶ
3249 1039 3389 1108 Θεὸς
3435 1037 3510 1112 ἦν
3547 1045 3576 1095 ό
3607 1045 3762 1112 Λόγος.

2253 1134 2458 1190 Πάντα
2477 1133 2552 1187 δι’
2576 1133 2766 1188 αὐτοῦ
2791 1133 3055 1202 ἐγένετο,
3084 1132 3180 1186 καὶ
3203 1132 3381 1203 χωρὶς
3402 1133 3574 1189 αὐτοῦ
3589 1135 3766 1206 ἐγένετο

2252 1226 2396 1282 (πὺδέ
2425 1226 2515 1294 ἐν,
2547 1226 2580 1280 ὃ
2611 1226 2844 1297 γέγονε,
2884 1225 2979 1280 καὶ
3006 1226 3075 1279 τὰ
3107 1225 3254 1297 ἑξῆς.
3280 1227 3387 1281 Kal
3417 1230 3448 1282 ό
3471 1229 3639 1299 Λόγος
3655 1230 3767 1298 σὰρξ

2253 1319 2516 1389 ἐγένετο,
2547 1320 2646 1374 καὶ
2677 1317 3037 1384 ἐσκήνωσεν
3055 1319 3125 1371 ἐν
3149 1318 3314 1389 ἡμῖν,
3357 1320 3451 1374 καὶ
3476 1320 3682 1392 εἴδομεν
3700 1325 3770 1376 ai»

2251 1413 2377 1466 τόν.
2413 1408 2566 1466 Εἶτα·
2617 1411 2882 1482 Ἐγένετο
2915 1410 3226 1478 ἄνθρωπος
3255 1411 3676 1482 ἀπεσταλμένος
3696 1429 3771 1466 :ta-

2243 1503 2324 1575 ρὰ
2360 1504 2530 1564 Θεοῦ.
2563 1504 2752 1574 ὄνομα
2789 1503 2951 1570 αὐτῷ
2991 1505 3285 1572 Ἰωάννης.
3331 1499 3513 1570 Οὗτος
3541 1500 3694 1574 ἦλθεν
3711 1508 3771 1572 εἰς

2247 1595 2600 1665 μαρτυρίαν,
2638 1594 2740 1647 ἵνα
2783 1594 3144 1664 μαρτυρήσῃ
3183 1595 3312 1663 περὶ
3353 1594 3455 1649 τοῦ
3495 1596 3678 1666 εεωτὸς,
3703 1599 3773 1650 ira

2252 1687 2478 1750 πάντες
2503 1687 2882 1740 πιστεύσωσι
2917 1685 2992 1740 δι’
3017 1687 3226 1740 αὐτοῦ.
3263 1689 3385 1742 οὐκ
3416 1683 3491 1759 ἦν
3521 1687 3712 1756 ἐκεῖνος
3728 1689 3772 1741 τε·

2252 1778 2400 1848 φῶς·
2446 1779 2585 1834 ἀλλ’
2627 1780 2730 1832 ἵνα
2769 1778 3132 1848 μαρτυρήσῃ
3174 1779 3306 1848 περὶ
3345 1779 3451 1833 τοῦ
3483 1784 3670 1850 φωτός.
3699 1778 3776 1836 Ἦν

2185 1855 2224 1909 Β
2253 1871 2319 1924 τὸ
2357 1869 2484 1940 φῶς
2517 1871 2582 1924 τὸ
2611 1871 2928 1940 ἀληθινὸν,
2965 1871 2998 1925 ὃ
3041 1870 3271 1941 φωτίζει
3311 1871 3506 1926 πάντα
3530 1872 3775 1942 ἄνθρωπον

2253 1964 2586 2033 ἐρχόμενον
2615 1965 2702 2029 εις
2734 1962 2843 2016 τὸν
2866 1965 3120 2032 κόσμον.
3159 1964 3256 2018 Ἐν
3280 1963 3364 2030 τῷ
3393 1968 3586 2035 κόσμῳ
3609 1963 3687 2036 ἦν,
3708 1967 3773 2020 και

2257 2059 2290 2110 ὀ
2321 2058 2552 2126 κόσμος
2585 2055 2659 2109 δι’
2692 2057 2882 2110 αὐτοῦ
2913 2056 3176 2127 ἐγένετο,
3211 2059 3310 2112 καὶ
3347 2062 3380 2113 ὁ
3414 2061 3620 2129 κόσμος
3643 2059 3778 2113 αὑτὸν

2256 2152 2368 2204 οὐκ
2388 2149 2562 2220 ἔγνω.
2598 2151 2704 2216 Εἰς
2729 2149 2800 2204 τὰ
2833 2148 2954 2203 ἴδια
2984 2145 3155 2220 ἦλθε,
3191 2149 3291 2204 καὶ
3329 2154 3383 2206 cl
3409 2150 3540 2206 ῖδιοι
3559 2151 3712 2204 αὑτὸν
3731 2153 3777 2203 ci'

556 2250 671 2303 nati
703 2258 848 2302 sunt.
883 2247 948 2301 Et
982 2245 1210 2301 Verbum
1239 2263 1365 2304 caro
1387 2245 1591 2314 factum
1615 2251 1714 2305 est,
1745 2243 1840 2307 ait,
1869 2257 1916 2297 et
1946 2241 2155 2296 habita-

2258 2242 2621 2311 παρέλαϐον.
2650 2243 2815 2296 Ὅσοι
2841 2242 2908 2296 δὲ
2930 2243 3153 2307 ἔλαϐον
3176 2243 3388 2308 αὑτὸν,
3407 2243 3615 2297 ἔδωκεν
3631 2241 3778 2306 αὐτός

556 2341 627 2393 vit
651 2340 706 2392 in
728 2339 880 2394 nobis
927 2338 1162 2392 Joannes
1188 2336 1546 2391 testimonium
1573 2333 1826 2403 perhibet,
1849 2343 1898 2386 et
1930 2333 2151 2398 clamat,

2259 2333 2555 2398 ἐξουσίαν
2585 2332 2769 2387 τέχνα
2799 2333 2952 2388 Θεοῦ
3001 2334 3297 2405 γενέσθαι·
3336 2335 3394 2388 οἳ
3425 2337 3530 2389 οὐκ
3568 2335 3628 2399 ἐξ
3661 2333 3781 2404 αἰμά-

555 2433 734 2486 dicens
765 2447 782 2486 :
819 2429 921 2484 Hic
953 2440 1068 2484 erat
1097 2447 1247 2501 quem
1285 2429 1401 2482 dixi
1425 2429 1607 2488 vobis;
1637 2437 1688 2482 et
1724 2427 1788 2482 de
1826 2427 2154 2497 plenitudine

2259 2441 2380 2478 των
2406 2424 2504 2478 καὶ
2532 2425 2786 2494 σαρκὸς,
2819 2425 2959 2480 ἀλλ’
2987 2426 3056 2480 ἐκ
3097 2426 3245 2480 Θεοῦ
3271 2426 3685 2497 ἐγεννήθησαν.
3707 2424 3781 2479 Kal

555 2525 670 2592 ejus
714 2541 808 2578 nos
847 2539 1024 2576 omnes
1066 2522 1382 2591 accepimus.
1433 2521 1499 2573 lit
1550 2518 1726 2572 dicit:
1764 2517 1872 2590 Ego
1900 2533 2001 2572 non
2034 2534 2151 2573 sum

2260 2521 2293 2572 ὀ
2333 2517 2524 2587 Λόγος
2553 2517 2712 2588 σὰρξ
2740 2517 3002 2588 ἐγένετο,
3045 2519 3200 2589 φησὶ,
3247 2518 3351 2572 καὶ
3393 2517 3785 2585 κατεσκήνωσεν

557 2613 826 2678 Christus,
854 2615 944 2670 sed
972 2629 1071 2669 vox
1101 2615 1383 2668 clamantis
1408 2614 1462 2666 in
1501 2615 1708 2666 deserto
1741 2611 1781 2666 ³.

2257 2610 2329 2663 ἐν
2361 2609 2525 2680 ἡμῖν.
2566 2609 2844 2678 Ἰωάννης
2866 2610 3175 2680 μαρτυρεῖ,
3214 2611 3312 2664 καὶ
3355 2611 3597 2681 κέκραγε
3620 2610 3780 2677 λέγων·

561 2708 753 2778 Οὗτος
785 2707 885 2782 ἦν,
920 2710 992 2765 ὃν
1019 2707 1196 2764 εἶπον
1221 2707 1382 2778 ὑμῖν·
1415 2709 1515 2763 καὶ
1555 2708 1645 2762 ὅτι
1686 2709 1755 2762 ἐκ
1788 2705 1896 2761 τοῦ
1952 2705 2350 2777 πληρώματος
2402 2705 2589 2763 αὐτοῦ
2630 2706 2798 2779 ἡμεῖς
2845 2707 3071 2775 πάντες
3119 2707 3436 2779 ἐλάϐομεν.
3494 2710 3594 2764 Kal
3651 2709 3783 2775 λέγει·

561 2811 685 2861 οὐκ
717 2806 831 2875 ειμι
862 2804 978 2875 ἐγὼ
1011 2808 1044 2860 ὁ
1077 2803 1356 2874 Χριστὸς,
1389 2802 1552 2859 ἀλλὰ
1583 2803 1755 2874 φωνὴ
1779 2800 2058 2868 ,βοῶντος
2089 2802 2158 2856 ἐν
2194 2799 2268 2871 τῇ
2295 2799 2512 2872 ἐρήμῳ.

631 2899 771 2954 XIII.
801 2898 1014 2966 Quibus
1045 2899 1333 2969 expositis,
1373 2899 1450 2952 ita
1505 2895 1701 2952 deinde
1743 2897 2102 2968 prosequitur
2133 2915 2146 2950 :

2339 2893 2436 2948 Il".
2467 2893 2574 2948 Καὶ
2599 2893 2687 2948 ὅτε
2716 2893 2985 2967 διηγεῖται
3017 2893 3193 2949 ταῦτα
3225 2894 3428 2958 πάντα,
3463 2893 3618 2964 λέγει·
3652 2890 3787 2948 Ταῦτα

564 2992 694 3048 Ilwc
722 2993 774 3046 in
800 2990 1102 3045 Bethabara
1131 2989 1280 3060 facta
1309 2998 1431 3044 sunt
1451 2990 1492 3041 '.
1523 2987 1578 3043 lu
1611 2988 1734 3043 aliis
1753 2988 2155 3060 exemplaribus

2266 2987 2338 3042 ἐν
2351 2985 2670 3058 Βηθαὸαρᾷ
2689 2987 2798 3059 (56)
2817 2985 3077 3059 ἐγένετο.
3101 2987 3193 3040 Ἐν
3212 2986 3398 3051 ἄλλοις
3415 2986 3470 3040 δὲ
3485 2985 3786 3058 ἀντιγράφοις,

559 3094 644 3139 est
677 3101 690 3140 :
727 3083 1009 3146 Bethania,
1059 3093 1206 3136 trans
1243 3079 1557 3136 Iordanem.
1605 3077 1737 3135 Post
1789 3079 1903 3135 haec
1966 3085 2155 3134 narrat

2266 3079 2338 3134 ἐν
2358 3083 2648 3150 Βηθανίᾳ,
2680 3081 2872 3150 πέραν
2895 3079 3002 3134 τοῦ
3037 3080 3359 3148 Ἰορδάνου.
3393 3079 3501 3134 Καὶ
3525 3078 3646 3150 μετὰ
3667 3075 3790 3130 ταῦτα

557 3177 788 3235 Ioannis
828 3175 1132 3246 discipulos
1184 3175 1552 3244 interrogasse
1587 3192 1600 3229 :
1647 3170 1838 3237 Rabbi,
1874 3171 1966 3226 ubi
2005 3169 2155 3225 habi-

2261 3173 2556 3236 δείκνυσιν,
2587 3173 2670 3226 ὅτι
2705 3169 2859 3227 εἷπον
2891 3171 3041 3242 αὐτῷ
3067 3174 3115 3226 οἱ
3147 3166 3254 3226 eius
3276 3171 3377 3226 τοῦ
3409 3171 3639 3226 Ἰωάννου
3663 3167 3788 3238 μαθη-

563 3269 931 3337 tastQuibus
979 3268 1070 3323 ille
1122 3265 1443 3338 respondit:
1487 3264 1689 3331 Venite,
1735 3273 1784 3320 et
1843 3265 2030 3320 videte.
2090 3261 2158 3317 Et

560 3363 826 3425 abierunt,
857 3369 907 3416 et
935 3359 1073 3428 apud
1101 3375 1218 3412 eum
1251 3367 1558 3412 manserunt
1587 3356 1671 3410 die
1706 3356 1820 3410 illa.
1857 3353 1922 3410 Et
1949 3366 2159 3425 postera

560 3457 668 3520 die,
712 3454 846 3508 hora
887 3461 1003 3508 erat
1049 3453 1203 3523 quasi
1247 3451 1498 3515 decima;
1541 3460 1655 3504 erat
1699 3449 1940 3504 Andreas
1991 3449 2161 3516 frater

564 3549 800 3606 Simonis
853 3547 1002 3602 Petri
1051 3563 1188 3600 unus
1230 3561 1295 3600 ex
1342 3544 1547 3598 duobus
1594 3545 1683 3614 qui
1737 3544 1904 3598 secuti
1946 3543 2159 3614 fuerant

561 3660 704 3699 eum.
741 3640 944 3698 Invenit
983 3638 1068 3692 hic
1102 3639 1307 3706 primus
1335 3639 1558 3708 fratrem
1597 3651 1755 3692 suum
1794 3633 2086 3701 Simonem,
2110 3644 2159 3689 et

563 3735 694 3789 dicit
739 3733 790 3788 ei
835 3749 855 3787 :
911 3729 1214 3786 Invenimus
1274 3729 1568 3793 Messium,
1626 3730 1716 3801 qui
1776 3727 2161 3799 interpretatur

567 3822 833 3882 Christus.
879 3823 984 3878 llic
1011 3822 1237 3876 adduxit
1273 3840 1392 3877 eum
1431 3822 1500 3876 ad
1537 3820 1744 3876 Iesum.
1795 3819 2034 3875 Intuitus
2061 3837 2153 3874 au-

568 3929 812 3972 tenreum
841 3913 999 3970 Iesus
1043 3914 1228 3968 dixit:
1267 3913 1346 3968 Tu
1384 3931 1437 3968 es
1480 3911 1666 3968 Simon
1703 3913 1849 3984 ﬁlius
1886 3911 2067 3977 Iona;
2104 3925 2157 3966 tu

565 4006 837 4062 vccnberis
863 4004 1088 4076 Cephas,
1115 4003 1254 4076 quod
1285 4006 1666 4076 interpretatur
1701 4003 1910 4058 Petrus.
1944 4003 2011 4058 In
2044 3995 2160 4058 εἷα-

565 4099 766 4151 stinum
800 4097 962 4150 voluit
993 4095 1136 4149 exire
1174 4095 1228 4148 in
1271 4092 1576 4160 Galilwam,
1620 4103 1668 4149 et
1709 4094 1902 4148 invenit
1953 4092 2160 4164 Philip-

563 4205 711 4259 pum,
738 4196 792 4244 et
825 4188 953 4243 dicit
975 4189 1024 4244 ei
1044 4187 1241 4242 Iesus:
1270 4185 1494 4259 Sequere
1525 4204 1624 4242 me.
1651 4185 1786 4240 Erat
1823 4195 1999 4242 autem
2031 4185 2161 4240 Phi-

568 4283 739 4354 lippus
768 4299 800 4336 a
832 4281 1142 4345 Bethsaida,
1178 4281 1387 4335 civitate
1421 4280 1650 4336 Andreae
1681 4288 1730 4334 et
1755 4278 1922 4334 Petri.
1952 4277 2161 4334 Invenit

566 4376 848 4458 Philippus
914 4373 1260 4438 Nathanael,
1313 4381 1363 4428 et
1412 4374 1540 4428 dicit
1591 4375 1689 4427 ei:
1733 4373 1901 4440 Quem
1943 4373 2160 4444 scripsit

567 4467 780 4540 Moyses
805 4467 860 4520 in
890 4467 1018 4536 lege,
1055 4475 1104 4520 et
1139 4466 1422 4534 prophetw,
1448 4466 1738 4520 invenimus
1769 4465 1953 4518 Iesum
1985 4465 2159 4534 [ilium

566 4559 761 4629 Ioseph
789 4575 820 4612 a
856 4558 1152 4613 Nazareth.
1187 4559 1251 4611 Et
1282 4559 1419 4610 dixit
1442 4559 1492 4611 ei
1520 4557 1868 4612 Nathanael:
1901 4561 1939 4610 Α
1975 4555 2161 4611 Naza-

568 4653 682 4708 reth
719 4661 890 4721 potest
924 4651 1128 4722 aliquid
1173 4652 1293 4705 boni
1341 4655 1493 4706 esse?
1546 4651 1687 4704 Dicit
1738 4651 1788 4704 ei
1839 4649 2159 4720 Philippus:

580 4743 709 4799 Veni
747 4754 796 4798 et
848 4743 982 4798 vide.
1023 4742 1216 4796 Videtis
1291 4753 1464 4796 autem
1509 4741 1668 4797 Iesus
1718 4739 2024 4796 Nathanael
2073 4759 2160 4797 ve-

566 4839 796 4894 nientem
827 4836 897 4890 ad
935 4853 992 4890 se
1022 4835 1160 4890 dixit
1201 4835 1265 4890 de
1291 4835 1403 4904 ipso
1432 4852 1449 4889 :
1485 4835 1617 4889 Ecce
1641 4851 1756 4889 vere
1795 4833 2068 4895 Israelita,
2106 4836 2160 4886 in

565 4948 668 5003 quo
699 4929 856 4984 dolus
909 4945 1013 4983 non
1067 4936 1166 4984 est.
1222 4926 1365 4982 Dicit
1408 4930 1458 4982 ei
1507 4926 1863 4982 Nathannel:
1900 4926 2047 4982 Unde
2081 4944 2159 4982 me

567 5025 752 5080 nosti?
785 5021 1073 5092 Respondit
1105 5019 1288 5086 Iesus,
1339 5031 1389 5077 et
1431 5022 1575 5075 dixit
1620 5021 1669 5078 ei
1697 5037 1714 5076 :
1753 5019 2079 5091 Priusquam
2112 5031 2160 5076 te

570 5116 851 5185 Philippus
881 5123 1110 5177 vocaret,
1153 5129 1271 5168 cum
1313 5129 1452 5168 esses
1494 5113 1590 5168 sub
1629 5113 1736 5184 ﬁcu
1788 5113 1894 5167 vidi
1937 5122 2002 5167 te.
2055 5111 2158 5168 Re-

566 5209 776 5278 spondit
799 5210 849 5263 ei
881 5206 1209 5270 Nathanael,
1244 5217 1293 5260 et
1333 5206 1470 5260 dixit
1501 5221 1520 5260 :
1551 5196 1738 5270 Rabbi,
1783 5215 1839 5259 tu
1881 5221 1933 5260 es
1983 5204 2159 5259 Filius

569 5299 686 5368 Dei,
719 5312 775 5356 tu
803 5319 858 5360 es
897 5317 989 5356 rex
1020 5299 1218 5356 Israel.
1249 5285 1536 5367 Respondit
1587 5295 1765 5354 Iesus.
1796 5307 1846 5353 et
1888 5297 2024 5352 dixit
2065 5300 2159 5354 ei:

570 5395 708 5459 Quia
741 5395 857 5448 dixi
887 5395 1020 5448 tibi:
1063 5393 1183 5448 Vidi
1231 5401 1278 5447 te
1327 5391 1422 5446 sub
1463 5393 1589 5461 ﬁcu,
1628 5391 1840 5446 credis?
1867 5387 2048 5460 Hujus
2079 5391 2162 5446 his

569 5485 788 5539 videbis.
822 5486 888 5538 Et
918 5487 1054 5540 dixit
1086 5487 1134 5540 ei
1163 5502 1180 5539 :
1213 5486 1399 5548 Amen,
1433 5501 1584 5538 amen
1622 5483 1741 5538 dico
1772 5481 1937 5549 vobis,
1966 5481 2161 5536 videbi--

645 5643 662 5674 ³
687 5641 847 5698 Joa’n.
881 5658 922 5704 ι,
954 5645 973 5696 i
1010 5661 1132 5714 sqq.
1209 5645 1229 5676 '
1263 5643 1396 5699 ibid.
1428 5643 1498 5699 28
1523 5659 1645 5714 sqq.

642 5799 756 5868 (56)
793 5797 987 5853 Ταῦτα
1010 5797 1079 5850 ἐν
1103 5797 1435 5869 Βηθαϐαρᾷ.
1469 5797 1712 5868 Utraque
1741 5813 1840 5852 vos
1880 5805 1935 5852 et
1967 5795 2164 5869 Bethe-

575 5865 818 5937 bara,'ct
850 5869 1112 5923 Bethania
1172 5865 1636 5951 apud—antiquos
1678 5870 1969 5940 reperitur.
2025 5866 2162 5924 Vide

2263 3265 2374 3318 ταί·
2418 3266 2630 3327 Ῥαϐϐὶ,
2685 3265 2803 3318 ποῦ
2852 3265 3091 3332 pert-21c;
3131 3265 3189 3318 Ὁ
3222 3263 3277 3318 δὲ
3320 3259 3467 3318 εἴπεο
3514 3261 3686 3326 Δεῦτε,
3724 3257 3790 3314 καὶ

2265 3358 2440 3413 were.
2483 3360 2594 3414 Kal
2635 3358 2937 3436 ἀπῆλθον,
2983 3358 3080 3411 καὶ
3114 3359 3248 3428 παρ’
3275 3356 3444 3424 αὐτῷ
3475 3357 3692 3427 ἔμειναν
3713 3351 3791 3419 τὴν

2261 3447 2495 3520 ἡμέραν
2509 3449 2770 3517 ἐκείνην.
2795 3447 2904 3503 Καὶ
2931 3446 3006 3516 τῇ
3021 3446 3250 3515 αὔριον,
3275 3443 3402 3514 ὥρα
3425 3442 3500 3516 ἦν
3514 3445 3586 3511 ὡς
3605 3438 3788 3505 δεκάτη⁹

2262 3538 2344 3613 ἦν
2382 3541 2656 3610 Ἀνδρέας
2700 3544 2733 3596 ό
2775 3539 3043 3609 ἀδελφὸς
3091 3540 3364 3607 Σίμωνος
3397 3537 3631 3606 Πέτρου,
3660 3529 3728 3598 εἷς
3743 3529 3790 3584 ἐκ

2263 3634 2384 3689 τῶν
2421 3634 2532 3690 δύο
2579 3633 2699 3688 τῶν
2742 3631 3298 3700 ἀκολουθησάντων
3347 3630 3530 3698 αὐτῷ.
3573 3627 3790 3696 Εὑρίσκω

2264 3724 2444 3795 οὗτος
2468 3726 2700 3796 πρῶτος
2729 3727 2838 3779 τὸν
2860 3724 3130 3794 ἀδελφὸν
3153 3725 3260 3778 τὶν
3289 3723 3452 3780 ἴδιον
3485 3723 3705 3794 Σίμωνα,
3723 3716 3789 3770 καὶ

2261 3823 2426 3890 λέγει
2474 3818 2654 3884 αὐτῷ·
2697 3817 3056 3888 Εἰιρήκαμεν
3093 3817 3400 3883 Μεσσίαν,
3441 3818 3547 3871 τὸν
3574 3816 3794 3886 μεθερμη-

2262 3911 2598 3982 νευόμενον
2652 3911 2935 3981 Χριστόν.
2984 3905 3172 3976 Οὗτος
3202 3908 3436 3979 ἤγαγεν
3476 3906 3650 3962 αὑτὸν
3686 3899 3792 3970 epit

2264 4007 2373 4060 τὸν
2409 4005 2660 4074 Ἰησοῦν.
2709 4003 3040 4075 Ἐμϐλέψας
3073 4002 3142 4056 δὲ
3169 4000 3330 4070 αὐτῷ
3358 4005 3392 4057 ό
3433 3999 3666 4070 Ἰησοῦς,
3685 3991 3788 4052 εἷπε·

2263 4099 2348 4156 Σὺ
2402 4094 2462 4154 εἷ
2511 4099 2709 4168 Σίμων
2757 4095 2888 4163 υἱὸς
2947 4095 3129 4152 Ἰωνᾶ·
3180 4095 3262 4150 σὺ
3306 4093 3587 4164 κληθήσῃ
3621 4085 3789 4158 lingit.

2264 4193 2296 4248 ὃ
2343 4193 2731 4262 ἑρμηνεύεται
2784 4192 3028 4258 Πέτρος.
3088 4187 3168 4259 Τῇ
3214 4190 3509 4258 ἐπαύριον
3555 4182 3791 4254 ἠθέλησεν

2261 4283 2535 4351 ἐξελθεῖν
2563 4286 2650 4349 εἱς
2678 4282 2794 4352 τὴν
2822 4282 3183 4345 Γαλιλαίαν,
3213 4281 3313 4336 καὶ
3348 4282 3610 4352 εὑρίσκει
3635 4276 3790 4330 φιλιτ-

2263 4395 2404 4438 πον,
2455 4375 2550 4430 καὶ
2591 4375 2758 4445 λέγει
2799 4373 2966 4440 αὐτῷ
2999 4377 3032 4428 ὁ
3072 4374 3326 4442 Ἰησοῦς·
3375 4372 3684 4428 Ἀκολούθει
3707 4380 3790 4436 μοι.

2263 4464 2374 4523 Ἦν
2399 4467 2467 4521 δὲ
2492 4467 2793 4532 Φίλιππος
2836 4467 2955 4520 ἀπὸ
3000 4462 3330 4532 Βηθσαὶδᾶ,
3377 4466 3448 4519 ἐκ
3488 4463 3592 4532 τῆς
3619 4459 3792 4517 πόλεως

2195 4577 2236 4634 υ
2278 4559 2550 4629 Ἀνδρέου
2605 4559 2702 4612 καὶ
2755 4557 3002 4627 Πέτρου.
3056 4559 3344 4627 Εὐρίσχει
3399 4558 3677 4620 Φίλιππος
3718 4545 3792 4600 τὰ·

2264 4652 2614 4722 Ναθαναὴλ,
2657 4649 2754 4705 καὶ
2781 4649 2946 4722 λέγει
2976 4649 3155 4716 αὐτῷ·
3200 4651 3300 4704 Ὅν
3332 4651 3558 4721 ἔγραψε
3592 4635 3792 4704 Humili

2263 4747 2334 4800 ἐν
2358 4743 2440 4812 τῷ
2463 4745 2646 4815 νόμῳ,
2672 4743 2771 4798 καὶ
2795 4746 2851 4798 οἱ
2882 4743 3204 4814 προφῆται,
3236 4742 3572 4813 εἰφγὶκαμεν
3609 4730 3794 4804 Ἰησοῦν

2263 4841 2401 4893 υἱὸν
2445 4837 2553 4892 τοῦ
2611 4835 2826 4907 Ἰωσὴφ
2877 4837 2985 4890 τὸν
3033 4835 3152 4890 ἀπὸ
3201 4834 3481 4906 Ναζαρέτ.
3529 4831 3628 4888 Kal
3671 4823 3794 4882 εἶπεν

2263 4930 2424 4999 αὐτῷ
2454 4929 2806 5002 Ναθαναήλ
2847 4915 3241 4999 ἘεΝαζὶιρέτ
3274 4928 3528 4984 δύναται
3549 4945 3599 4980 τι
3623 4917 3794 4994 ἀγαθόν

2265 5021 2456 5088 εἷναι;
2487 5023 2659 5093 Λέγει
2687 5020 2849 5088 αὐτῷ
2870 5025 2902 5076 ό
2921 5022 3240 5087 Φίλιππος’
3271 5021 3508 5088 Ἔρχου,
3545 5015 3644 5070 ἴδε.
3679 5007 3797 5064 Ἰδὼν

2267 5114 2336 5168 δὲ
2369 5117 2402 5170 ὁ
2443 5113 2680 5184 Ἰησοῦς
2707 5110 3180 5179 τὸνΝαθαναὴλ
3216 5110 3546 5181 ἐρχόμενον
3569 5102 3698 5174 πρὸς
3715 5097 3794 5150 αὖ·

2267 5207 2396 5271 τὸν,
2419 5206 2583 5278 λέγει
2613 5205 2745 5275 περὶ
2771 5204 2978 5260 αὐτοῦ·
3039 5203 3153 5258 Ἴδε
3181 5201 3424 5270 ἀληθῶς
3464 5194 3792 5278 Ἰσραηλίτηςι

2266 5299 2338 5354 ἐν
2362 5292 2412 5366 ᾧ
2443 5277 2626 5366 δόλος
2657 5299 2771 5352 οὐκ
2799 5296 2951 5352 ἐστι.
2988 5294 3160 5366 Λέγει
3189 5295 3348 5362 αὐτῷ
3373 5288 3696 5352 Ναθαναήλ·
3714 5277 3795 5335 Πό-

2267 5394 2374 5446 θεν
2399 5407 2478 5461 με
2505 5389 2860 5460 γινώσκειςῖ
2910 5389 3218 5456 Ἀπεκρίθη
3263 5385 3513 5455 Ἰησοῦς,
3553 5380 3642 5435 και
3667 5372 3794 5461 siser

2267 5460 2445 5549 αὐτῷ’
2491 5483 2610 5552 Πρὸ
2638 5482 2744 5538 τοῦ
2775 5497 2850 5536 σε
2864 5482 3165 5534 Φίλιππον
3194 5475 3537 5553 [span-ticali,
3562 5473 3689 5526 ὄντα
3709 5460 3792 5519 ὑπὸ

2315 5812 2396 5850 me
2418 5795 2486 5850 de
2517 5795 2622 5848 hoc
2650 5792 2774 5848 loco
2829 5791 3103 5860 scripsere
3143 5788 3346 5860 biasius
3379 5797 3431 5846 et
3461 5780 3714 5842 Servat-ius
3747 5775 3787 5826 il

2308 5883 2454 5924 osue.
2490 5864 2731 5920 Maldon.
2757 5873 2805 5919 et
2835 5859 3058 5918 Toletus
3091 5862 3143 5914 in
3170 5859 3368 5930 Evang.
