3958 6464
246 464 352 520 917

961 462 1336 521 ADVERSUS
1376 449 1720 520 lIAERESES
1760 463 1885 520 un.
1920 463 1987 522 ιι.
2028 463 2191 521 ron.
2227 465 2269 520 ι.
2295 462 2660 519 —n.£nss.
2694 461 2756 532 Ll

3421 451 3531 512 9l8

248 588 533 643 σεαυτόν.
581 585 731 641 Ὅσα
789 585 1144 655 ἠκούσαμεν
1187 586 1406 655 σημεῖα
1450 586 1747 663 γενόμενα
1772 585 1845 640 ἐν

1952 586 2081 652 dice,
2109 602 2239 640 cura
2268 587 2514 656 teipsum.
2550 584 2766 652 Quanta
2794 580 3096 637 audivimus
3120 578 3272 650 signa
3304 578 3450 647 facta
3476 577 3532 631 in

248 678 676 750 Καφαρναοὺμ,
703 678 968 745 ποίησον
986 676 1085 729 καὶ
1102 670 1220 729 ὧδε
1246 675 1317 728 ἐν
1346 674 1418 744 τῇ
1444 675 1680 744 πατρίδι
1701 691 1839 731 σου.

322 772 435 827 Καὶ
459 771 614 843 δρᾷς,
643 769 716 833 ὡς
753 768 870 835 ἐστι
901 768 1001 839 τῆς
1023 767 1284 837 ἀληθείας
1314 769 1348 838 ἡ
1376 765 1707 833 ἀκολουθίας
1731 766 1843 820 Καὶ

247 863 352 915 οὐκ
383 860 607 932 ἐποίησε
638 858 729 913 διὰ
767 858 869 931 τὴν
909 857 1169 911 ἀπιστίαν
1201 856 1380 911 αὐτῶν
1400 896 1416 922 ,
1447 856 1636 927 φησὶν,
1666 855 1841 911 οὐδέν.

249 950 519 1007 Κάκεῖθεν
550 948 838 1022 παρελθὼν
860 950 943 1013 είς
978 949 1078 1021 τὴν
1097 948 1479 1019 Καφαρναοὺμ
1503 947 1678 1014 πόλιν,
1714 964 1845 1002 κατ-

247 1043 455 1117 ῴκησε.
511 1041 618 1097 Καὶ
660 1040 832 1096 ἐλθὼν
874 1042 957 1106 είς
996 1040 1066 1094 τὰ
1090 1034 1251 1112 ’μέρη
1285 1039 1389 1110 τῆς
1435 1038 1734 1110 θαλάσσης,
1768 1038 1845 1105 ὥς

251 1147 418 1202 φησι)
443 1133 472 1185 ό
504 1130 804 1195 Ματθαῖος,
845 1125 968 1184 εἶδε
1001 1130 1240 1199 Σίμωνα
1273 1129 1524 1199 Πέτρον,
1568 1127 1669 1184 καὶ
1717 1130 1847 1193 Ἀν-

249 1220 433 1290 δρέαν
457 1221 563 1276 τὸν
589 1221 862 1291 ἀδελφὸν
901 1222 1091 1277 αὐτοῦ
1112 1221 1467 1289 βάλλοντας
1497 1221 1570 1277 τὰ
1594 1221 1810 1277 δίκτυα
1829 1239 1842 1254 °

251 1318 349 1369 καὶ
392 1314 556 1369 πάλιν
619 1314 876 1371 Ἰάκωϐον
922 1316 1019 1369 καὶ
1060 1316 1316 1388 Ἰωάννην
1349 1316 1501 1380 υἱοὺς
1533 1315 1843 1381 Ζεϐεδαίου,

250 1407 348 1461 καὶ
372 1407 436 1461 τὺ
478 1406 659 1461 τέλεον
705 1407 904 1471 αὐτοὺς
932 1406 1182 1461 ἐκάλεσε.
1225 1409 1340 1461 Καὶ
1374 1407 1631 1478 ῥίψαντες
1658 1407 1846 1462 λοιπὸν

248 1497 319 1551 τὰ
350 1497 562 1563 δίκτυα,
595 1495 972 1568 ἠκολούθησαν
1004 1495 1175 1568 αὐτῷ.
1220 1495 1281 1553 '0
1305 1497 1364 1551 δὲ
1388 1498 1604 1562 Λουκᾶς
1628 1498 1723 1552 καὶ
1746 1498 1847 1567 τὴν

236 1589 538 1663 ’ἀκρίϐειαν
568 1589 827 1661 σημαίνει
852 1589 947 1644 τοῦ
978 1590 1328 1662 πράγματος,
1356 1589 1439 1644 διὸ
1462 1592 1479 1622 ί
1503 1591 1599 1645 καὶ
1619 1590 1846 1663 ἠκολού-

250 1682 427 1753 θησαν
465 1681 653 1735 λοιπὸν
688 1681 1117 1754 ἀμετάτρεπτοι,
1154 1680 1356 1751 μηκέτι
1415 1670 1846 1753 ἀναϐαλλόμενοι

246 1774 352 1845 τῆς
401 1775 665 1846 κλήσεως,
721 1775 922 1846 φήσας,
978 1776 1062 1829 ὅτι
1109 1773 1388 1839 Ἐλθόντος
1419 1773 1587 1828 αὐτοῦ
1618 1774 1713 1828 ἐπὶ
1745 1772 1846 1847 τὴν

246 1869 446 1940 λίμνην
479 1870 840 1941 Γεπησαρέθ,
876 1865 985 1924 εἶδε
1024 1868 1247 1940 Σίμωνα
1281 1869 1376 1922 καὶ⁸
1427 1868 1681 1941 Ἀνδρέαν
1712 1885 1846 1924 κατ-

246 1928 572 2033 αρτίέοντας
630 1928 701 2016 τά
725 1928 937 2025 δίκτυα,
977 1928 1277 2034 καὶ-ἀνέϐη
1326 1962 1407 2026 είς
1467 1961 1529 2015 τὸ
1554 1928 1775 2028 πλοῖον,
1816 1960 1845 2015 ὃ
1878 1928 1921 1989 Β

244 2051 317 2126 ἦν
363 2054 625 2125 Σίμωνος,
689 2055 845 2124 φησὶ.
899 2055 1110 2126 Πέτρου
1143 2055 1239 2108 καὶ
1284 2052 1556 2124 Ἀνδρέου.
1581 2051 1757 2107 Τοῦτο
1777 2053 1837 2112 δὲ

248 2146 531 2218 σημαίνει,
578 2146 655 2210 ὡς
712 2146 813 2219 ἢδη
846 2147 999 2211 ὄντος
1032 2145 1199 2201 αὑτοῦ
1241 2146 1301 2199 ἐν
1336 2147 1449 2209 τοῖς
1471 2147 1493 2178 ³
1526 2145 1586 2200 ἐν
1619 2143 1841 2215 γνώσει.
1889 2179 1898 2189 -

246 2238 347 2291 Διὸ
373 2237 461 2291 διὰ
491 2240 592 2310 τὴν
626 2237 916 2308 συνήθειαν
940 2238 1035 2292 καὶ
1068 2237 1417 2309 προσήκαντο
1440 2251 1457 2269 ·
1487 2236 1584 2291 καὶ
1607 2235 1845 2291 ἀνελθὼν

246 2328 526 2383 ἐκάθισεν.
575 2324 710 2383 Εἶτα
755 2328 901 2398 λέγει
940 2328 1020 2399 τῷ
1053 2329 1247 2404 Πέτρῳ
1282 2328 1420 2401 μετὰ
1460 2328 1562 2402 τὴν
1586 2330 1846 2386 διδασκα-

246 2408 402 2475 λίαν·
438 2420 815 2492 Ἐπανάγαγε
836 2424 923 2488 είς
946 2421 1013 2476 τὸ
1037 2422 1254 2488 βάθος,
1286 2423 1385 2479 καί
1430 2422 1746 2493 χαλάσατε
1772 2426 1848 2479 τὰ

241 2512 485 2569 δίκτυα.
530 2515 596 2567 Oi
628 2511 697 2567 δὲ
724 2509 899 2567 εἷπον
917 2531 930 2544 ·
980 2512 1326 2569 Ἐπιστάτα.
1354 2513 1489 2586 Ἤδη
1508 2514 1616 2588 γὰρ
1636 2514 1724 2570 διά
1745 2517 1846 2588 τὴν

245 2603 349 2657 τοῦ
390 2603 637 2658 Ἰωάννου
672 2604 980 2675 μαρτυρίαν
1015 2604 1318 2674 ἐπιστάτην
1346 2603 1509 2658 αὐτὸν
1538 2605 1845 2663 ἐκάλουν,οί

251 2694 522 2767 πρότερον
549 2695 713 2750 αὐτοῦ
738 2695 1091 2760 ἀκούσαντες,
1121 2697 1204 2750 ὅτι
1242 2696 1397 2750 Ἰδοὺ
1436 2699 1469 2750 ὀ
1504 2697 1711 2767 Ἀμνὸς
1736 2697 1845 2753 τοῦ

252 2785 428 2850 Θεοῦ,
451 2788 484 2840 ὀ
498 2786 684 2855 αἴρων
709 2786 827 2855 τὴν
853 2788 1150 2857 ἁμαρτίαν
1166 2787 1274 2843 τοῦ
1295 2788 1530 2857 κόσμου
1552 2804 1565 2819 ο
1600 2791 1698 2844 καὶ
1760 2790 1844 2844 ὅτι

246 2876 385 2949 παρ’
431 2876 579 2949 αὐτῷ
611 2876 834 2948 ἔμειναν
858 2877 956 2950 τὴν
976 2878 1221 2950 ἡμέραν,
1248 2879 1342 2934 καὶ
1363 2881 1445 2944 είς
1468 2879 1568 2951 τὴν
1586 2880 1846 2954 δευτέραν

247 2965 498 3039 ἐξῆλθον.

319 3058 638 3114 Μετέπειτα
698 3061 756 3115 ἐν
799 3064 865 3133 τῇ
892 3060 1039 3133 ἄγρᾳ
1064 3060 1176 3114 τῶν
1214 3060 1411 3133 ίχθύων
1445 3061 1844 3135 θαυμασάντων

243 3150 453 3214 αὐτῶν,
474 3152 569 3205 καὶ
594 3152 808 3225 Πέτρου
831 3152 1079 3223 λέγοντος
1097 3170 1111 3185 ·
1148 3152 1402 3219 Ἔξελθε
1423 3154 1525 3209 ἀπ’
1551 3153 1719 3225 ἐμοῦ,
1754 3155 1846 3209 ὅτι

1946 678 2352 747 Capharnaum,
2381 677 2471 747 [ac
2498 676 2582 731 hic
2610 677 2664 729 in
2692 675 2873 745 patria
2909 682 3002 728 tua
3024 672 3066 727 ³.

2020 767 2208 825 Viden’
2235 784 2403 840 quam
2434 769 2507 826 sit
2536 768 2789 825 veritatis
2818 773 3077 822 conserta
3099 763 3535 831 continuataque

1945 857 2152 916 series?
2184 858 2453 915 Caeterum
2494 858 2705 913 nullum
2741 856 2818 912 ibi
2848 863 3070 928 prapter
3102 855 3323 911 illorum
3352 856 3534 912 incre-

1944 950 2232 1007 dulitatem
2282 951 2502 1022 signum
2556 948 2748 1006 edidit.
2799 947 2931 1004 Inde
2975 947 3360 1019 Capharnaum
3407 960 3536 1017 pro-

1947 1042 2144 1109 fectus,
2176 1043 2233 1098 in
2259 1057 2325 1099 eo
2351 1041 2555 1113 Oppido
2586 1040 2810 1098 resedit.
2847 1039 2989 1097 Post.
3002 1040 3070 1095 ad
3100 1038 3378 1094 maritima
3410 1039 3533 1094 loca

1945 1135 2284 1207 digrediens,
2318 1135 2486 1208 5.38
2522 1141 2753 1189 auctore
2787 1130 3065 1196 Manliano,
3098 1131 3229 1185 vidit
3265 1128 3531 1185 Simonem

1947 1225 2190 1292 Petrum,
2230 1234 2281 1280 et
2313 1224 2583 1279 Andream
2613 1222 2837 1292 fratrem
2868 1220 2984 1291 ejus
3026 1222 3293 1275 mittentes
3334 1220 3470 1275 retia
3490 1218 3530 1270 δ.

1947 1316 2087 1373 Tum
2123 1316 2391 1374 Jacobum
2425 1325 2480 1372 et
2514 1315 2782 1371 Joannem
2830 1313 2974 1369 ﬁlios
3017 1311 3285 1377 Zcbedati,
3319 1326 3383 1365 ac
3411 1325 3535 1380 per-

1948 1408 2092 1467 fecte
2131 1409 2356 1466 demum
2405 1409 2531 1465 illos
2576 1407 2849 1465 evocavit.
2886 1406 2988 1474 Qui
3043 1407 3255 1462 retibus
3306 1405 3536 1475 abjectis

1947 1502 2122 1559 secuti
2158 1504 2287 1558 sunt
2315 1502 2497 1573 ipsum
2522 1501 2566 1557 ⁸.
2598 1500 2773 1568 Quam
2812 1515 2927 1555 rem
2970 1497 3387 1554 accuratissime
3424 1495 3533 1550 Luc

1947 1608 2042 1650 cas
2066 1595 2363 1665 expressit,
2398 1608 2499 1649 cur
2527 1593 2603 1648 ita
2634 1592 2809 1649 secuti
2843 1592 2977 1658 sint,
3014 1606 3300 1662 nunquam
3332 1598 3394 1644 ut
3420 1605 3536 1643 am-

1948 1687 2093 1759 plius
2116 1687 2510 1753 discesserint;
2537 1700 2641 1741 nec
2662 1685 2843 1745 vocati
2864 1684 3203 1741 distulerint.
3234 1682 3312 1738 lta
3337 1683 3538 1753 quippe

1947 1779 2176 1852 scripsit
2208 1798 2224 1836 :
2254 1779 2395 1834 Cum
2422 1779 2490 1832 ad
2523 1778 2705 1833 lacum
2736 1776 3075 1835 Genesareth
3104 1777 3366 1841 venisset,
3401 1775 3539 1830 vidit

1951 1869 2232 1927 Simonem
2265 1877 2320 1927 et
2347 1870 2627 1927 Andream
2656 1871 2969 1928 relicientes
2995 1869 3131 1925 retia
3158 1887 3173 1936 ;
3208 1879 3263 1925 et
3288 1866 3539 1923 ascendit

1948 1964 2006 2020 in
2049 1963 2255 2029 navim,
2308 1978 2431 2035 quae
2478 1970 2598 2019 erat
2647 1962 2893 2020 Simonis
2935 1961 3105 2025 Petri,
3146 1969 3201 2016 et
3234 1959 3466 2016 Andreae
3492 1959 3535 2015 ³.

1948 2054 2108 2124 Quod
2139 2054 2359 2126 quidem
2389 2056 2661 2121 declarat,
2684 2055 2800 2126 jam
2832 2055 2976 2111 inter
3007 2054 3161 2126 ipsos
3190 2053 3431 2124 aliquam
3460 2052 3540 2107 iu-

1947 2148 2274 2205 tercessisse
2303 2147 2578 2204 notitiam.
2612 2146 2773 2203 Hunc
2802 2147 2974 2219 igitur
3001 2155 3226 2217 propter
3249 2144 3538 2199 familiari-

1927 2247 2114 2296 tatem
2166 2240 2470 2311 accipiunt,
2526 2248 2582 2296 et
2626 2240 2675 2297 is
2727 2254 3036 2296 conscenso
3089 2239 3309 2310 navigio
3373 2238 3536 2294 sedit.

1949 2328 2089 2387 Tum
2118 2339 2178 2386 ut
2207 2332 2408 2388 docere
2436 2333 2698 2403 populum
2727 2333 2913 2399 desiit,
2938 2332 3162 2389 Petrum
3194 2332 3269 2387 ita
3296 2333 3538 2402 compel-

1948 2424 2025 2478 lat
2058 2441 2074 2481 :
2106 2423 2284 2480 Reduc
2322 2425 2377 2480 in
2411 2426 2604 2491 altum,
2635 2435 2685 2480 et
2726 2427 2907 2481 laxate
2955 2427 3115 2481 retia.
3167 2425 3235 2479 At
3272 2425 3356 2479 illi
3383 2425 3537 2480 dia-e-

1948 2527 2100 2571 runt:
2116 2515 2418 2588 Pra'ceptor
2437 2526 2479 2572 ⁷.
2496 2516 2615 2573 Jam
2641 2518 2787 2573 enim
2811 2519 2882 2574 ob
2905 2516 3133 2575 Joannis
3162 2517 3536 2573 testimonium

1948 2618 2341 2681 praeceptorem
2387 2611 2540 2666 illum
2574 2612 2877 2677 vocabant;
2926 2625 3053 2666 cum
3099 2610 3167 2665 ab
3198 2625 3264 2665 eo
3298 2610 3536 2680 primum

1948 2702 2300 2760 audiissent:
2345 2701 2481 2758 Ecce
2523 2703 2701 2774 Agnus
2753 2702 2873 2768 Dei,
2930 2704 3021 2772 qui
3077 2702 3217 2757 tollit
3266 2710 3538 2769 peccatum

1948 2795 2205 2862 mundi“;
2237 2794 2507 2851 eteadem
2544 2795 2635 2852 die
2662 2810 2788 2851 cum
2821 2810 2888 2852 eo
2914 2794 3239 2852 commorati
3273 2793 3543 2866 postridie

1947 2887 2328 2945 recessissent.

2018 3063 2152 3121 Post
2182 3064 2300 3121 haec
2340 3065 2395 3121 in
2441 3065 2653 3137 piscatu
2687 3064 3041 3122 vehementer
3071 3064 3223 3120 illum
3260 3064 3545 3120 admiran-

1947 3156 2119 3220 tibus,
2167 3171 2234 3212 ac
2268 3156 2485 3214 dicente
2517 3157 2681 3215 Petro
2714 3176 2728 3211 :
2760 3156 2986 3212 Discede
3023 3174 3057 3211 a
3086 3174 3188 3221 me,
3222 3160 3350 3227 quia
3384 3159 3540 3213 homo

168 3270 187 3277 ρ
243 3239 409 3309 ἀνὴρ
424 3242 772 3312 ἁμαρτωλός
789 3244 926 3313 εἰμι,
973 3244 1154 3313 Κύριε
1192 3242 1478 3315 (τάχαγὰρ
1497 3243 1593 3298 καὶ
1620 3245 1846 3316 μετεμέ-

1952 3259 2191 3321 peecator
2237 3253 2399 3305 sum’
2431 3251 2712 3324 (fortassis
2770 3253 2918 3308 enim
2973 3250 3275 3323 pmnitebat
3333 3252 3537 3323 ipsum,

243 3336 376 3387 λετο
397 3334 487 3389 διὰ
538 3335 601 3388 τὸ
645 3335 911 3407 πρότερον
937 3335 1100 3390 αὑτὸν
1136 3334 1458 3407 κεκλῆσθαι,
1489 3336 1587 3389 καὶ
1620 3335 1848 3408 στρέψαι

245 3428 348 3480 ἐπὶ
368 3427 492 3490 τοὺς
511 3424 724 3497 ίχθύας,
746 3426 842 3480 καὶ
862 3426 961 3498 τὴν
983 3426 1321 3499 άνεργασίαν
1348 3426 1448 3499 τῆς
1479 3425 1687 3498 ἀλείας)
1711 3444 1723 3457 ·
1748 3430 1776 3482 ό
1792 3427 1851 3483 δὲ

244 3514 377 3571 εἷπε
399 3535 411 3547 ·
433 3516 532 3586 Μὴ
550 3516 740 3586 φοϐοῦ
758 3535 773 3550 ο
806 3517 1243 3590 παραθαρσύνων
1268 3518 1452 3583 αὐτὸν,
1489 3519 1571 3572 ὅτι
1610 3518 1714 3588 ούκ
1748 3520 1853 3573 ὰπ-

244 3610 550 3683 ηγορεύθη,
580 3610 694 3669 ὰλλῗ
716 3609 1031 3675 ὄτιδύναται
1056 3611 1152 3680 τῆς
1190 3609 1435 3681 κλήσεως
1457 3610 1848 3681 ἐχεσθαι.”οτι,

245 3703 444 3774 φησὶν,
469 3702 590 3758 ἀπὸ
618 3702 726 3758 τοῦ
760 3703 880 3757 νῦν
910 3702 1265 3770 ἀνθρώπους
1308 3700 1424 3771 ἔσῃ
1462 3700 1695 3773 ζωγρῶν
1715 3719 1727 3732 ’
1762 3703 1852 3756 ὅτε

245 3797 349 3848 καὶ
374 3795 470 3849 σὺν
490 3798 602 3860 τοῖς
636 3796 884 3867 μετόχοις
913 3797 1028 3858 τοῖς
1046 3796 1104 3847 ὲν
1135 3792 1215 3864 τῷ
1232 3793 1406 3865 ἑτέρῳ
1431 3793 1603 3865 πλοίῳ
1626 3794 1851 3849 ἔνευσαν

242 3885 334 3949 είς
390 3883 653 3955 σύλληψιν
710 3885 868 3956 ἥκειν
926 3882 1027 3953 τῆς
1059 3882 1233 3953 αὐτῆς
1275 3882 1474 3956 ἄγρας.
1510 3879 1693 3938 Ἦσαν
1741 3883 1855 3955 γὰρ

243 3976 621 4042 κοινωνοὶ,ὦς
663 3993 817 4048 φησι,
857 3974 936 4045 τῷ
966 3975 1196 4045 Σίμωνι,
1240 3974 1493 4047 καθάπερ
1524 3975 1638 4030 ἄνω
1678 3977 1851 4047 κάμοὶ

244 4068 654 4140 προδεδήλωται
677 4070 740 4122 ἐκ
758 4067 857 4140 τῆς
872 4067 1181 4132 ὑποθέσεως
1203 4067 1409 4141 ταύτης
1427 4084 1441 4099 ο
1470 4066 1574 4121 Δύο
1595 4068 1696 4139 μὲν
1717 4069 1850 4122 ἀκο-

239 4159 635 4232 λουθησάντων
686 4160 836 4233 αὐτῷ
894 4162 1048 4233 παρὰ
1080 4162 1331 4216 Ἰωάννου
1382 4162 1725 4232 ἀκηκοότων,
1775 4154 1850 4216 ὧν

238 4254 348 4307 δύο
383 4248 464 4318 εἷς
523 4250 592 4325 ἦν
626 4256 656 4308 δ
713 4253 988 4326 Ἀνδρέας.
1031 4255 1146 4323 Ἐφ’
1190 4257 1322 4326 ἡμῖν
1355 4254 1412 4308 δὲ
1448 4254 1850 4327 διανενοημένοι

242 4345 559 4411 καλλίστως
585 4347 678 4399 τὸν
699 4346 886 4419 ἕτερον
919 4342 1060 4403 εἶναι
1091 4348 1235 4418 τάχα
1255 4347 1354 4401 ἕνα
1390 4346 1498 4400 τῶν
1522 4345 1655 4401 υἱῶν
1687 4345 1852 4402 Ζεϐε-

237 4437 425 4503 δαίου,
452 4437 540 4492 διὰ
582 4438 647 4492 τὸ
687 4440 953 4510 συνεργὸν
987 4442 1081 4494 καὶ
1111 4440 1342 4510 μέτοχον
1370 4440 1466 4493 καὶ
1509 4438 1847 4494 κοινωνικόν.

240 4531 368 4587 Καὶ
388 4530 572 4586 λοιπὸν
608 4531 748 4602 μετὰ
785 4532 959 4586 ταῦτα
981 4533 1162 4587 πάντα
1193 4532 1623 4601 καταλείψαντες
1649 4531 1700 4584 oi
1727 4531 1852 4587 τέσ-

1952 3344 2100 3414 quod
2133 3343 2202 3398 ab
2236 3344 2331 3399 illo
2377 3355 2607 3401 vocatus
2654 3344 2816 3399 initio
2855 3343 2924 3399 ad
2970 3344 3308 3414 piscaturam
3355 3343 3541 3398 denuo

1953 3436 2255 3509 rediisset),
2288 3437 2362 3491 ita
2396 3434 2665 3492 Dominus
2690 3435 3023 3505 alloquitur:
3053 3433 3184 3488 Noti
3224 3434 3442 3498 timere;
3482 3447 3549 3492 ut

1952 3530 2106 3585 illum
2139 3528 2209 3586 ab
2244 3544 2311 3584 eo
2347 3537 2495 3584 metu
2527 3528 2915 3595 conﬁrmaret;
2957 3542 3059 3582 nec
3100 3542 3160 3582 se
3191 3527 3539 3598 repudiatum

1951 3621 2181 3677 omnino
2205 3627 2427 3693 putaret
2458 3636 2616 3689 esse;
2647 3620 2743 3676 sed
2779 3619 3026 3692 pristina:
3058 3619 3335 3674 vocationi
3369 3618 3542 3674 iuba:-

1951 3727 2076 3768 rere
2106 3727 2271 3783 posse
2313 3713 2636 3769 conﬁderet.
2681 3712 2886 3780 Quare,
2933 3728 2999 3767 ea:
3040 3710 3157 3775 hoc,
3198 3710 3401 3781 inquit,“
3435 3710 3563 3766 eris-

1943 3806 2064 3875 jam
2093 3804 2327 3859 homines
2357 3805 2568 3874 capiens
2592 3804 2657 3858 ‘°.
2693 3804 2813 3871 Quo
2850 3814 3096 3874 tempore
3127 3804 3315 3870 sociis,
3357 3805 3451 3873 qui
3486 3804 3542 3857 in

1953 3900 2125 3973 altera
2177 3897 2303 3952 navi
2353 3904 2535 3961 erant,
2576 3897 2894 3963 innuerunt,
2930 3904 2989 3950 ut
3029 3896 3095 3950 ad
3126 3896 3540 3952 convchendum

1953 3990 2229 4060 piscatum
2261 3989 2368 4044 sibi
2400 3988 2667 4044 auxilium
2706 3987 2932 4044 ferrent.
2962 3987 3130 4042 Erant
3154 3990 3299 4042 enim
3328 3987 3537 4043 Simoni

1953 4082 2112 4147 socii,
2146 4080 2611 4152 quemadmodum
2650 4081 2816 4150 paulo
2854 4087 2982 4135 ante
3010 4079 3277 4141 diximus,
3310 4094 3434 4133 cum
3467 4080 3541 4132 ita

1952 4174 2361 4245 disputavimus
2394 4191 2407 4227 :
2434 4171 2584 4227 Duos
2609 4173 2735 4228 illos
2762 4170 2993 4227 Joannis
3016 4171 3200 4225 audita
3229 4185 3361 4225 voce
3379 4169 3541 4224 Chri-

1953 4276 2102 4324 stum
2135 4277 2390 4334 secutos;
2418 4279 2655 4336 quorum
2683 4280 2826 4320 unus
2851 4273 2975 4319 erat
2998 4262 3265 4317 Andreas.
3292 4262 3545 4317 Alterum

1954 4372 2142 4414 verum
2168 4371 2339 4411 unum
2370 4370 2403 4411 e
2428 4354 2679 4411 Zebedtci
2713 4354 2905 4409 liberis
2939 4352 3131 4417 fuisse,
3160 4359 3382 4423 pr0pter
3404 4351 3542 4406 artis

1953 4446 2296 4512 societatem,
2329 4460 2396 4502 ac
2435 4446 2880 4502 communionem
2916 4443 3229 4500 rectissima
3258 4442 3543 4512 conjectu-

1952 4553 2015 4593 ra
2053 4536 2321 4607 suspicati
2354 4549 2571 4592 sumus.
2606 4533 2980 4601 Quamobrem
3032 4529 3244 4587 relictis
3277 4530 3542 4600 deinceps

245 4641 445 4695 σαρες,
471 4624 539 4679 τά
558 4642 617 4679 τε
646 4624 826 4688 πλοῖα,
856 4627 933 4689 είς
955 4624 1053 4696 τὴν
1080 4624 1186 4695 γῆν
1214 4623 1612 4695 ἠκολούθησαν,
1634 4612 1712 4686 ὡς
1739 4622 1846 4695 ἔχει

1958 4629 2238 4695 omnibus,
2273 4628 2523 4699 adeoque
2559 4626 2795 4696 navigiis
2844 4625 3002 4696 ipsis,
3052 4622 3121 4679 ad
3163 4630 3369 4679 terram
3398 4636 3542 4693 qua-

237 4721 284 4788 ἡ
322 4717 419 4770 τοῦ
445 4720 631 4772 Δουκᾶ
662 4718 961 4790 μαρτυρία.
989 4719 1152 4772 Ὥστε
1181 4716 1485 4783 ἐξάπαντος
1517 4717 1846 4783 δείκνυσθαι,

1952 4731 2078 4778 tuor
2119 4722 2198 4776 illi
2228 4720 2405 4777 secuti
2440 4728 2607 4786 sunt;
2641 4718 2787 4791 quod
2821 4716 2983 4774 Lucae
3018 4725 3253 4773 testatur
3286 4717 3541 4772 historia.

237 4811 336 4862 ὅτι
362 4807 590 4880 οὐδεμία
613 4808 919 4881 σκολιότης,
952 4806 1076 4862 οὔτε
1103 4809 1417 4880 ἐναντιότης
1446 4811 1504 4862 ἐν
1529 4812 1641 4873 τοῖς
1676 4809 1846 4878 ἁγίοις

1952 4816 2028 4871 Ex
2054 4813 2256 4887 quibus
2284 4812 2547 4869 omnibus
2575 4812 2810 4869 elﬁcitur
2831 4852 2846 4878 ,
2885 4812 3025 4867 nihil
3058 4810 3114 4865 in
3146 4809 3325 4865 sacris
3363 4808 3543 4863 Evan-

237 4900 629 4969 Εύαγγελίοις,
690 4899 816 4954 οὔτε
864 4900 1017 4973 παρὰ
1073 4903 1185 4964 τοῖς
1224 4901 1403 4969 ἁγίοις
1440 4901 1846 4970 εὐαγγελισταῖς

1952 4906 2130 4977 geliis,
2170 4920 2472 4976 eorumque
2520 4904 2889 4975 scriptoribus
2936 4903 3258 4973 perplexum
3298 4916 3423 4956 esse
3453 4901 3540 4956 vel

235 4991 592 5063 εὑρίσκεται,
621 4992 758 5046 ἀλλὰ
776 4991 952 5045 πάντα
981 4993 1149 5062 σαφῆ,
1174 4991 1383 5063 χρόνων
1408 4991 1464 5046 δέ
1499 4994 1606 5047 είσι
1633 4992 1846 5047 διαστά¹

1952 5011 2302 5067 repugnans;
2352 4996 2449 5051 sed
2498 4995 2662 5065 plana
2705 5001 2761 5048 et
2798 4992 3055 5063 expedita
3088 5008 3213 5049 esse
3244 4993 3452 5058 omnia,
3490 4992 3539 5047 si

236 5099 391 5145 σεις.
449 5081 728 5137 Ἐντεῦθεν
781 5083 891 5153 γὰρ
931 5083 1024 5136 καὶ
1081 5081 1340 5136 ἐπέκεινα
1391 5081 1524 5152 (59),
1568 5081 1676 5136 τῶν
1718 5067 1846 5154 περὶ

1955 5095 2262 5158 temporum
2288 5086 2577 5142 intervalla
2599 5085 2930 5156 distinguas.
2967 5084 3065 5142 His
3092 5085 3167 5139 ita
3194 5085 3389 5155 gestis,
3410 5099 3537 5138 cum

234 5173 463 5243 Πέτρον
513 5174 609 5228 καὶ
656 5173 909 5244 Ἰωάννην
936 5173 1123 5227 λοιπὸν
1160 5171 1565 5242 συναφθέντων,
1598 5172 1694 5226 καὶ
1720 5174 1846 5226 ἀκο-

1952 5178 2064 5249 jam
2096 5178 2295 5237 Petrus
2326 5194 2391 5234 ac
2423 5177 2666 5236 Joannes
2694 5179 2989 5250 caeterique
3011 5180 3233 5249 penitus
3273 5177 3541 5233 adhaesis-

234 5264 605 5333 λουθούντων,
647 5266 864 5336 ἐγένετο
886 5265 1152 5319 διδάσκων
1182 5266 1241 5317 ἐν
1297 5263 1448 5337 πάσῃ
1476 5267 1542 5335 τῇ
1587 5264 1846 5334 Γαλιλαίᾳ

1954 5279 2100 5337 sent,
2131 5285 2194 5325 ac
2225 5281 2623 5341 sequerentur;
2656 5284 2753 5339 per
2776 5277 2944 5325 totam
2974 5268 3141 5342 439
3167 5267 3445 5322 Galilaeam
3476 5283 3542 5323 ac

234 5359 346 5414 καὶ
397 5360 456 5411 ἐν
488 5361 553 5429 τῇ
607 5358 859 5429 Ἰουδαίᾳ.
916 5359 1028 5412 Καὶ
1076 5357 1261 5412 λοιπὸν
1317 5356 1720 5427 πλατυνομένου
1750 5355 1843 5411 τοῦ

1954 5360 2195 5418 Judaeam
2221 5363 2421 5420 docere
2449 5363 2635 5433 coepit.
2672 5363 2854 5433 Atque
2887 5363 2961 5416 ita
2992 5362 3152 5432 longe
3184 5361 3399 5430 lateque
3426 5359 3544 5415 dis-

320 5524 335 5554 ¹
374 5521 432 5575 F.
469 5523 535 5577 δι’
563 5523 611 5577 ὅ.
680 5525 735 5591 1'
766 5521 827 5576 F.
863 5524 1065 5588 αὐτοῖς.
1168 5526 1188 5555 ³
1222 5523 1350 5578 Luc.
1385 5540 1458 5589 tv,
1492 5524 1584 5581 25.

234 5595 264 5623 ⁸
298 5591 465 5648 Joan.
498 5611 534 5660 ι,
575 5594 666 5651 29.
745 5595 764 5626 ⁹
800 5593 932 5649 Luc.
967 5612 1017 5660 v,
1056 5595 1112 5651 8.
1190 5596 1233 5626 ¹⁰
1269 5595 1403 5650 ibid.
1432 5595 1520 5651 i0.

270 5732 283 5737 -
324 5708 776 5782 (Ψ)7Ἐντεῦθεν
790 5710 900 5782 γὰρ
916 5710 1015 5763 καὶ
1030 5709 1327 5765 ἐπέκεινα.
1346 5710 1422 5764 Ex
1447 5711 1514 5767 iis
1528 5711 1835 5782 quazdissc-

242 5782 325 5837 rit
367 5778 725 5857 Epiphanius,
751 5778 982 5835 cllicitur
1008 5782 1318 5857 paulqpnst
1357 5778 1560 5857 ultimo:
1586 5792 1831 5847 vocatos,
1946 5778 2294 5857 postmodum
2329 5799 2541 5857 agetur,
2576 5797 2636 5844 ut
2666 5798 2719 5846 et
2766 5791 2833 5845 dc
2869 5778 3039 5844 natali
3075 5786 3279 5844 (ibriin
3316 5778 3379 5839 ac
3410 5799 3537 5841 vero

238 5866 317 5905 ac
342 5850 453 5931 sibi
489 5849 780 5931 adiunctus
810 5849 1120 5931 apostolos,
1156 5849 1398 5915 Petrum,
1442 5852 1715 5931 Andream
1784 5862 1837 5907 et
1947 5849 2202 5928 baptismi
2226 5866 2278 5916 ct
2306 5849 2581 5931 passionis
2605 5876 2773 5917 anno.

241 5930 488 5979 emeres
513 5920 578 5978 ad
611 5920 1054 5992 praedicationem
1101 5937 1444 5994 aggressum,
1484 5926 1647 5981 etiam
1680 5932 1837 5979 antc-
2020 5920 2034 5928 ’
2307 5920 2322 5931 “
2672 5956 2677 5961 ~

1691 5525 1713 5556 ⁸
1745 5523 1846 5582 Mal

1976 5541 2049 5593 Iv,
2089 5528 2173 5584 l8.
2286 5532 2307 5562 ⁵
2338 5529 2467 5587 ibid.
2493 5528 2583 5584 20.
2664 5529 2683 5559 ⁸
2710 5527 2842 5583 Luc.
2878 5542 2928 5594 ν,
2955 5527 3010 5595 2,
3041 5527 3095 5582 5.
3175 5528 3193 5557 ⁷
3226 5526 3362 5582 ibid.
3402 5526 3456 5592 4,
3484 5525 3537 5579 5.

1944 5733 2109 5788 quam
2144 5716 2383 5774 Joannes
2429 5719 2483 5772 iu
2546 5719 2765 5774 vincula
2809 5716 3201 5786 conjicerctnr.
3239 5715 3311 5788 De
3339 5732 3446 5786 qua
3480 5730 3538 5769 re
3620 5748 3627 5753 -
