3958 6422
513 397 618 458 919
1902 421 1960 475 S.
2028 421 2371 483 EPIPIIANII
3646 441 3725 499 99.0

516 524 698 627 sipata
719 520 996 627 Evangelii
1026 530 1436 602 praedicatione,
1472 546 1670 594 caetera
1700 540 1952 614 prodigia
1980 559 2079 615 per

2164 550 2602 621 qupdypazog,
2654 549 2723 605 τὰ
2779 551 2905 623 ἑξῆς
2953 552 3063 607 τῶν
3123 553 3453 627 θεοσημείων
3496 556 3727 614 ὲπετέλειθ

520 614 671 681 fecit,
718 625 781 673 ut
829 618 922 676 hic
965 622 1257 682 subductis
1308 629 1572 686 omnibus
1606 647 1790 689 rerum
1823 614 2083 706 gestarun

1964 614 2109 692 trum
2137 614 2180 620 ﬂ
2213 614 2354 694 ὥστε
2371 614 2528 696 εἶναι
2555 641 2651 713 τὴν
2678 614 3000 697 ἀκολουθίαν
3023 614 3321 712 ὲξάπαντος
3347 645 3527 712 οὕτως.

518 710 678 776 ordo,
714 724 782 766 ac
812 713 988 769 series
1024 716 1363 775 instituenda
1395 721 1489 778 sit.

594 800 735 863 XVI.
787 802 846 859 In
876 806 1073 876 primis
1122 809 1436 881 baptizatus
1479 823 1587 880 est,
1625 817 1670 871 si
1724 816 2111 890 Egyptiorum

2286 820 2404 887 ΚΓ.
2433 820 2659 892 Πρῶτον
2691 821 2788 892 μὲν
2834 820 3220 891 βαπτισθέντος
3263 824 3426 879 αὐτοῦ
3459 827 3571 880 κατ’
3602 827 3732 895 Αἰγυο

523 896 798 952 mensium
832 901 1101 957 rationem
1131 901 1360 971 habeas,
1417 906 1593 979 Athyr
1623 925 1719 963 xu.
1745 926 1797 964 a.
1826 910 1880 965 d.
1911 928 1964 967 vr
1993 913 2086 969 Eid

2214 912 2422 977 πτίους,
2478 914 2556 978 ὡς
2595 914 2829 985 ἔφημεν,
2877 915 3042 987 Ἀθὺρ
3072 916 3345 992 δωδεκάτῃ
3390 919 3492 990 πρὸ
3524 918 3577 987 ἓξ
3600 920 3733 975 Είδιῖιν

523 987 775 1055 Novem,
795 990 898 1048 hoc
918 1001 1006 1048 est
1040 1010 1110 1050 ιι
1134 1006 1261 1053 ante
1292 997 1493 1055 festum
1524 1001 1962 1074 Epiphaniorum
1998 1006 2086 1063 die

2213 1005 2560 1077 Νοεμϐρίων,
2592 1007 2834 1062 τουτέστι
2863 1009 2968 1080 πρὸ
2992 1009 3254 1081 ἐξήκοντα
3275 987 3489 1084 ἡμερῶν
3525 1012 3733 1084 (πλήρης)

524 1098 634 1153 qua
687 1084 734 1139 is
770 1087 1073 1144 secundum
1115 1106 1337 1148 carnem
1389 1101 1555 1150 natus
1601 1104 1730 1152 est:
1774 1097 1828 1152 id
1863 1099 2010 1169 quod
2046 1114 2087 1155 e:

2213 1096 2310 1168 τῆς
2368 1098 2581 1170 ἡμέρας
2632 1098 2742 1153 τῶν
2804 1100 3160 1170 Ἐπιφανίων,
3210 1102 3245 1172 ἧ
3281 1104 3424 1155 ἐστιν
3471 1101 3633 1175 ἡμέρα
3662 1102 3735 1174 τῆς

525 1173 826 1246 Evangelia
864 1176 1028 1237 Lucae
1057 1192 1316 1238 constare
1334 1192 1534 1254 potest.
1575 1186 1667 1243 Sic
1699 1188 1844 1243 enim
1877 1190 2073 1245 scribit

2215 1188 2382 1244 αὐτοῦ
2417 1191 2723 1261 γεννήσεως
2762 1191 2905 1245 κατὰ
2946 1192 3144 1263 σάρκα,
3192 1191 3269 1257 ὡς
3302 1192 3411 1264 ἔχει

526 1263 833 1322 EratJesus
868 1270 1123 1339 incipiens
1151 1288 1264 1328 esse
1295 1275 1452 1343 quasi
1487 1290 1749 1331 animum
1783 1295 1912 1346 xxx,
1936 1280 2089 1348 ﬁlius

2216 1281 2311 1333 τοῦ
2344 1280 2488 1334 κατὰ
2520 1283 2735 1335 Λουκᾶν
2761 1282 3090 1352 Εὑαγγελίου
3113 1326 3127 1351 ,
3176 1284 3259 1337 ὃτι
3287 1263 3396 1338 Ἦν
3432 1263 3640 1353 Ἰησοῦς
3660 1263 3737 1352 dp-

523 1368 580 1411 ιιι
610 1359 924 1427 putabatur,
955 1360 1154 1433 Josepli
1187 1365 1226 1419 ³.
1259 1364 1394 1421 Nam
1423 1368 1469 1424 si
1496 1378 1812 1425 accuratam
1851 1371 2085 1442 tempori

2218 1375 2474 1441 χόμενος
2515 1368 2669 1428 εἶναι
2716 1375 2797 1439 ὡς
2840 1374 2995 1430 ἐτῶν
3038 1376 3375 1444 τριάκοντα,
3417 1374 3498 1429 ὢν
3532 1375 3739 1442 υἱὸς,ὠς

528 1450 799 1507 rationem
851 1452 1027 1519 ineas,
1085 1458 1309 1514 nonnisi
1368 1476 1497 1516 uix
1531 1478 1803 1518 annorum
1853 1472 1995 1529 erat,
2050 1480 2091 1518 at

2216 1460 2533 1528 ὲνομίζέτο.
2568 1461 2677 1517 τοῦ
2710 1460 3061 1533 ’1ωσήξο.Ἦν
3091 1465 3200 1537 γάρ
3221 1466 3297 1537 τῷ
3325 1467 3419 1537 μὲν
3446 1466 3547 1519 ὖντι
3584 1468 3741 1521 εἰκοσι-

525 1557 556 1594 x
591 1543 888 1609 mensium,
922 1559 1048 1600 cum
1101 1546 1174 1602 ad
1205 1548 1539 1620 baptismum
1582 1570 1707 1610 sese
1755 1556 2011 1620 contulit,
2059 1572 2088 1609 u

2218 1552 2375 1605 εννέα
2427 1552 2583 1616 ἐτῶν,
2634 1554 2730 1607 καὶ
2769 1556 2957 1627 μηνῶν
2982 1556 3136 1624 δέκα,
3176 1558 3267 1610 ὅτε
3299 1559 3391 1610 ἐπι
3415 1557 3476 1611 τὺ
3510 1556 3742 1627 βάπτισμα

524 1631 754 1704 triginta
793 1650 1088 1705 annorum,
1123 1656 1233 1695 non
1260 1649 1444 1698 tamen
1479 1645 1790 1714 plenorum,
1828 1647 1999 1702 fuisse
2031 1648 2087 1702 di

2216 1638 2344 1715 ἧκε,
2375 1645 2670 1715 τριάκοντα
2692 1646 2792 1718 μὲν
2817 1647 2973 1714 ἐτῶν,
3010 1649 3125 1702 ἀλλ’
3158 1650 3219 1702 οὑ
3254 1650 3483 1721 πλήρης.
3513 1649 3594 1702 Διὸ
3612 1647 3740 1715 λέγει’

523 1732 702 1782 catur.
741 1725 978 1801 Ideoque
1011 1732 1278 1804 scriptum
1310 1743 1426 1791 est:
1466 1735 1736 1807 Incipiens
1762 1741 1918 1810 quasi
1946 1757 2086 1796 anno

2232 1738 2581 1807 Ἀρχόμενος
2622 1740 2705 1806 ὡς
2757 1739 2911 1794 ἐτῶν
2962 1741 3298 1810 τριάκοντα.
3355 1738 3674 1793 Ἀπεντεῦθεν
3703 1738 3743 1791 αἱ

524 1835 642 1873 rum
677 1836 807 1877 xxx.
842 1821 1110 1896 Deinceps
1152 1842 1221 1881 ιι.
1253 1829 1575 1886 tentationis
1604 1831 1722 1887 dies
1751 1833 1925 1888 secuti
1962 1841 2087 1889 sunt

2217 1827 2630 1899 τεσσαράκοντα
2672 1827 2769 1883 τοῦ
2800 1829 3136 1903 πειρασμοῦ,
3170 1831 3266 1885 xal.
3297 1833 3353 1885 al
3391 1830 3480 1885 δύο
3508 1829 3744 1900 ἑϐδομάδα

524 1911 665 1968 Tum
697 1914 1074 1974 hebdomades
1112 1920 1238 1990 plus
1280 1922 1465 1979 minus
1495 1924 1637 1991 duae,
1683 1939 1823 1994 quas
1862 1925 2087 1982 Nazaret

2181 1930 2189 1978 ι
2222 1920 2403 1991 μικρῷ
2457 1919 2640 1975 πλεῖον
2690 1922 2746 1974 αἱ
2805 1922 2864 1975 ὲν
2899 1922 3158 1993 Ναζαρὲτ
3194 1923 3304 1978 ἀπὸ
3334 1922 3441 1977 τῶν
3464 1921 3659 1994 ἡμερῶν
3676 1919 3744 1974 τοῦ

523 2012 650 2077 post
683 2008 1041 2064 tentationem
1071 2014 1286 2083 exegit;
1329 2026 1467 2079 tum,
1513 2016 1658 2087 apud
1697 2014 1967 2072 Joannem
1998 2018 2085 2089 pri

2216 2008 2557 2081 πειρασμοῦ,
2624 2010 2719 2064 καὶ
2763 2010 2955 2083 πρώτη
3002 2012 3185 2084 ἡμέρα
3247 2012 3384 2084 πρὸς
3428 2012 3655 2080 Ἰωάννην
3679 2009 3746 2062 καὶ

523 2111 612 2151 ma
633 2098 920 2170 alteraque
942 2101 1093 2168 dies;
1122 2118 1205 2171 ac,
1233 2117 1526 2178 postquam
1547 2123 1578 2162 a
1600 2107 1812 2165 Joanne
1832 2108 2086 2167 discessit

2218 2101 2468 2175 δευτέρα.
2532 2102 2642 2156 Kal
2680 2102 2844 2157 πάλιν
2877 2103 2990 2158 ἀπὸ
3033 2106 3283 2160 Ἰωάννου
3321 2104 3509 2176 πρώτη
3553 2103 3635 2156 καὶ
3662 2100 3749 2154 δευ-

524 2187 776 2256 totidem,
810 2208 935 2247 cum
962 2194 1211 2254 Andreas
1234 2197 1387 2254 illum
1416 2215 1527 2255 una
1555 2216 1682 2255 cum
1710 2201 1866 2258 socio
1892 2212 2083 2259 secutu

2219 2196 2374 2267 τέρα,
2419 2196 2511 2250 ὅτε
2583 2195 2957 2268 ἠκολούθησαν
3024 2196 3176 2268 αὐτῷ
3229 2197 3279 2250 oi
3326 2197 3454 2268 περὶ
3522 2191 3747 2263 Ἀνδρέαν,

522 2288 632 2349 est,
666 2280 865 2338 deinde
902 2283 1095 2341 Simon
1149 2286 1368 2344 Petrus.
1415 2290 1601 2348 Altera
1632 2308 1765 2348 vero
1801 2293 1913 2359 die,
1957 2301 2018 2350 ut
2061 2311 2085 2351 ε

2220 2287 2414 2344 ἔπειτα
2436 2287 2619 2359 Σίμων
2647 2289 2873 2359 Πέτρος.
2922 2289 3035 2343 Kal.
3067 2292 3134 2361 τῇ
3158 2289 3292 2363 ἄλλῃ
3323 2287 3521 2361 ἡμέρᾳ,
3550 2287 3617 2350 ὡς
3647 2284 3747 2355 ἔφη·

523 2387 629 2430 nos
656 2373 923 2442 diximus,
956 2384 1011 2433 et
1038 2381 1370 2451 evangelicae
1395 2384 1733 2441 narrationis
1761 2385 1899 2441 ordo
1927 2393 2086 2458 postu

2222 2396 2345 2451 μεν,
2383 2380 2480 2435 καὶ
2513 2379 2627 2451 ἔχει
2650 2382 2685 2452 ἡ
2719 2378 3011 2434 ἀκολουθία
3034 2378 3134 2433 τοῦ
3156 2378 3510 2449 Εὑαγγελίου,
3532 2374 3748 2429 (ialm

523 2463 623 2530 lat,
652 2464 941 2539 Philippus
974 2478 1223 2540 vocatus,
1256 2488 1320 2528 ac
1344 2472 1676 2533 Natbanael.
1701 2475 1892 2534 Tertio
1923 2488 2086 2550 poste;

2221 2473 2434 2545 κλῆσις,
2489 2474 2585 2528 καὶ
2631 2472 2729 2527 τοῦ
2787 2470 3105 2545 Ναθαναήλ.
3153 2472 3265 2525 Καὶ
3309 2470 3495 2525 λοιπὸν
3530 2470 3591 2539 τῇ
3630 2464 3750 2538 τρίτῃ

524 2556 615 2613 die
661 2561 859 2630 nuptiae
899 2562 1060 2632 facta!
1090 2576 1217 2619 sunt
1250 2569 1304 2620 in
1347 2567 1498 2623 Cana
1533 2566 1775 2626 Galilww
1802 2572 1845 2637 ⁸,
1874 2582 1999 2643 post
2033 2573 2087 2629 bi

2271 2566 2407 2639 μέρᾳ
2427 2565 2613 2639 γάμος
2631 2566 2869 2637 ἐγένετο
2898 2562 3150 2633 ὲνΚανᾷ
3161 2562 3273 2634 τῆς
3297 2562 3632 2627 Γαλιλαίας,
3648 2555 3751 2629 μετὰ
3828 2606 3834 2613 .

525 2653 697 2706 duum
730 2653 865 2710 illud
897 2674 911 2709 :
944 2655 1111 2727 idque
1161 2658 1400 2728 primum
1447 2662 1827 2733 prodigiorum
1869 2665 2088 2721 omniun

2220 2660 2325 2725 τὰς
2345 2659 2440 2715 δύο
2463 2659 2562 2724 τὰς
2597 2660 3004 2732 προειρημένας
3022 2677 3035 2690 ·
3061 2659 3200 2732 ὅπερ
3224 2658 3443 2730 πρῶτον
3471 2657 3668 2739 σημεῖον
3683 2650 3751 2704 καὶ

524 2744 740 2801 exstitit
764 2763 779 2814 ;
812 2761 878 2801 ac
911 2756 1027 2802 tum
1056 2764 1328 2805 annorum
1354 2769 1464 2807 xxx
1486 2769 1754 2811 numerus
1779 2755 1848 2811 ab
1871 2756 1996 2826 ejus
2022 2773 2087 2812 na

2220 2751 2496 2825 πλήρωμα
2524 2753 2818 2824 τριάκοντα
2849 2751 2987 2806 ἐτῶν
3013 2752 3122 2805 ἀπὸ
3147 2753 3453 2823 γεννήσεως
3484 2748 3579 2819 τῆς
3600 2745 3752 2814 ὲνοάρ-

524 2837 626 2892 tali
657 2841 966 2910 completus
999 2850 1106 2897 est.
1144 2841 1345 2899 Eadem
1384 2846 1590 2918 quippe
1625 2848 1733 2913 die,
1772 2864 1881 2920 qua
1910 2865 2083 2907 secun

2222 2861 2321 2899 κου
2359 2843 2525 2898 αὑτοῦ
2580 2844 2901 2917 παρουσίας.
2949 2844 3038 2898 Ἐν
3077 2844 3216 2915 αὐτῇ
3246 2842 3358 2916 γὰρ
3392 2841 3675 2913 εὑρίσκεται
3702 2835 3750 2904 τῇ

525 2928 656 2983 dum
694 2944 913 2985 carnem
946 2940 1111 2989 natus
1146 2932 1346 3002 fuerat,
1382 2936 1619 3006 primum
1664 2938 1801 2995 illud
1835 2955 2088 2998 conversa

2223 2937 2406 3009 ἡμέρα
2456 2935 2559 3008 τῆς
2609 2935 2774 2990 αὐτοῦ
2818 2937 2961 2991 κατὰ
3022 2935 3201 3007 σάρκα
3233 2935 3536 3007 γεννήσεως
3568 2944 3751 2998 πεποιη·

524 3020 583 3075 in
618 3022 809 3078 vinum
842 3036 999 3095 aqua:
1039 3024 1371 3082 miraculum
1403 3027 1647 3085 edidisse
1678 3030 1950 3099 creditur,
1991 3048 2087 3088 cur

2223 3028 2337 3093 κὼς
2365 3028 2429 3082 τὸ
2458 3029 2675 3101 πρῶτον
2709 3028 2872 3083 πάλιν
2917 3032 3143 3101 σημεῖον
3165 3026 3259 3083 τοῦ
3290 3028 3483 3091 ὕδατος
3532 3027 3603 3089 είς
3627 3017 3751 3085 olm:

524 3113 751 3184 triginta
776 3116 891 3185 jam
924 3130 1103 3174 annos
1152 3118 1360 3176 solidos
1397 3119 1469 3175 ab
1501 3128 1628 3176 ortu
1670 3135 1776 3176 suo
1812 3125 2087 3179 secundum

2222 3123 2281 3176 ἐν
2315 3119 2393 3193 sip
2424 3120 2716 3194 πληρῶσαι
2771 3120 2935 3175 αὐτὸν
2963 3122 3256 3194 τριάκοντα
3284 3120 3406 3191 ἐτη,
3431 3119 3505 3183 ὡς
3545 3113 3752 3173 πολλάκις

525 3215 775 3275 carnem,
804 3208 1157 3282 adventuque
1182 3211 1517 3269 clausisset:
1545 3212 1599 3269 id
1627 3212 1774 3283 quod
1803 3229 1949 3286 saepe
1968 3229 2088 3271 com

2223 3207 2399 3280 εἷπον,
2447 3214 2558 3269 ἀπὸ
2600 3214 2700 3285 τῆς
2743 3214 3014 3288 ἐνσάρκου
3051 3214 3218 3268 αὑτοῦ
3260 3209 3560 3284 γεννήσεώς
3604 3224 3656 3261 τε
3687 3202 3754 3257 καὶ

760 3265 774 3275 ,
1062 3265 1082 3282 ι
1135 3265 1150 3268 -
1194 3265 1224 3267 ρ
1504 3265 1516 3269 -
1546 3265 1599 3269 -_
1636 3265 1773 3283 τη-
1804 3265 1946 3286 ---Γ
1974 3265 2087 3271 ----

524 3301 977 3366 memoravimus,
1019 3310 1075 3358 et
1113 3310 1174 3358 ut
1220 3303 1289 3358 ad
1318 3319 1445 3360 eum
1488 3304 1713 3360 modum
1755 3307 2087 3377 accipiamur

2224 3304 2529 3376 παρουσίας
2555 3321 2569 3336 ·
2620 3304 2697 3368 ὡς
2742 3304 3056 3357 ὑποτίθεται
3090 3304 3226 3374 ἡμῖν
3262 3302 3502 3355 συνιέναι
3551 3296 3632 3352 καὶ
3677 3309 3754 3346 κα·

525 3393 862 3464 evangelicae
893 3394 1237 3452 narrationis
1277 3403 1473 3451 exacta
1510 3396 1685 3453 series
1724 3399 2007 3469 postulare
2037 3400 2088 3454 vi

2222 3395 2537 3466 ταλαμόάνε
2547 3413 2593 3450 ιν
2619 3398 2652 3467 ἡ
2692 3395 2800 3450 τῶν
2828 3394 3176 3465 Εὐαγγελίων
3199 3392 3459 3465 ἀκρίϐειά
3484 3408 3541 3444 τε
3564 3388 3643 3442 καὶ
3659 3388 3754 3439 ἀκο-

526 3490 708 3538 detur.
739 3481 862 3538 Jam
895 3494 1021 3555 post
1070 3485 1308 3555 primum
1349 3486 1486 3542 illud
1530 3488 1863 3544 miraculum
1905 3490 2089 3561 reliqui

2224 3487 2429 3544 λουθία.
2460 3487 2566 3542 Καὶ
2596 3488 2784 3542 λοιπὸν
2813 3488 2922 3542 ἀπὸ
2956 3487 3051 3542 τοῦ
3092 3487 3312 3558 πρώτου
3351 3485 3571 3558 σημείου
3609 3477 3752 3533 τούτου

529 3575 783 3646 prodigia
827 3576 1124 3632 subsecuta
1166 3596 1180 3632 :
1214 3592 1315 3634 nec
1345 3593 1455 3634 non
1489 3589 1547 3635 et
1576 3581 1824 3637 caelestis
1855 3581 2092 3639 doctrina

2222 3582 2293 3635 τά
2318 3599 2378 3635 τε
2411 3581 2548 3636 ἄλλα
2579 3583 2781 3654 σημεῖα
2810 3622 2823 3647 ,
2860 3581 2955 3635 καὶ
2996 3581 3057 3634 τὸ
3080 3583 3347 3652 κήρυγμα
3379 3576 3575 3639 λοιπὸν,
3605 3574 3681 3626 καὶ
3708 3566 3755 3620 τὰ

526 3666 870 3739 praedicatio,
901 3677 955 3723 et
992 3666 1047 3722 id
1079 3683 1254 3740 genus
1284 3679 1505 3735 caetera,
1538 3688 1660 3741 quae
1686 3672 1755 3728 ad
1784 3673 2089 3747 singularen

2222 3672 2360 3727 ἄλλα
2406 3672 2584 3727 πάντα
2630 3673 2731 3744 τῆς
2763 3672 3088 3744 θαυμαστῆς
3123 3670 3289 3725 αὑτοῦ
3342 3668 3654 3742 πληρώσεως
3685 3659 3755 3727 τῆἕ

529 3766 588 3814 in
631 3775 735 3816 nos
782 3759 1205 3827 humanitatem,
1238 3762 1631 3835 Evangeliique
1660 3768 1951 3824 miriﬁcam
1986 3770 2092 3825 vim

2223 3763 2659 3835 φιλανθρωπίας.
2692 3764 2785 3817 καὶ
2824 3764 3189 3835 εὐαΠελικῆς
3252 3757 3672 3833 θαυματουργίας
3713 3765 3754 3801 τε

528 3869 595 3909 ac
619 3853 930 3910 doctrinam
964 3855 1361 3925 praestandam,
1393 3871 1459 3913 ac
1486 3858 1975 3917 demonstrandam
2002 3878 2091 3933 per

2223 3856 2320 3910 καὶ
2337 3855 2705 3926 διδασκαλίας,
2741 3858 2817 3923 ὡς
2837 3858 3097 3938 πολλάκις
3121 3855 3277 3927 ἔφην,
3301 3856 3400 3909 καὶ
3435 3846 3755 3938 ἀνατκάῖοεηῨ

526 3947 726 4004 tinent.
764 3947 920 4014 Quod
951 3963 1078 4003 cum
1106 3963 1136 4003 a
1170 3963 1257 4003 me
1286 3960 1372 4005 est
1403 3964 1513 4005 non
1542 3952 1713 4007 semel
1743 3951 1975 4021 dictum,
2003 3962 2089 4010 tum

2224 3946 2542 4011 πλειστάκις
2590 3947 2789 4016 λέγειν,
2822 3935 2962 4002 ista
2991 3948 3091 4020 τὴν
3116 3946 3225 4001 τῶν
3273 3944 3651 4016 ἀπατωμένων,
3689 3935 3754 3987 καὶ

527 4037 600 4093 ob
633 4052 906 4094 caecorum
939 4037 1249 4104 hominum,
1281 4037 1376 4109 qui
1409 4038 1751 4098 inﬁdelitatis
1787 4045 2090 4101 asserenda:

2224 4038 2712 4109 προφασιζομένων
2764 4037 3035 4111 θηρᾶσθαι
3073 4040 3287 4101 ἑαυτοῖς
3310 4038 3382 4092 τὰ
3408 4037 3506 4108 τῆς
3530 4026 3752 4087 ἀπιστίας,

528 4135 694 4199 atque
731 4136 787 4184 et
815 4135 1009 4184 sancto
1042 4126 1296 4200 Spiritui,
1324 4135 1380 4184 et
1405 4129 1825 4204 Evangeliorum
1857 4144 2091 4192 constan

2223 4128 2429 4184 καὶτοῦ
2469 4130 2770 4201 ἀντιλέγειν
2797 4131 2875 4203 τῷ
2895 4131 3035 4201 ἁγίῳ
3060 4130 3361 4202 Πνεύματι,
3391 4131 3485 4184 καὶ
3501 4130 3563 4199 τῇ
3589 4124 3754 4191 (lauit!-

525 4222 748 4280 tissimo
774 4223 958 4281 ordini
1002 4223 1422 4281 contradicendi
1468 4227 1822 4292 occasionem
1873 4228 2088 4302 uudiqu

1623 4227 1822 4292 sionem
1873 4228 2119 4302 undique
2226 4225 2327 4295 στῇ
2358 4221 2467 4278 τῶν
2492 4224 2842 4294 Εὐαγγελίων
2874 4223 3186 4296 ἀκολουθίᾳ.

526 4320 776 4386 captant,
811 4328 982 4386 cogor
1007 4327 1153 4383 saepe
1182 4320 1451 4384 repetere.

522 4452 529 4457 .
600 4405 769 4461 XVII.
808 4404 1023 4462 Etenim
1062 4412 1177 4461 tam
1220 4406 1512 4463 enucleata
1550 4418 1922 4483 accurataque
1956 4410 2085 4484 w

2302 4405 2399 4460 lZ'.
2456 4402 2639 4475 Πάντη
2701 4404 2810 4475 γὰρ
2869 4403 2996 4467 τοὺς
3042 4401 3491 4471 ἐναντιουμένους
3547 4394 3617 4466 τῷ
3653 4390 3757 4484 ἁγίῳ

405 4552 411 4558 .
528 4500 676 4557 ratio
706 4500 832 4555 illos
861 4514 1056 4556 omnes
1091 4499 1420 4570 occupando
1460 4501 1768 4570 submovet,
1800 4505 1895 4576 qui
1928 4520 1968 4569 at

2226 4495 2545 4567 Εὐαγγελίῳ
2573 4496 2913 4567 προλήψεται
2962 4495 2997 4566 ὴ
3042 4492 3280 4564 τοσαύτη
3313 4483 3754 4576 ἀκριϐολογία.

530 4606 628 4647 sus
650 4589 1004 4661 Evangelium
1029 4604 1276 4661 pugnare
1296 4605 1408 4647 nou
1429 4588 1706 4658 dubitant,
1730 4572 1858 4649 cum
1882 4594 2093 4666 idipsun

2193 4589 2414 4666 ,λοῦσα,
2455 4590 2537 4642 ὅτι
2566 4588 2676 4642 ἀπὸ
2719 4586 2813 4641 τοῦ
2850 4586 3228 4659 βαπτίσματος
3252 4587 3286 4657 ἡ
3322 4586 3466 4657 ἀρχὴ
3494 4582 3585 4653 τῆς

530 4682 916 4746 demonstrat;
957 4679 1263 4736 secundum
1312 4680 1649 4752 baptismum
1679 4690 2001 4740 caeterarum
2036 4702 2093 4741 re

2223 4680 2632 4754 πραγματείας,
2668 4680 2744 4745 ὡς
2794 4681 2908 4753 ἔχει
2935 4680 3139 4744 οὕτως·
3182 4680 3267 4733 ὅτι
3306 4678 3497 4732 ἔπειτα
3538 4670 3661 4728 κατά
3686 4666 3758 4735 τὴν

529 4791 653 4832 rum
682 4783 964 4848 gestarum
992 4774 1147 4830 initia
1174 4777 1323 4834 hunc
1342 4779 1401 4834 in
1427 4777 1653 4833 modum
1677 4786 1889 4832 secuta.
1915 4775 2087 4832 Deind

2221 4774 2437 4846 ἡμέραν
2461 4772 2557 4828 τοῦ
2594 4771 2978 4844 βαπτίσματος
3004 4774 3062 4826 ἐν
3088 4771 3168 4844 τῷ
3190 4769 3485 4843 πειρασμῷ
3515 4761 3756 4836 γενομένου

526 4883 653 4939 quat
695 4876 820 4938 post
854 4868 1188 4940 baptismum
1228 4869 1283 4925 in
1319 4870 1411 4925 illa
1442 4884 1510 4924 xl.
1543 4868 1757 4925 dierum
1790 4868 2089 4924 tentatione

2218 4864 2409 4927 αὐτοῦ,
2442 4866 2551 4919 τῶν
2577 4866 2986 4936 τεσσαράκοντα
3020 4864 3243 4937 ἡμερῶν
3273 4866 3412 4935 ὲντῇ
3443 4863 3619 4933 ἐρήμῳ
3635 4848 3757 4923 περὶ⁴

528 4973 594 5014 ac
620 4957 844 5015 deserto
869 4958 1244 5030 contigerunt,
1279 4975 1388 5016 non
1416 4961 1540 5018 sine
1564 4959 1743 5016 sancti
1768 4957 2012 5030 Spiritus
2036 4958 2091 5014 at

2220 4958 2402 5031 (Θεοῦ)
2460 4959 2539 5030 τῷ
2597 4958 2879 5030 Πνεύματι
2936 4957 3017 5028 τῷ
3064 4957 3217 5029 ἁγίῳ
3250 4956 3383 5030 (60),
3406 4954 3493 5009 διὰ
3535 4948 3755 5005 Ἰωάννου,

529 5050 660 5105 ﬂatu
696 5064 727 5103 a
759 5048 972 5111 Joanne
1006 5051 1398 5119 prmtermissa,
1425 5051 1576 5122 quod
1609 5066 1640 5106 a
1673 5051 1852 5105 tribus
1885 5064 2092 5121 evange

2221 5055 2283 5108 οὺ
2328 5054 2720 5126 πεφρόντισται
2773 5054 3038 5124 σημᾶναι.
3085 5051 3224 5120 Ἤδη
3266 5049 3377 5122 γὰρ
3413 5046 3482 5120 ἦν
3524 5044 3665 5138 τοῦτο
3693 5032 3757 5138 διὰ

530 5146 671 5200 listis
712 5151 875 5199 antea
916 5145 1197 5200 memoriae
1238 5152 1428 5200 essent
1474 5144 1712 5214 prodita.
1751 5142 2091 5210 Qucmadmo

2222 5144 2332 5197 τῶν
2359 5145 2529 5217 τριῶν
2572 5143 2978 5214 εὐαγγελιστῶν
3025 5141 3324 5215 σημανθέν.
3370 5138 3475 5194 Kal.
3507 5134 3652 5193 πάλιν
3673 5134 3756 5186 τοίς

531 5236 660 5290 dum
701 5235 808 5290 alia
853 5236 947 5291 alii
1000 5235 1352 5307 evangelista}
1405 5236 1786 5307 praetereunda
1818 5241 2094 5306 "putarunt

2223 5234 2404 5301 ἄλλοις
2449 5236 2869 5306 εὐαγγελισταίς
2925 5237 3053 5308 περὶ
3083 5235 3193 5289 τῶν
3222 5234 3399 5289 ἄλλων
3436 5232 3495 5285 οὺ
3521 5222 3756 5308 mw“?

531 5328 676 5393 quod
701 5324 933 5384 alterius
973 5329 1111 5384 alter
1144 5306 1292 5383 velut
1327 5306 1578 5384 subsidio
1612 5330 1899 5384 niteretur.
1931 5327 2008 5384 Ita
2036 5340 2091 5383 ta

2226 5346 2369 5393 σται,
2419 5330 2509 5383 διὰ
2554 5329 2617 5383 τὸ
2658 5330 2891 5385 ἕκαστον
2928 5306 3022 5400 ἀφ’
3065 5328 3299 5382 ἑκάστου
3330 5319 3640 5397 βοηθεῖσθαι·
3676 5306 3755 5409 ﬁ,"

533 5432 678 5482 men,
726 5427 786 5473 ut
828 5437 935 5475 una
977 5422 1047 5476 sit
1091 5436 1155 5476 ex
1200 5422 1461 5479 omnibus
1494 5422 1725 5476 collecta
1754 5436 1817 5476 ac
1848 5421 2096 5477 subduct:

2225 5420 2380 5496 παρὰ
2414 5421 2632 5478 πάντων
2678 5420 3049 5492 συλλεγομένη
3079 5422 3113 5491 ἠ
3146 5417 3377 5489 ἀλήθεια
3397 5414 3649 5469 δείκνυται
3681 5411 3754 5470 tua

608 5577 622 5605 ¹
657 5573 798 5657 ειυςἰ
822 5580 1030 5657 ιιι,β5.
1094 5583 1128 5657 _’
1157 5578 1316 5636 Joan.
1356 5598 1414 5646 Il,
1452 5583 1501 5636 l.
1620 5582 1640 5613 ³
1676 5580 1832 5636 Deest
1870 5581 2142 5637 nonnihil.

2253 5582 2273 5613 ‘
2312 5579 2377 5636 F.
2411 5582 2538 5657 πέρι
2567 5582 2652 5637 vel
2686 5583 2750 5635 ὲκ
2801 5580 3077 5652 περιττοῦ.
3122 5580 3179 5635 Si
3223 5579 3351 5651 πέρι
3386 5577 3525 5644 legas
3572 5566 3630 5623 ad
3657 5573 3750 5615 τεσ·

543 5643 743 5715 σαράκ.
774 5647 996 5717 ἡμερῶν
1026 5649 1282 5705 refertur.

614 5823 727 5893 (40)
775 5825 911 5892 Περὶ
957 5826 1104 5880 Θεοῦ
1152 5827 1230 5893 τῷ
1282 5830 1601 5898 Πνεύματι.
1650 5830 1853 5887 Practer
1903 5830 2108 5903 conject

545 5902 729 5961 posse,
762 5895 891 5965 περὶ
912 5888 969 5949 οὗ
996 5895 1074 5967 τῷ
1099 5896 1197 5951 [Ιν.

2180 5844 2277 5885 'am
2346 5830 2487 5887 illam
2534 5844 2696 5902 quam
2757 5828 2921 5884 modo
2953 5828 3303 5895 attexuimus,
3350 5827 3572 5882 occurrit
3618 5808 3743 5871 scribt

714 5933 729 5961 ν
769 5932 891 5961 σανίσι
912 5932 969 5949 νυ
1008 5932 1074 5961 δῚΙ
1100 5932 1197 5951 μ’.
