3958 6488
249 480 341 537 921

968 480 1107 537 ADV
1116 476 1340 539 EBSUS
1378 480 1722 540 IIERESES
1758 481 1863 539 LlB

1968 527 1981 541 .
2025 482 2190 541 TOM.
2236 483 2277 540 1.
2319 513 2383 525 --
2432 481 2705 539 HERES.
2750 480 2837 537 LI.

3409 480 3519 537 9‘22

251 578 328 663 τις
355 595 508 659 οὖσα.
539 601 635 655 καὶ
662 601 798 673 πρὸς
826 600 1027 671 ἑαυτὴν
1055 603 1131 674 μὴ
1162 605 1552 668 στασιάζουσα,
1592 606 1834 662 Ἐκεῖθεν

1972 608 2164 674 eritas,
2200 621 2301 663 nec
2339 620 2369 660 a
2412 621 2472 662 se
2502 606 2622 676 ipsa
2655 602 2964 662 dissentiat.
2997 601 3135 658 Nam
3182 611 3309 675 post
3348 603 3530 673 bapti-

251 686 352 760 γάρ
382 688 546 750 εὐθὺς
573 689 684 743 ἀπὸ
707 690 801 744 τοῦ
831 689 1164 763 πειρασμοῦ,
1191 693 1267 757 ὡς
1292 693 1451 765 ἔφην,
1480 699 1561 760 είς
1590 697 1691 768 τὴν
1720 698 1831 750 Να-

254 781 406 851 ζαρὲτ
436 781 676 854 ἔρχεται,
712 784 807 837 καὶ
842 784 995 855 μένει
1046 786 1166 838 ἐκεῖ
1210 783 1363 840 οὔπω
1408 789 1551 852 τινὸς
1588 787 1833 860 μαθητοῦ

256 874 368 944 μετ’
384 873 546 927 αὐτοῦ
568 874 739 939 ὄντος.
757 876 1026 930 Κάκεῖθεν
1044 877 1370 949 κατέρχεται
1393 880 1530 952 πρὸς
1557 882 1833 953 Ἰωάννην,

253 967 337 1018 ὅτε
358 965 515 1031 εὐθὺς
537 966 625 1022 διὰ
657 966 753 1020 τοῦ
800 968 1050 1039 Ἀνδρέου
1093 969 1338 1024 καλεῖται
1378 972 1406 1023 ὁ
1443 972 1683 1042 Πέτροςυ
1717 967 1838 1025 εἶτα

253 1056 529 1123 Φίλιππος,
568 1060 661 1113 καὶ⁸
702 1058 790 1113 διά
832 1059 1100 1115 Φιλίππου
1138 1064 1166 1115 ὁ
1197 1062 1517 1132 Ναθαναήλ.
1553 1061 1758 1133 Μηδεὶς
1781 1060 1839 1117 δὲ

256 1150 345 1203 καὶ
392 1150 550 1203 τοῦτο
603 1152 963 1221 ἀμφιϐάλλων
1008 1154 1481 1226 περιεργαζέσθω,
1542 1155 1707 1226 ὀρῶν,
1756 1156 1839 1210 ὅτι

267 1241 514 1310 Ἀνδρέας
537 1242 751 1313 πρῶτος
774 1245 1051 1316 ὑπήντησε
1068 1246 1147 1317 τῷ
1172 1246 1370 1319 Ἰησοῦ,
1393 1246 1582 1301 ἔπειτα
1613 1247 1841 1318 Πέτρος,

256 1335 346 1388 καὶ
375 1334 439 1388 δι’
467 1334 631 1389 αὐτοῦ
664 1336 892 1408 ἐκλήθη,
929 1339 1023 1392 καὶ
1056 1339 1293 1411 ἄρξηται
1351 1340 1447 1395 καὶ
1490 1341 1619 1412 περὶ
1651 1339 1841 1393 τούτου

256 1425 558 1495 ἀσχάλλειν.
615 1427 677 1479 ’Π
746 1428 844 1498 μὲν
904 1429 1013 1501 γάρ
1094 1430 1418 1502 συνάντησις
1478 1429 1558 1501 τῷ
1617 1429 1844 1502 Ἀνδρέᾳ

257 1517 443 1589 πρώτη
474 1518 787 1589 γεγένηται,
836 1523 1164 1593 μικροτέρου
1207 1522 1366 1587 ὄντος
1386 1522 1481 1576 τοῦ
1516 1523 1726 1595 Πέτρου
1766 1522 1846 1595 τῷ

256 1609 432 1680 χρόνῳ
459 1608 562 1678 τῆς
591 1610 832 1680 ἡλικίας.
1232 1659 1236 1663 .
1378 1620 1383 1623 ·

328 1702 590 1772 Ὕστερον
618 1701 727 1773 γὰρ
763 1702 944 1765 πάλιν,
965 1703 1054 1757 ὅτε
1080 1706 1114 1776 ή
1152 1705 1339 1758 τελεία
1365 1705 1550 1768 αὐτοῖς
1578 1703 1848 1768 ἀπόταξις

254 1790 564 1860 γεγένηται,
593 1791 702 1845 ἀπὸ
739 1791 833 1845 τοῦ
873 1793 1082 1865 Πέτρου
1136 1796 1450 1865 γεγένηται.
1496 1796 1715 1866 Ἐπειδὴ
1739 1794 1850 1865 γάρ

1936 714 2117 755 smum
2152 699 2341 755 statim
2374 698 2528 753 illinc
2557 695 2909 760 Nazaretum,
2945 696 3025 750 uti
3054 694 3192 760 dixi,
3225 694 3532 765 proficisci-

1938 801 2049 855 tur,
2079 790 2267 860 ibique
2293 790 2416 847 sine
2439 789 2569 845 ullis
2599 787 2780 842 adhuc
2808 786 3100 857 discipulis
3135 788 3358 842 mansit.
3388 785 3531 841 llinc

1938 883 2010 939 ad
2049 882 2319 938 Joannem
2360 881 2647 936 contendit
2684 899 2697 935 :
2732 895 2842 950 quo
2882 887 3128 950 tempore
3172 878 3371 934 Petrus
3418 881 3535 933 An-

1939 975 2084 1030 dreae
2112 981 2342 1030 vocatus
2368 980 2454 1028 est
2482 986 2683 1042 opera;
2714 978 2829 1025 tum
2865 968 3173 1040 Philippus,
3200 977 3255 1031 et
3288 985 3382 1040 per
3404 968 3538 1023 Plii-

1939 1067 2149 1138 lippum
2186 1065 2511 1120 Nathanael.
2552 1062 2664 1119 Nec
2709 1071 2794 1119 est
2828 1063 2972 1134 quod
3013 1065 3118 1119 ista
3154 1061 3538 1133 scrupulosius

1939 1159 2237 1230 exquirens
2261 1158 2474 1214 dubitet
2501 1157 2797 1228 quispiam,
2831 1157 2975 1227 quod
2994 1156 3266 1211 Andream
3294 1155 3533 1226 primum

1942 1250 2257 1306 occurrisse
2297 1249 2428 1304 Jesu
2469 1248 2680 1310 videat;
2732 1246 2930 1303 deinde
2991 1246 3236 1311 Petrum,
3296 1246 3388 1315 qui
3443 1260 3538 1314 per

1945 1342 2097 1396 illum
2141 1343 2213 1398 sit
2244 1346 2508 1405 vocatus;
2537 1339 2608 1394 ob
2634 1354 2884 1411 eamque
2934 1353 3154 1394 causam
3193 1342 3535 1393 succenseat.

1944 1433 2159 1489 Etenim
2205 1432 2454 1488 Andreas
2497 1433 2650 1502 prior
2704 1432 2760 1486 in
2825 1429 3113 1486 Dominum
3169 1428 3382 1493 incidit,
3429 1443 3541 1499 quo

1942 1526 2144 1583 Petrus
2169 1534 2289 1581 erat
2322 1534 2482 1580 aetate
2505 1524 2716 1595 junior.

2021 1705 2219 1761 Postea
2275 1720 2429 1771 vero,
2485 1720 2611 1760 cum
2678 1704 2929 1761 absoluta
2986 1702 3078 1757 illa
3138 1710 3396 1772 suscepta
3458 1709 3542 1757 est

1946 1799 2194 1855 omnium
2233 1814 2414 1853 rerum
2456 1797 2752 1861 abdicatio,
2802 1795 3026 1850 initium
3057 1801 3143 1849 est
3177 1809 3205 1848 a
3256 1792 3422 1848 Petro
3463 1791 3546 1846 fa-

256 1880 350 1933 καὶ
400 1880 561 1943 αὐτὸς
614 1882 880 1951 ἀέηγείτο
913 1881 1008 1935 τοῦ
1070 1883 1198 1937 ἰδίου
1236 1883 1491 1955 ἀδελφοῦ’
1535 1885 1630 1938 καὶ
1675 1882 1851 1937 ἔτιδὲ

1968 1901 2125 1947 :tum.
2158 1890 2315 1945 Tunc
2343 1891 2490 1946 enim
2526 1898 2581 1945 et
2618 1891 2736 1959 ipse
2771 1888 2930 1944 fratri
2963 1903 3067 1942 suo
3101 1886 3337 1956 prteivit.
3378 1886 3546 1941 Acce-

256 1971 397 2026 κατά
433 1972 609 2037 τοῦτο,
657 1973 739 2026 ὅτι
780 1973 911 2037 Θεός
944 1976 1093 2030 ἐστιν
1126 1975 1281 2041 εἰδὼς
1311 1979 1411 2038 τὰς
1453 1976 1675 2046 κλήσεις
1701 1977 1717 2006 ί
1743 1974 1851 2028 τῶν

1968 1975 2206 2054 Ιὶιῖιιιοά
2246 1982 2390 2039 Deus
2422 1983 2790 2036 humanorum
2835 1978 3085 2035 cordium
3126 1988 3293 2032 nutus
3321 1993 3383 2031 ac
3419 1991 3547 2047 pro-

256 2063 515 2135 καρδιῶν,
552 2063 647 2117 καὶ
685 2062 970 2133 γινώσκων
998 2065 1083 2129 τίς
1124 2068 1180 2121 ὲν
1220 2066 1458 2138 πρώτοις
1486 2066 1632 2133 ἄξιός
1662 2065 1853 2119 τάττε-

257 2154 407 2223 σθαι,
434 2155 527 2208 καὶ
578 2155 858 2220 ἐξελέξατο
880 2156 972 2210 τὸν
1034 2158 1240 2230 Πέτρον
1271 2157 1383 2229 (41)
1421 2159 1664 2230 ἀρχηγὸν
1714 2154 1853 2212 εἶναι

258 2245 368 2299 τῶν
395 2244 559 2298 αὐτοῦ
604 2244 883 2316 μαθητῶν,
922 2246 999 2310 ὡς
1024 2246 1201 2319 πάντη
1233 2248 1421 2318 σαφῶς
1445 2247 1850 2302 ἀποδέδεικται.

251 2337 566 2393 Μετέπειτα
589 2338 699 2410 γάρ
733 2338 997 2394 ἐλθόντων
1020 2340 1203 2394 αὐτῶν
1232 2341 1365 2412 παρ’
1393 2340 1565 2411 αὐτῷ,
1596 2341 1696 2393 καὶ
1733 2355 1854 2410 μει-

260 2429 469 2483 νάντων
516 2429 616 2501 τὴν
664 2430 891 2503 πρώτην
934 2431 1171 2503 ἡμέραν,
1210 2431 1285 2495 ὡς
1325 2430 1484 2503 ἔφην,
1512 2433 1580 2502 τῇ
1624 2429 1858 2502 δευτέρᾳ

256 2521 615 2589 ὣευσάντων,
645 2525 709 2594 τῇ
752 2522 910 2594 τρίτῃ
956 2522 1013 2576 δὲ
1061 2522 1245 2596 ἡμέρᾳ
1276 2523 1372 2577 τοῦ
1403 2522 1731 2594 θεοσημείου
1760 2521 1856 2575 τοῦ

257 2614 475 2684 πρώτου
504 2614 822 2684 γενομένου,
865 2614 959 2668 καί
996 2631 1161 2669 τινων
1187 2615 1456 2669 συνόντων
1479 2613 1651 2684 αὐτῷ,
1673 2618 1734 2666 οὐ
1757 2611 1856 2667 τοῦ

270 2703 550 2776 Ἀνδρέου,
581 2702 704 2758 οὔτε
734 2704 828 2758 τοῦ
865 2705 1100 2776 Πέτρου,
1148 2706 1270 2760 οὐδὲ
1298 2705 1393 2760 τοῦ
1437 2706 1710 2770 Ἰωάννου,
1736 2704 1861 2759 οὐδὲ

255 2796 353 2849 τοῦ
414 2795 692 2861 Ἰακώϐου,
731 2797 860 2868 ἑξῆς
920 2797 1061 2869 μετά
1101 2798 1162 2851 τὸ
1207 2797 1386 2851 ἐλθεῖν
1424 2797 1588 2850 αὑτὸν
1634 2798 1715 2860 είς
1744 2798 1863 2850 Κα-

260 2889 576 2959 φαρναοὺμ,
610 2889 705 2943 καὶ
737 2889 983 2943 ἀνελθεῖν
1009 2889 1172 2944 πάλιν
1202 2891 1282 2952 εἰς
1305 2887 1582 2960 Ναζαρὲτ,
1607 2886 1864 2941 κάκεῖθεν

260 2981 426 3035 πάλιν
465 2984 543 3045 εἰς
596 2982 999 3054 Καφαρναοὺμ,
1055 2982 1150 3036 καὶ
1205 2981 1432 3052 ποιῆσαι
1476 2981 1641 3052 μέρος
1679 2977 1864 3032 τιτῶν

1954 2077 2249 2149 pensiones
2281 2074 2691 2139 animadvertit,
2738 2088 2802 2127 ac
2845 2072 2935 2142 qui
2978 2073 3050 2127 sit
3083 2071 3262 2141 primo
3300 2071 3421 2125 loco
3450 2070 3540 2124 di-

1955 2183 2098 2239 gnus
2125 2166 2400 2236 intelligit.
2426 2165 2609 2230 Quare
2631 2163 2852 2219 Petrum
2884 2162 3287 2232 discipulorum
3317 2175 3546 2217 suorum

1953 2259 2260 2330 principem
2284 2257 2468 2327 elegit,
2496 2258 2574 2311 uti
2613 2256 2907 2327 perspicue
2938 2255 3280 2310 declaratum
3311 2265 3414 2309 est.
3444 2255 3542 2308 Se-

1957 2348 2197 2404 cundum
2223 2348 2339 2403 haec
2362 2349 2552 2413 igitur,
2585 2362 2708 2402 cum
2737 2346 2803 2401 ad
2825 2347 3110 2402 Christum
3142 2346 3217 2400 illi
3240 2347 3546 2409 venissent,

1958 2456 2024 2496 ac
2049 2441 2250 2512 prima,
2285 2447 2346 2495 ut
2375 2440 2641 2505 diximus,
2677 2438 2766 2494 die
2800 2437 3150 2505 commorati,
3188 2444 3409 2508 postera
3438 2435 3552 2491 dis-

1958 2532 2298 2597 cessissent;
2331 2544 2396 2583 ac
2452 2528 2647 2584 deinde
2671 2529 2764 2584 alii
2803 2545 2863 2585 se
2888 2530 3111 2599 quidam
3147 2527 3553 2597 adjunxissent,

1958 2625 2030 2680 ab
2060 2624 2302 2687 Andrea,
2339 2621 2525 2686 Petro,
2565 2620 2775 2677 Joanne
2808 2636 2872 2675 ac
2901 2620 3109 2676 Iacobo
3135 2619 3342 2673 diversi
3377 2637 3389 2672 :
3424 2618 3553 2687 qui-

1960 2717 2069 2772 bus
2097 2730 2222 2770 cum
2250 2713 2637 2784 Capharnaum
2673 2713 2868 2768 abiens
2906 2713 3034 2767 inde
3068 2709 3397 2765 Nazaretum
3428 2724 3556 2787 per-

1960 2809 2126 2873 rexit,
2178 2806 2529 2877 indidemque
2576 2821 2773 2861 rursus
2824 2805 3211 2875 Capharnaum
3258 2801 3446 2864 redi-it,
3493 2816 3560 2857 ac

1963 2899 2233 2953 miracula
2270 2896 2521 2968 quaedam
2571 2896 2765 2961 edidit,
2818 2894 3133 2964 cujusmodi
3177 2900 3259 2949 est
3300 2890 3561 2947 arefacta:

1965 3006 2166 3046 manus
2218 3005 2283 3043 ac
2332 3002 2527 3043 socrus
2574 2985 2724 3042 Petri
2770 2986 3008 3040 curatio.
3049 2983 3181 3040 Inde
3224 2981 3560 3037 Nazaretum

262 3073 527 3145 σημείων,
556 3073 651 3127 τοῦ
686 3075 784 3145 τὴν
815 3074 986 3146 ξηρὰν
1036 3077 1193 3146 χεῖρα
1225 3074 1460 3147 ἔχοντος,
1494 3072 1711 3141 καὶτῆς
1740 3086 1863 3124 πεν-

1968 3082 2149 3139 denuo
2181 3094 2461 3143 reversus,
2513 3078 2673 3134 Isaiae
2709 3075 2966 3131 volumen
3021 3075 3174 3146 legit,
3221 3081 3278 3129 et
3311 3059 3561 3142 Caphar-

259 3166 429 3238 θερᾶς
450 3166 657 3238 Πέτρου
687 3167 784 3239 τὴν
820 3169 984 3231 ἴασιν,
1021 3168 1263 3223 ἀνελθεῖν
1295 3166 1459 3222 πάλιν
1486 3167 1566 3230 είς
1590 3162 1863 3234 Ναζαρὲτ,

1968 3188 2135 3228 naum
2169 3186 2292 3228 sese
2327 3172 2529 3226 iterum
2571 3169 2799 3240 recepit.
2854 3167 2994 3221 Tum
3049 3165 3271 3222 demum
3319 3163 3569 3235 perfecte

212 3262 217 3267 ’
259 3260 359 3314 καὶ
414 3258 723 3327 ἀναγνῶναι
749 3259 809 3313 τὸ
876 3260 1097 3330 βιϐλίον.
1137 3260 1360 3313 Ἡσαΐου
1386 3301 1402 3326 ,
1440 3258 1535 3312 καὶ
1588 3254 1863 3311 κατελθεῖν

1973 3264 2168 3319 Petrus
2202 3262 2553 3331 Joannesque
2593 3258 2776 3314 vocati
2818 3263 2969 3312 sunt.
3000 3256 3179 3326 Atque
3215 3251 3308 3307 hic
3324 3251 3563 3307 tandem

264 3352 428 3407 πάλιν
485 3355 566 3418 εἰς
614 3351 1009 3425 Καφαρναοὺμ,
1071 3353 1161 3406 ὅτε
1207 3352 1327 3407 τότε
1378 3354 1413 3423 ἡ
1453 3350 1635 3404 τελεία
1680 3348 1863 3418 κλῆσις

1978 3351 2150 3413 totius
2178 3354 2421 3411 historiae
2449 3368 2625 3409 nexus
2657 3360 2765 3416 est,
2808 3364 2995 3406 secum
3031 3350 3149 3418 ipse
3178 3345 3562 3409 consentiens,

262 3444 379 3498 τῶν
417 3443 546 3514 περὶ
581 3444 785 3511 Πέτρόν
818 3446 912 3499 καὶ
939 3443 1195 3514 Ἰωάννην
1221 3433 1538 3515 γεγένηται.
1565 3440 1675 3496 Καὶ
1695 3437 1863 3501 οὕτως

1968 3465 2070 3508 nec
2102 3449 2211 3504 ulla
2244 3457 2399 3517 parte
2429 3444 2729 3507 dissidens,
2772 3450 2832 3497 ut
2865 3450 2920 3497 et
2951 3440 3265 3495 clarissima
3295 3435 3454 3508 441
3492 3434 3569 3489 sit

265 3540 301 3609 ἡ
355 3538 509 3591 πᾶσα
567 3537 862 3591 ἀκολουθία
910 3537 1284 3606 ἀναλογεῖται,
1329 3537 1545 3599 οὐδενὸς
1589 3531 1863 3589 ἀντιθέτου

1970 3555 2252 3616 gestarum
2294 3553 2476 3594 rerum
2518 3536 2747 3600 veritas,
2782 3542 2837 3589 et
2868 3532 3178 3590 certissime
3200 3529 3564 3601 praedicatur.

264 3630 629 3699 ὑπάρχοντος,
666 3629 801 3683 ἀλλὰ
835 3630 1015 3701 πάσης
1052 3630 1150 3701 τῆς
1189 3627 1450 3701 ἀληθείας
1493 3622 1863 3697 τηλαυγεστά-

1971 3637 2047 3690 Ita
2088 3633 2232 3688 enim
2280 3629 2629 3701 evangelista:
2671 3626 2857 3682 czrteri
2890 3631 3188 3686 testantur,
3230 3629 3379 3676 metu
3413 3618 3567 3672 illum

262 3739 368 3792 της
396 3719 583 3792 οὔσης,
634 3721 728 3774 καὶ
762 3723 819 3774 ὲν
853 3720 1081 3793 ἀληθείᾳ
1110 3718 1552 3792 κεκηρυγμένης.
1592 3719 1729 3771 Φασὶ
1766 3715 1863 3785 γὰρ

1973 3727 2207 3783 Herodis
2240 3725 2467 3795 fugisse,
2501 3738 2566 3778 ac
2599 3728 2725 3793 post
2762 3721 2944 3790 fugam
2975 3718 3292 3773 venientem
3339 3710 3572 3767 haesisse

262 3814 446 3878 οὕτως
478 3816 526 3867 οἱ
551 3814 702 3869 ἄλλοι
728 3815 840 3884 (4⁸2)
894 3814 1313 3885 εὐαγγελισταὶ,
1350 3815 1431 3868 ὅτι
1477 3812 1656 3883 φυγάς
1696 3809 1863 3882 ᾢχετε

1973 3816 2248 3872 Nazareti.
2275 3813 2432 3869 Unde
2456 3812 2717 3883 baptismi
2739 3824 2909 3864 causa
2934 3807 3243 3885 digressus,
3273 3809 3399 3873 post
3422 3800 3572 3854 hunc

266 3908 386 3959 ἀπὸ
438 3905 736 3979 προσώπου
789 3906 1056 3981 Ἡρώδου,
1105 3907 1201 3961 καὶ
1250 3905 1389 3978 μετά
1435 3906 1534 3976 τὴν
1573 3904 1754 3975 φυγὴν
1781 3904 1868 3956 ἑλ-

272 3998 390 4064 θὼν
439 4000 736 4072 κατέμενεν
762 4000 842 4063 εἰς
876 3999 1151 4070 Ναζαρέτ.
1175 3998 1290 4054 Καὶ
1328 3998 1467 4069 μετὰ
1492 3997 1593 4069 τὴν
1621 3997 1876 4069 Ναζαρὲτ

1977 3907 2209 3965 secessit
2241 3907 2296 3960 in
2324 3904 2626 3961 desertum.
2664 3901 2874 3957 Deinde
2902 3899 3126 3955 rediens
3157 3895 3463 3967 praedicare
3486 3898 3575 3946 est

1979 4013 2296 4071 aggressus.
3120 4002 3125 4003 ί

273 4086 463 4147 λαϐὼν
507 4090 569 4144 τὸ
618 4090 926 4161 βάπτισμα,
975 4089 1221 4159 ἀπῆλθεν
1260 4090 1341 4151 είς
1376 4088 1476 4160 τὴν
1508 4087 1869 4160 ἕρημον.Καὶ
1906 4089 2046 4163 μετά
2093 4087 2268 4141 ταῦτα
2296 4082 2605 4153 ἀνέκαμψε.
2657 4080 2815 4136 Μετά
2873 4080 2936 4133 τὸ
2999 4076 3326 4148 ἀνακάμψαι
3370 4072 3576 4145 ἤρξατο

270 4203 350 4256 κη
358 4184 594 4256 ρύττειν.

352 4279 463 4331 1Η’.
495 4276 568 4329 Τὸ
588 4274 655 4328 δὲ
669 4271 1003 4342 Εὐαγγέλιον
1022 4272 1085 4326 τὸ
1107 4273 1187 4336 εἰς
1213 4271 1385 4344 ὄνομα
1414 4272 1688 4335 Ἰωάννου,
1712 4271 1868 4341 φασὶ,

271 4367 561 4441 ψεύδεται.
592 4363 748 4419 Μετὰ
784 4362 894 4434 γάρ
930 4362 992 4416 τὸ
1017 4364 1214 4427 εἰπεῖν,
1245 4361 1328 4415 ὃτι
1371 4361 1434 4414 Ὀ
1478 4361 1671 4431 Λόγος
1714 4359 1873 4429 σὰρξ

268 4461 543 4533 ἐγένετο,
582 4457 681 4512 καὶ
706 4454 1063 4526 ἐσκήνωσεν
1100 4454 1171 4509 ἐν
1202 4453 1368 4524 ἡμῖν,
1400 4452 1496 4508 καὶ
1524 4452 1681 4521 ὀλίγα
1712 4452 1870 4518 ἄλλα,

274 4548 449 4611 εὐθὺς
472 4545 642 4617 λέγει,
669 4546 751 4600 ὅτι
786 4543 990 4615 Γάμος
1016 4543 1258 4615 ἐγένετο
1279 4544 1350 4597 ἐν
1370 4540 1538 4609 Κανᾷ
1571 4541 1681 4611 τῆς
1694 4545 1873 4598 Γαλι-

270 4641 487 4708 λαίας.
510 4639 622 4694 Καὶ
653 4630 736 4693 οὐ’
754 4637 1061 4710 μέμνηνται
1094 4639 1145 4692 οἱ
1176 4636 1487 4710 ἀφροσύνην
1513 4638 1728 4700 ἑαυτοῖς
1752 4638 1876 4689 ὲπι-

277 4733 602 4805 σπώμενοι,
655 4731 733 4797 ὡς
790 4731 1043 4803 Ἰωάννης
1077 4730 1218 4802 μετά
1264 4730 1326 4784 τὸ
1353 4731 1546 4791 εἰπεῖν,
1590 4730 1653 4783 '0
1684 4728 1877 4798 Λόγος

272 4825 448 4894 σὰρξ
489 4823 729 4894 ἐγένετο
751 4864 767 4890 ,
813 4822 984 4892 λέγει,
1018 4821 1120 4876 καὶ
1172 4823 1531 4891 ἐσκήνωσεν
1580 4821 1652 4875 ἐν
1696 4820 1875 4890 ἡμῖν,

269 4917 572 4971 τουτέστιν
612 4915 904 4987 ἄνθρωπον
945 4914 1263 4984 γεγονέναι·
1315 4914 1411 4969 καὶ
1444 4914 1527 4967 ὅτι
1572 4908 1705 4985 ἦλθε
1746 4912 1880 4986 πρὸς

276 5011 385 5063 τὸν
437 5010 695 5082 Ἰωάννην
731 5008 823 5061 τὸν
866 5006 1180 5077 Βαπτιστὴν
1226 5007 1285 5059 ὲν
1328 5004 1407 5077 τῷ
1468 5005 1741 5079 Ἰορδάνῃ,
1786 5003 1882 5058 καὶ

277 5099 600 5171 ἐϐαπτίσθη
663 5100 754 5152 ὑπ’
804 5082 1009 5160 αὐτοῦ,
1063 5094 1308 5149 Ἰωάννου
1352 5093 1447 5148 τοῦ
1494 5093 1882 5165 εὐαγγελιστοῦ

286 5192 710 5263 μαρτυροῦντος
732 5230 746 5255 ,
798 5189 938 5261 μετά
981 5187 1083 5260 τὴν
1125 5186 1286 5241 πάλιν
1330 5186 1590 5241 ἐπάνοδον
1640 5186 1749 5240 ἀπὸ
1792 5184 1884 5240 τοῦ

284 5283 634 5355 πειρασμοῦ,
660 5283 736 5345 ὡς
760 5280 855 5335 τοῦ
879 5278 1188 5336 Βαπτιστοῦ
1221 5278 1470 5333 Ἰωάννου
1501 5277 1775 5347 λέγοντος,
1806 5278 1886 5331 ὅτι

372 5446 388 5473 ¹
423 5439 483 5496 F.
514 5441 743 5504 κλίσεις.
856 5439 876 5469 ²
904 5436 1065 5493 Joan.
1105 5453 1142 5503 ι,
1181 5438 1261 5492 14.
1363 5435 1384 5467 ³
1419 5434 1577 5490 Joan.
1613 5451 1672 5501 ιι,
1705 5436 1754 5488 I.

372 5597 490 5667 (4|)
523 5595 633 5650 Καὶ
665 5593 989 5667 ἐξελέξατλο
1024 5593 1131 5647 τὸν
1182 5592 1428 5667 Πέτρον.
1476 5588 1743 5667 Egregius
1803 5589 1893 5643 hic

288 5661 494 5734 locus;
524 5682 589 5721 ex
613 5681 722 5736 quo
751 5666 917 5734 liquet
941 5663 1157 5718 Petrum
1179 5664 1509 5736 _Andreaa_ac
1533 5661 1746 5736 emeris
1763 5675 1896 5736 apo-

288 5731 492 5799 stolis,
527 5731 647 5791 non"
670 5731 867 5798 aetatis,
896 5745 989 5789 aut
1017 5734 1320 5789 vocationis
1345 5732 1559 5799 ordine,
1596 5731 1691 5786 sed
1737 5733 1893 5801 prin-

290 5810 525 5878 cipatus
550 5822 614 5860 ac
640 5806 943 5878 dignitatis,
976 5806 1253 5878 anteponi.

380 5877 496 5945 (42)
521 5877 677 5931 Φασὶ
704 5870 813 5945 γὰρ
849 5876 1037 5943 οὕτως
1074 5870 1127 5930 οὶ
1158 5875 1357 5929 ἄλλοι.
1399 5872 1596 5945 Mirum
1628 5879 1712 5926 est
1746 5870 1892 5940 quod

295 5948 424 6007 hoc
452 5944 572 6005 luco
611 5944 809 6003 asserit
842 5948 1075 6017 primum
1140 5945 1407 6002 Herodem
1440 5944 1666 6015 fugisse,
1702 5951 1887 6013 postea

2047 4262 2233 4319 XVIII.
2269 4262 2340 4315 At
2381 4260 2556 4326 enim,
2597 4258 2874 4329 inquiunt,
2936 4255 3167 4312 mendax
3224 4265 3311 4310 est
3365 4254 3573 4310 editum

1974 4357 2199 4414 nomine
2248 4336 2481 4410 Joannis
2521 4350 2897 4422 Evangelinm.
2936 4347 3236 4419 Postquam
3276 4347 3420 4402 enim
3468 4349 3576 4403 ista

1976 4450 2151 4515 dixit,
2200 4447 2426 4504 Verbum
2464 4462 2591 4501 caro
2624 4444 2827 4515 factum
2855 4451 2936 4498 est
2959 4482 2973 4507 ,
3010 4453 3060 4496 et
3095 4440 3354 4495 habitavit
3388 4442 3443 4495 in
3474 4459 3572 4496 no-

1978 4541 2055 4595 bis
2089 4542 2110 4572 ³
2132 4580 2147 4605 ,
2178 4538 2397 4609 aliaque
2450 4537 2716 4592 nonnulla
2742 4575 2759 4600 ,
2824 4534 3011 4590 statim
3056 4533 3246 4604 adjicit
3280 4552 3293 4588 :
3360 4533 3580 4604 Nuptiae

1975 4632 2137 4704 facta:
2174 4641 2297 4688 sunt
2331 4632 2388 4685 in
2420 4629 2573 4687 Cana
2607 4628 2851 4683 Galilww
2892 4627 2934 4681 ³.
2970 4625 3080 4682 Nec
3118 4625 3435 4697 intelligunt
3463 4627 3581 4694 isti,

1976 4730 2070 4799 qui
2104 4741 2227 4781 eam
2286 4724 2391 4781 sibi
2430 4724 2576 4792 ultro
2623 4722 2900 4777 insaniam
2943 4727 3276 4785 arcessunt,
3304 4717 3575 4776 Joannem

1978 4826 2104 4891 post
2132 4819 2253 4874 illas
2290 4832 2490 4883 voces,
2526 4815 2594 4869 Et
2636 4814 2861 4870 Verbum
2899 4830 3023 4868 caro
3060 4812 3261 4882 factum
3296 4819 3402 4874 est,
3432 4812 3592 4866 addi-

1983 4912 2169 4976 disse,
2200 4920 2251 4965 ct
2287 4909 2547 4964 habitavit
2580 4908 2632 4962 in
2690 4909 2881 4962 nobis:
2914 4904 3060 4976 quod
3098 4904 3240 4960 idem
3270 4912 3382 4970 est,
3418 4912 3588 4973 atque

1986 5004 2264 5059 hominem
2304 5002 2608 5058 exstitisse.
2647 5000 2916 5054 Praeterea
2971 4997 3040 5051 ad
3085 4995 3352 5051 Joannem
3404 4993 3589 5064 Bapti-

1987 5104 2129 5153 stam
2163 5102 2219 5150 et
2254 5092 2548 5149 Jordanem
2600 5090 2906 5146 accessisse
2935 5128 2950 5152 ,
2991 5088 3062 5143 ab
3113 5101 3289 5157 eoque
3328 5085 3584 5155 baptiza-

1994 5197 2147 5251 tum,
2182 5194 2244 5241 ut
2279 5186 2421 5241 idem
2453 5184 2544 5240 ille
2590 5183 2931 5252 evangelista
2987 5186 3386 5236 commemorat
3408 5216 3424 5241 ,
3460 5191 3589 5231 cum

1995 5284 2121 5348 post
2158 5277 2304 5332 illam
2336 5274 2696 5330 tentationem
2740 5271 3093 5327 discessisset
3121 5308 3137 5333 ,
3169 5282 3295 5323 cum
3346 5276 3401 5323 et
3440 5266 3588 5321 istud

1996 5589 2361 5651 Nazaretum;
2416 5583 2545 5639 inde
2589 5581 2657 5638 ad
2711 5580 3042 5650 baptismum
3086 5576 3430 5651 accessisse.
3469 5589 3595 5645 qua:

1996 5675 2173 5729 neque
2199 5673 2322 5729 cum
2351 5647 2670 5729 Evangelio,
2716 5647 2894 5729 neque
2916 5664 3041 5729 cum
3082 5647 3462 5729 superioribus
3491 5660 3584 5725 co-

1997 5715 2227 5785 haerent.
2260 5727 2393 5781 Nam
2429 5715 2699 5780 Herodem
2730 5715 2865 5793 fugit
2918 5715 3185 5793 duntaxat
3213 5715 3595 5793 pos_t_._)0a_nn_is

1998 5816 2208 5863 necem,
2262 5814 2385 5869 qua:
2444 5785 3166 5869 longcnpost'baptismum
3210 5785 3427 5842 accidit.
3460 5785 3593 5839 Vide

1997 5888 2119 5941 qua:
2155 5873 2219 5924 ad
2261 5864 2412 5923 num.
2449 5864 2665 5920 XXVIII
2694 5866 3076 5920 observamus.
