  <div class='ocr_page' id='page_1' title='image "/cluster/home/n/w/nwhite01/storage/ocr_20150623/41:no.1/coo.31924054869387/469.png"; bbox 0 0 3958 6426; ppageno 0'>
   <div class='ocr_carea' id='block_1_1' title="bbox 516 406 2079 486">
    <p class='ocr_par' dir='ltr' id='par_1_1' title="bbox 516 406 2079 476">
     <span class='ocr_line' id='line_1_1' title="bbox 516 406 2079 476; baseline 0.006 -10"><span class='ocrx_word' id='word_1_1' title='bbox 516 406 624 466; x_wconf 76' lang='grc'><strong>925</strong></span> <span class='ocrx_word' id='word_1_2' title='bbox 1535 431 1539 438; x_wconf 87' lang='grc'><em>’</em></span> <span class='ocrx_word' id='word_1_3' title='bbox 1937 420 1994 476; x_wconf 89' lang='lat' dir='ltr'><strong>S.</strong></span> <span class='ocrx_word' id='word_1_4' title='bbox 2057 421 2079 475; x_wconf 73' lang='grc' dir='ltr'><strong><em>Ε</em></strong></span> 
     </span>
    </p>
   </div>
   <div class='ocr_carea' id='block_1_2' title="bbox 2154 406 3717 486">
    <p class='ocr_par' dir='ltr' id='par_1_2' title="bbox 2154 421 3717 486">
     <span class='ocr_line' id='line_1_2' title="bbox 2154 421 3717 486; baseline 0.006 -10"><span class='ocrx_word' id='word_1_5' title='bbox 2154 421 2397 478; x_wconf 77' lang='lat' dir='ltr'><strong>lPIlANlI</strong></span> <span class='ocrx_word' id='word_1_6' title='bbox 3639 426 3717 486; x_wconf 61' lang='lat'><strong>9%</strong></span> 
     </span>
    </p>
   </div>
   <div class='ocr_carea' id='block_1_3' title="bbox 516 522 2079 612">
    <p class='ocr_par' dir='ltr' id='par_1_3' title="bbox 516 522 2079 604">
     <span class='ocr_line' id='line_1_3' title="bbox 516 522 2079 604; baseline 0.006 -25"><span class='ocrx_word' id='word_1_7' title='bbox 516 522 759 580; x_wconf 88' lang='lat' dir='ltr'><strong>Joannes</strong></span> <span class='ocrx_word' id='word_1_8' title='bbox 801 522 1042 595; x_wconf 84' lang='lat' dir='ltr'><strong>Baptista</strong></span> <span class='ocrx_word' id='word_1_9' title='bbox 1076 527 1464 594; x_wconf 75' lang='lat' dir='ltr'><strong>pronuntiavit.</strong></span> <span class='ocrx_word' id='word_1_10' title='bbox 1519 528 1620 584; x_wconf 82' lang='lat' dir='ltr'><strong>Hic</strong></span> <span class='ocrx_word' id='word_1_11' title='bbox 1650 540 1728 586; x_wconf 82' lang='lat' dir='ltr'><strong>est</strong></span> <span class='ocrx_word' id='word_1_12' title='bbox 1763 533 1825 585; x_wconf 87' lang='lat' dir='ltr'><strong>de</strong></span> <span class='ocrx_word' id='word_1_13' title='bbox 1853 551 1955 604; x_wconf 85' lang='lat' dir='ltr'><strong>quo</strong></span> <span class='ocrx_word' id='word_1_14' title='bbox 1985 536 2079 589; x_wconf 66' lang='grc' dir='ltr'>Δία</span> 
     </span>
    </p>
   </div>
   <div class='ocr_carea' id='block_1_4' title="bbox 2160 522 3723 612">
    <p class='ocr_par' dir='ltr' id='par_1_4' title="bbox 2160 534 3723 612">
     <span class='ocr_line' id='line_1_4' title="bbox 2160 534 3723 612; baseline 0.004 -21"><span class='ocrx_word' id='word_1_15' title='bbox 2160 534 2390 605; x_wconf 51' lang='grc' dir='ltr'>χοῦτος</span> <span class='ocrx_word' id='word_1_16' title='bbox 2427 539 2560 592; x_wconf 85' lang='grc' dir='ltr'>ἐστι</span> <span class='ocrx_word' id='word_1_17' title='bbox 2579 579 2593 604; x_wconf 91' lang='grc'><strong>,</strong></span> <span class='ocrx_word' id='word_1_18' title='bbox 2645 541 2779 610; x_wconf 76' lang='grc' dir='ltr'>περὶ</span> <span class='ocrx_word' id='word_1_19' title='bbox 2811 535 2884 597; x_wconf 80' lang='grc' dir='ltr'>οὗ</span> <span class='ocrx_word' id='word_1_20' title='bbox 2933 535 3108 596; x_wconf 75' lang='grc' dir='ltr'>εἷπον</span> <span class='ocrx_word' id='word_1_21' title='bbox 3139 538 3314 612; x_wconf 79' lang='grc' dir='ltr'><strong>ὑμῖν·</strong></span> <span class='ocrx_word' id='word_1_22' title='bbox 3365 541 3456 594; x_wconf 81' lang='grc' dir='ltr'>καὶ</span> <span class='ocrx_word' id='word_1_23' title='bbox 3485 542 3638 602; x_wconf 75' lang='grc' dir='ltr'>πάλιν.</span> <span class='ocrx_word' id='word_1_24' title='bbox 3660 547 3723 597; x_wconf 81' lang='grc' dir='ltr'>ὅτι</span> 
     </span>
    </p>
   </div>
   <div class='ocr_carea' id='block_1_5' title="bbox 516 617 2079 705">
    <p class='ocr_par' dir='ltr' id='par_1_5' title="bbox 516 617 2079 690">
     <span class='ocr_line' id='line_1_5' title="bbox 516 617 2079 690; baseline 0.004 -17"><span class='ocrx_word' id='word_1_25' title='bbox 516 618 663 673; x_wconf 71' lang='lat' dir='ltr'><strong>vobis</strong></span> <span class='ocrx_word' id='word_1_26' title='bbox 695 617 750 685; x_wconf 86' lang='grc'><strong>¹;</strong></span> <span class='ocrx_word' id='word_1_27' title='bbox 785 619 948 673; x_wconf 88' lang='lat' dir='ltr'><strong>item:</strong></span> <span class='ocrx_word' id='word_1_28' title='bbox 994 619 1112 673; x_wconf 85' lang='lat' dir='ltr'><strong>Vidi</strong></span> <span class='ocrx_word' id='word_1_29' title='bbox 1145 618 1406 690; x_wconf 73' lang='lat' dir='ltr'><strong>Spiritum</strong></span> <span class='ocrx_word' id='word_1_30' title='bbox 1438 632 1681 677; x_wconf 79' lang='lat' dir='ltr'><strong>sanctum</strong></span> <span class='ocrx_word' id='word_1_31' title='bbox 1711 623 2079 680; x_wconf 70' lang='lat' dir='ltr'><strong>descendentem</strong></span> 
     </span>
    </p>
   </div>
   <div class='ocr_carea' id='block_1_6' title="bbox 2159 617 3722 705">
    <p class='ocr_par' dir='ltr' id='par_1_6' title="bbox 2213 633 3722 705">
     <span class='ocr_line' id='line_1_6' title="bbox 2213 633 3722 705; baseline 0.003 -19"><span class='ocrx_word' id='word_1_32' title='bbox 2213 633 2492 703; x_wconf 82' lang='grc' dir='ltr'><strong>Τεθέαμαι</strong></span> <span class='ocrx_word' id='word_1_33' title='bbox 2521 633 2588 686; x_wconf 86' lang='grc' dir='ltr'>τὸ</span> <span class='ocrx_word' id='word_1_34' title='bbox 2615 634 2858 704; x_wconf 83' lang='grc' dir='ltr'><strong>Πνεῦμα</strong></span> <span class='ocrx_word' id='word_1_35' title='bbox 2893 633 2962 690; x_wconf 84' lang='grc' dir='ltr'>τὸ</span> <span class='ocrx_word' id='word_1_36' title='bbox 2985 635 3160 705; x_wconf 82' lang='grc' dir='ltr'>ἅγιον</span> <span class='ocrx_word' id='word_1_37' title='bbox 3197 635 3539 689; x_wconf 78' lang='grc' dir='ltr'>καταϐαῖνον</span> <span class='ocrx_word' id='word_1_38' title='bbox 3569 637 3628 689; x_wconf 85' lang='grc' dir='ltr'><strong>ἐν</strong></span> <span class='ocrx_word' id='word_1_39' title='bbox 3660 638 3722 690; x_wconf 81' lang='grc' dir='ltr'><strong>ει-</strong></span> 
     </span>
    </p>
   </div>
   <div class='ocr_carea' id='block_1_7' title="bbox 516 711 2079 794">
    <p class='ocr_par' dir='ltr' id='par_1_7' title="bbox 516 711 2079 787">
     <span class='ocr_line' id='line_1_7' title="bbox 516 711 2079 787; baseline 0.005 -23"><span class='ocrx_word' id='word_1_40' title='bbox 516 711 575 765; x_wconf 72' lang='lat' dir='ltr'><strong>in</strong></span> <span class='ocrx_word' id='word_1_41' title='bbox 611 713 780 780; x_wconf 69' lang='lat' dir='ltr'><strong>specie</strong></span> <span class='ocrx_word' id='word_1_42' title='bbox 815 713 1094 778; x_wconf 64' lang='lat' dir='ltr'><strong>columba,</strong></span> <span class='ocrx_word' id='word_1_43' title='bbox 1122 723 1171 766; x_wconf 91' lang='lat' dir='ltr'><strong><em>et</em></strong></span> <span class='ocrx_word' id='word_1_44' title='bbox 1207 725 1502 770; x_wconf 80' lang='lat' dir='ltr'><strong>manentem</strong></span> <span class='ocrx_word' id='word_1_45' title='bbox 1534 731 1692 785; x_wconf 79' lang='lat' dir='ltr'><strong>super</strong></span> <span class='ocrx_word' id='word_1_46' title='bbox 1724 717 1895 787; x_wconf 77' lang='lat' dir='ltr'><strong>ipsum</strong></span> <span class='ocrx_word' id='word_1_47' title='bbox 1923 720 1942 749; x_wconf 81' lang='lat'><strong>’</strong></span> <span class='ocrx_word' id='word_1_48' title='bbox 1968 735 1982 785; x_wconf 92' lang='lat'><strong>;</strong></span> <span class='ocrx_word' id='word_1_49' title='bbox 2009 727 2079 772; x_wconf 48' lang='lat' dir='ltr'><strong>et.</strong></span> 
     </span>
    </p>
   </div>
   <div class='ocr_carea' id='block_1_8' title="bbox 2162 711 3725 794">
    <p class='ocr_par' dir='ltr' id='par_1_8' title="bbox 2206 719 3725 794">
     <span class='ocr_line' id='line_1_8' title="bbox 2206 719 3725 794; baseline 0.006 -21"><span class='ocrx_word' id='word_1_50' title='bbox 2206 719 2294 774; x_wconf 83' lang='grc' dir='ltr'>ὄει</span> <span class='ocrx_word' id='word_1_51' title='bbox 2330 721 2706 790; x_wconf 82' lang='grc' dir='ltr'>περιστερᾶς,</span> <span class='ocrx_word' id='word_1_52' title='bbox 2734 723 2834 777; x_wconf 79' lang='grc' dir='ltr'><strong>και</strong></span> <span class='ocrx_word' id='word_1_53' title='bbox 2862 723 3052 794; x_wconf 78' lang='grc' dir='ltr'>μένον</span> <span class='ocrx_word' id='word_1_54' title='bbox 3085 723 3178 777; x_wconf 75' lang='grc' dir='ltr'><strong>ἐπ’</strong></span> <span class='ocrx_word' id='word_1_55' title='bbox 3211 724 3420 778; x_wconf 78' lang='grc' dir='ltr'><strong>αὐτόν’</strong></span> <span class='ocrx_word' id='word_1_56' title='bbox 3454 725 3557 790; x_wconf 73' lang='grc' dir='ltr'>καὶ,</span> <span class='ocrx_word' id='word_1_57' title='bbox 3579 721 3725 794; x_wconf 77' lang='grc' dir='ltr'>Οὗτός</span> 
     </span>
    </p>
   </div>
   <div class='ocr_carea' id='block_1_9' title="bbox 523 803 2086 887">
    <p class='ocr_par' dir='ltr' id='par_1_9' title="bbox 523 803 2086 874">
     <span class='ocr_line' id='line_1_9' title="bbox 523 803 2086 874; baseline 0.007 -18"><span class='ocrx_word' id='word_1_58' title='bbox 523 803 626 858; x_wconf 76' lang='lat' dir='ltr'><strong>llic</strong></span> <span class='ocrx_word' id='word_1_59' title='bbox 655 815 733 859; x_wconf 77' lang='lat' dir='ltr'><strong>est</strong></span> <span class='ocrx_word' id='word_1_60' title='bbox 763 806 854 874; x_wconf 83' lang='lat' dir='ltr'><strong>qui</strong></span> <span class='ocrx_word' id='word_1_61' title='bbox 901 806 1040 859; x_wconf 82' lang='lat' dir='ltr'><strong>tollit</strong></span> <span class='ocrx_word' id='word_1_62' title='bbox 1067 817 1342 874; x_wconf 85' lang='lat' dir='ltr'><strong>peccatum</strong></span> <span class='ocrx_word' id='word_1_63' title='bbox 1375 809 1558 863; x_wconf 82' lang='lat' dir='ltr'><strong>mundi</strong></span> <span class='ocrx_word' id='word_1_64' title='bbox 1600 809 1642 864; x_wconf 87' lang='grc'>³.</span> <span class='ocrx_word' id='word_1_65' title='bbox 1697 809 2086 867; x_wconf 72' lang='lat' dir='ltr'><strong>Animadverti:</strong></span> 
     </span>
    </p>
   </div>
   <div class='ocr_carea' id='block_1_10' title="bbox 2164 803 3727 887">
    <p class='ocr_par' dir='ltr' id='par_1_10' title="bbox 2205 811 3727 887">
     <span class='ocr_line' id='line_1_10' title="bbox 2205 811 3727 887; baseline 0.005 -23"><span class='ocrx_word' id='word_1_66' title='bbox 2205 811 2378 866; x_wconf 81' lang='grc' dir='ltr'>ἐστιν</span> <span class='ocrx_word' id='word_1_67' title='bbox 2419 815 2453 866; x_wconf 84' lang='grc' dir='ltr'><em>ὁ</em></span> <span class='ocrx_word' id='word_1_68' title='bbox 2498 813 2686 882; x_wconf 77' lang='grc' dir='ltr'>αῑρων</span> <span class='ocrx_word' id='word_1_69' title='bbox 2724 815 2840 884; x_wconf 80' lang='grc' dir='ltr'><strong>τὴν</strong></span> <span class='ocrx_word' id='word_1_70' title='bbox 2887 815 3186 885; x_wconf 74' lang='grc' dir='ltr'><strong>ἁμαρτίαν</strong></span> <span class='ocrx_word' id='word_1_71' title='bbox 3231 816 3338 871; x_wconf 80' lang='grc' dir='ltr'><strong>τοῦ</strong></span> <span class='ocrx_word' id='word_1_72' title='bbox 3382 819 3609 887; x_wconf 77' lang='grc' dir='ltr'>κόσμου.</span> <span class='ocrx_word' id='word_1_73' title='bbox 3643 819 3727 872; x_wconf 75' lang='grc' dir='ltr'><strong>Καὶ</strong></span> 
     </span>
    </p>
   </div>
   <div class='ocr_carea' id='block_1_11' title="bbox 521 895 2084 977">
    <p class='ocr_par' dir='ltr' id='par_1_11' title="bbox 521 895 2080 971">
     <span class='ocr_line' id='line_1_11' title="bbox 521 895 2080 971; baseline 0.006 -23"><span class='ocrx_word' id='word_1_74' title='bbox 521 895 687 965; x_wconf 78' lang='lat' dir='ltr'><strong>igitur</strong></span> <span class='ocrx_word' id='word_1_75' title='bbox 718 897 853 951; x_wconf 84' lang='lat' dir='ltr'><strong>nihil</strong></span> <span class='ocrx_word' id='word_1_76' title='bbox 892 897 961 952; x_wconf 90' lang='lat' dir='ltr'><strong>ab</strong></span> <span class='ocrx_word' id='word_1_77' title='bbox 993 911 1058 952; x_wconf 90' lang='lat' dir='ltr'><strong>eo</strong></span> <span class='ocrx_word' id='word_1_78' title='bbox 1090 913 1186 968; x_wconf 90' lang='lat' dir='ltr'><strong>per</strong></span> <span class='ocrx_word' id='word_1_79' title='bbox 1222 898 1556 954; x_wconf 84' lang='lat' dir='ltr'><strong>oblivionem</strong></span> <span class='ocrx_word' id='word_1_80' title='bbox 1587 915 1711 955; x_wconf 92' lang='lat' dir='ltr'><strong>esse</strong></span> <span class='ocrx_word' id='word_1_81' title='bbox 1745 901 2080 971; x_wconf 60' lang='lat' dir='ltr'><strong>praeteritum</strong></span> 
     </span>
    </p>
   </div>
   <div class='ocr_carea' id='block_1_12' title="bbox 2163 895 3726 977">
    <p class='ocr_par' dir='ltr' id='par_1_12' title="bbox 2207 901 3726 977">
     <span class='ocr_line' id='line_1_12' title="bbox 2207 901 3726 977; baseline 0.003 -23"><span class='ocrx_word' id='word_1_82' title='bbox 2207 901 2360 974; x_wconf 79' lang='grc' dir='ltr'>ὁρᾷς.</span> <span class='ocrx_word' id='word_1_83' title='bbox 2386 903 2468 956; x_wconf 84' lang='grc' dir='ltr'>ὅτι</span> <span class='ocrx_word' id='word_1_84' title='bbox 2499 903 2653 957; x_wconf 78' lang='grc' dir='ltr'>οὐδὲν</span> <span class='ocrx_word' id='word_1_85' title='bbox 2679 905 2822 959; x_wconf 82' lang='grc' dir='ltr'>κατὰ</span> <span class='ocrx_word' id='word_1_86' title='bbox 2841 905 3122 977; x_wconf 85' lang='grc' dir='ltr'>λησμονὴν</span> <span class='ocrx_word' id='word_1_87' title='bbox 3145 905 3461 975; x_wconf 82' lang='grc' dir='ltr'>ὑφηγεῖται·</span> <span class='ocrx_word' id='word_1_88' title='bbox 3487 905 3726 975; x_wconf 58' lang='grc' dir='ltr'>παρέλειιῖνε</span> 
     </span>
    </p>
   </div>
   <div class='ocr_carea' id='block_1_13' title="bbox 519 986 2082 1069">
    <p class='ocr_par' dir='ltr' id='par_1_13' title="bbox 519 986 2082 1066">
     <span class='ocr_line' id='line_1_13' title="bbox 519 986 2082 1066; baseline 0.004 -24"><span class='ocrx_word' id='word_1_89' title='bbox 519 986 614 1042; x_wconf 87' lang='lat' dir='ltr'><strong>sed</strong></span> <span class='ocrx_word' id='word_1_90' title='bbox 651 1002 715 1042; x_wconf 90' lang='lat' dir='ltr'><strong>ea</strong></span> <span class='ocrx_word' id='word_1_91' title='bbox 753 987 1018 1043; x_wconf 78' lang='lat' dir='ltr'><strong>duntaxat</strong></span> <span class='ocrx_word' id='word_1_92' title='bbox 1064 990 1258 1045; x_wconf 90' lang='lat' dir='ltr'><strong>relicta</strong></span> <span class='ocrx_word' id='word_1_93' title='bbox 1290 1029 1306 1055; x_wconf 95' lang='lat'><strong>,</strong></span> <span class='ocrx_word' id='word_1_94' title='bbox 1337 1006 1456 1062; x_wconf 75' lang='lat' dir='ltr'><strong>qua:</strong></span> <span class='ocrx_word' id='word_1_95' title='bbox 1480 991 1595 1062; x_wconf 90' lang='lat' dir='ltr'><strong>jam</strong></span> <span class='ocrx_word' id='word_1_96' title='bbox 1622 991 1910 1049; x_wconf 70' lang='lat' dir='ltr'><strong>Matthaeus</strong></span> <span class='ocrx_word' id='word_1_97' title='bbox 1939 1009 2082 1066; x_wconf 84' lang='lat' dir='ltr'><strong>expo</strong></span> 
     </span>
    </p>
   </div>
   <div class='ocr_carea' id='block_1_14' title="bbox 2168 986 3731 1069">
    <p class='ocr_par' dir='ltr' id='par_1_14' title="bbox 2207 991 3731 1069">
     <span class='ocr_line' id='line_1_14' title="bbox 2207 991 3731 1069; baseline 0.003 -23"><span class='ocrx_word' id='word_1_98' title='bbox 2207 992 2266 1046; x_wconf 79' lang='grc' dir='ltr'><strong>δὲ</strong></span> <span class='ocrx_word' id='word_1_99' title='bbox 2294 992 2363 1047; x_wconf 85' lang='grc' dir='ltr'><strong>τὰ</strong></span> <span class='ocrx_word' id='word_1_100' title='bbox 2391 993 2469 1064; x_wconf 84' lang='grc' dir='ltr'><strong>τῷ</strong></span> <span class='ocrx_word' id='word_1_101' title='bbox 2496 995 2762 1068; x_wconf 88' lang='grc' dir='ltr'>Ματθαίῳ</span> <span class='ocrx_word' id='word_1_102' title='bbox 2784 997 3300 1069; x_wconf 81' lang='grc' dir='ltr'><strong>πραγματευθέντα.</strong></span> <span class='ocrx_word' id='word_1_103' title='bbox 3317 996 3389 1050; x_wconf 79' lang='grc' dir='ltr'><strong>Οὐ</strong></span> <span class='ocrx_word' id='word_1_104' title='bbox 3413 996 3514 1067; x_wconf 86' lang='grc' dir='ltr'>γὰρ</span> <span class='ocrx_word' id='word_1_105' title='bbox 3527 991 3587 1067; x_wconf 77' lang='grc' dir='ltr'>ἦν</span> <span class='ocrx_word' id='word_1_106' title='bbox 3611 999 3731 1068; x_wconf 82' lang='grc' dir='ltr'>χρεία</span> 
     </span>
    </p>
   </div>
   <div class='ocr_carea' id='block_1_15' title="bbox 517 1078 2080 1160">
    <p class='ocr_par' dir='ltr' id='par_1_15' title="bbox 517 1078 2080 1156">
     <span class='ocr_line' id='line_1_15' title="bbox 517 1078 2080 1156; baseline 0.004 -22"><span class='ocrx_word' id='word_1_107' title='bbox 517 1087 722 1134; x_wconf 85' lang='lat' dir='ltr'><strong>suerat.</strong></span> <span class='ocrx_word' id='word_1_108' title='bbox 754 1078 965 1145; x_wconf 86' lang='lat' dir='ltr'><strong>Quibus</strong></span> <span class='ocrx_word' id='word_1_109' title='bbox 1000 1096 1124 1135; x_wconf 87' lang='lat' dir='ltr'><strong>cum</strong></span> <span class='ocrx_word' id='word_1_110' title='bbox 1171 1081 1311 1136; x_wconf 88' lang='lat' dir='ltr'><strong>nihil</strong></span> <span class='ocrx_word' id='word_1_111' title='bbox 1339 1097 1477 1153; x_wconf 88' lang='lat' dir='ltr'><strong>opus</strong></span> <span class='ocrx_word' id='word_1_112' title='bbox 1515 1091 1632 1139; x_wconf 91' lang='lat' dir='ltr'><strong>erat</strong></span> <span class='ocrx_word' id='word_1_113' title='bbox 1678 1084 1915 1156; x_wconf 84' lang='lat' dir='ltr'><strong>amplius</strong></span> <span class='ocrx_word' id='word_1_114' title='bbox 1940 1124 1956 1151; x_wconf 86' lang='lat'><strong>,</strong></span> <span class='ocrx_word' id='word_1_115' title='bbox 1993 1092 2080 1140; x_wconf 85' lang='lat' dir='ltr'><strong>tun</strong></span> 
     </span>
    </p>
   </div>
   <div class='ocr_carea' id='block_1_16' title="bbox 2169 1078 3732 1160">
    <p class='ocr_par' dir='ltr' id='par_1_16' title="bbox 2210 1084 3732 1160">
     <span class='ocr_line' id='line_1_16' title="bbox 2210 1084 3732 1160; baseline 0.003 -22"><span class='ocrx_word' id='word_1_116' title='bbox 2210 1084 2436 1139; x_wconf 71' lang='grc' dir='ltr'>ἐκείνων</span> <span class='ocrx_word' id='word_1_117' title='bbox 2461 1086 2688 1154; x_wconf 85' lang='grc' dir='ltr'>οὐκέτι,</span> <span class='ocrx_word' id='word_1_118' title='bbox 2725 1087 2864 1141; x_wconf 80' lang='grc' dir='ltr'>ἀλλὰ</span> <span class='ocrx_word' id='word_1_119' title='bbox 2900 1088 3000 1159; x_wconf 84' lang='grc' dir='ltr'>τῆς</span> <span class='ocrx_word' id='word_1_120' title='bbox 3034 1088 3186 1154; x_wconf 89' lang='grc' dir='ltr'>θείας</span> <span class='ocrx_word' id='word_1_121' title='bbox 3231 1091 3476 1160; x_wconf 83' lang='grc' dir='ltr'>φράσεως</span> <span class='ocrx_word' id='word_1_122' title='bbox 3516 1089 3632 1159; x_wconf 76' lang='grc' dir='ltr'>πρὸς</span> <span class='ocrx_word' id='word_1_123' title='bbox 3663 1090 3732 1142; x_wconf 81' lang='grc' dir='ltr'><strong>ἀν-</strong></span> 
     </span>
    </p>
   </div>
   <div class='ocr_carea' id='block_1_17' title="bbox 520 1170 2083 1252">
    <p class='ocr_par' dir='ltr' id='par_1_17' title="bbox 520 1170 2082 1248">
     <span class='ocr_line' id='line_1_17' title="bbox 520 1170 2082 1248; baseline 0.006 -24"><span class='ocrx_word' id='word_1_124' title='bbox 520 1170 706 1224; x_wconf 90' lang='lat' dir='ltr'><strong>divina</strong></span> <span class='ocrx_word' id='word_1_125' title='bbox 741 1170 830 1225; x_wconf 91' lang='lat' dir='ltr'><strong>illa</strong></span> <span class='ocrx_word' id='word_1_126' title='bbox 863 1171 1176 1227; x_wconf 89' lang='lat' dir='ltr'><strong>adhibenda</strong></span> <span class='ocrx_word' id='word_1_127' title='bbox 1207 1189 1328 1240; x_wconf 90' lang='lat' dir='ltr'><strong>vox,</strong></span> <span class='ocrx_word' id='word_1_128' title='bbox 1358 1189 1464 1244; x_wconf 89' lang='lat' dir='ltr'><strong>qua</strong></span> <span class='ocrx_word' id='word_1_129' title='bbox 1493 1190 1684 1230; x_wconf 91' lang='lat' dir='ltr'><strong>eorum</strong></span> <span class='ocrx_word' id='word_1_130' title='bbox 1710 1177 1948 1248; x_wconf 78' lang='lat' dir='ltr'><strong>jugulari</strong></span> <span class='ocrx_word' id='word_1_131' title='bbox 1983 1191 2082 1246; x_wconf 88' lang='lat' dir='ltr'><strong>pos</strong></span> 
     </span>
    </p>
   </div>
   <div class='ocr_carea' id='block_1_18' title="bbox 2171 1170 3734 1252">
    <p class='ocr_par' dir='ltr' id='par_1_18' title="bbox 2209 1175 3734 1252">
     <span class='ocr_line' id='line_1_18' title="bbox 2209 1175 3734 1252; baseline 0.003 -24"><span class='ocrx_word' id='word_1_132' title='bbox 2209 1175 2463 1248; x_wconf 80' lang='grc' dir='ltr'>τίῤῥησιν</span> <span class='ocrx_word' id='word_1_133' title='bbox 2511 1179 2622 1233; x_wconf 85' lang='grc' dir='ltr'><strong>τῶν</strong></span> <span class='ocrx_word' id='word_1_134' title='bbox 2668 1179 3005 1250; x_wconf 79' lang='grc' dir='ltr'>νομιζόντων</span> <span class='ocrx_word' id='word_1_135' title='bbox 3054 1181 3165 1236; x_wconf 85' lang='grc' dir='ltr'>άπὸ</span> <span class='ocrx_word' id='word_1_136' title='bbox 3217 1182 3431 1252; x_wconf 85' lang='grc' dir='ltr'>Μαρίας</span> <span class='ocrx_word' id='word_1_137' title='bbox 3484 1181 3571 1233; x_wconf 68' lang='grc' dir='ltr'>καὶ</span> <span class='ocrx_word' id='word_1_138' title='bbox 3613 1179 3734 1252; x_wconf 85' lang='grc' dir='ltr'>δεῦρο</span> 
     </span>
    </p>
   </div>
   <div class='ocr_carea' id='block_1_19' title="bbox 520 1265 2083 1340">
    <p class='ocr_par' dir='ltr' id='par_1_19' title="bbox 520 1265 2083 1340">
     <span class='ocr_line' id='line_1_19' title="bbox 520 1265 2083 1340; baseline 0.005 -24"><span class='ocrx_word' id='word_1_139' title='bbox 520 1271 603 1317; x_wconf 83' lang='lat' dir='ltr'><strong>set</strong></span> <span class='ocrx_word' id='word_1_140' title='bbox 633 1279 792 1317; x_wconf 89' lang='lat' dir='ltr'><strong>error</strong></span> <span class='ocrx_word' id='word_1_141' title='bbox 812 1304 826 1328; x_wconf 90' lang='lat'><strong>,</strong></span> <span class='ocrx_word' id='word_1_142' title='bbox 857 1265 952 1334; x_wconf 85' lang='lat' dir='ltr'><strong>qui</strong></span> <span class='ocrx_word' id='word_1_143' title='bbox 983 1265 1263 1322; x_wconf 75' lang='lat' dir='ltr'><strong>Christum</strong></span> <span class='ocrx_word' id='word_1_144' title='bbox 1303 1282 1334 1322; x_wconf 89' lang='lat' dir='ltr'><strong>a</strong></span> <span class='ocrx_word' id='word_1_145' title='bbox 1366 1265 1537 1322; x_wconf 81' lang='lat' dir='ltr'><strong>Maria</strong></span> <span class='ocrx_word' id='word_1_146' title='bbox 1578 1277 1814 1333; x_wconf 91' lang='lat' dir='ltr'><strong>tantum,</strong></span> <span class='ocrx_word' id='word_1_147' title='bbox 1847 1276 2012 1340; x_wconf 88' lang='lat' dir='ltr'><strong>atque</strong></span> <span class='ocrx_word' id='word_1_148' title='bbox 2041 1285 2083 1326; x_wconf 89' lang='lat' dir='ltr'><strong>e:</strong></span> 
     </span>
    </p>
   </div>
   <div class='ocr_carea' id='block_1_20' title="bbox 2169 1265 3732 1340">
    <p class='ocr_par' dir='ltr' id='par_1_20' title="bbox 2210 1268 3732 1340">
     <span class='ocr_line' id='line_1_20' title="bbox 2210 1268 3732 1340; baseline 0.001 -19"><span class='ocrx_word' id='word_1_149' title='bbox 2210 1268 2446 1339; x_wconf 84' lang='grc' dir='ltr'>Χριστὸν</span> <span class='ocrx_word' id='word_1_150' title='bbox 2474 1269 2636 1322; x_wconf 73' lang='grc' dir='ltr'>αὑτὸν</span> <span class='ocrx_word' id='word_1_151' title='bbox 2684 1270 3005 1333; x_wconf 87' lang='grc' dir='ltr'>καλεῖσθαι,</span> <span class='ocrx_word' id='word_1_152' title='bbox 3043 1272 3146 1325; x_wconf 66' lang='grc' dir='ltr'><strong>καῖ</strong></span> <span class='ocrx_word' id='word_1_153' title='bbox 3169 1271 3295 1325; x_wconf 80' lang='grc' dir='ltr'>Υἱὸν</span> <span class='ocrx_word' id='word_1_154' title='bbox 3339 1271 3470 1326; x_wconf 83' lang='grc' dir='ltr'><strong>Θεοῦ</strong></span> <span class='ocrx_word' id='word_1_155' title='bbox 3507 1270 3639 1340; x_wconf 78' lang='grc' dir='ltr'>ψιλὸν</span> <span class='ocrx_word' id='word_1_156' title='bbox 3664 1270 3732 1323; x_wconf 79' lang='grc' dir='ltr'>άν-</span> 
     </span>
    </p>
   </div>
   <div class='ocr_carea' id='block_1_21' title="bbox 518 1355 2081 1434">
    <p class='ocr_par' dir='ltr' id='par_1_21' title="bbox 518 1355 2081 1432">
     <span class='ocr_line' id='line_1_21' title="bbox 518 1355 2081 1432; baseline 0.005 -24"><span class='ocrx_word' id='word_1_157' title='bbox 518 1355 614 1409; x_wconf 89' lang='lat' dir='ltr'><strong>illo</strong></span> <span class='ocrx_word' id='word_1_158' title='bbox 648 1356 886 1425; x_wconf 88' lang='lat' dir='ltr'><strong>primum</strong></span> <span class='ocrx_word' id='word_1_159' title='bbox 918 1366 1165 1428; x_wconf 85' lang='lat' dir='ltr'><strong>tempore</strong></span> <span class='ocrx_word' id='word_1_160' title='bbox 1192 1359 1538 1414; x_wconf 88' lang='lat' dir='ltr'><strong>nominatum</strong></span> <span class='ocrx_word' id='word_1_161' title='bbox 1565 1358 1875 1429; x_wconf 90' lang='lat' dir='ltr'><strong>crederent,</strong></span> <span class='ocrx_word' id='word_1_162' title='bbox 1906 1361 2081 1432; x_wconf 83' lang='lat' dir='ltr'><strong>quiqu</strong></span> 
     </span>
    </p>
   </div>
   <div class='ocr_carea' id='block_1_22' title="bbox 2173 1355 3736 1434">
    <p class='ocr_par' dir='ltr' id='par_1_22' title="bbox 2213 1359 3736 1434">
     <span class='ocr_line' id='line_1_22' title="bbox 2213 1359 3736 1434; baseline 0.001 -22"><span class='ocrx_word' id='word_1_163' title='bbox 2213 1359 2452 1430; x_wconf 85' lang='grc' dir='ltr'>θρωπον,</span> <span class='ocrx_word' id='word_1_164' title='bbox 2488 1361 2631 1415; x_wconf 83' lang='grc' dir='ltr'>κατὰ</span> <span class='ocrx_word' id='word_1_165' title='bbox 2671 1363 2956 1433; x_wconf 82' lang='grc' dir='ltr'>προκοπὴν</span> <span class='ocrx_word' id='word_1_166' title='bbox 2985 1363 3044 1416; x_wconf 84' lang='grc' dir='ltr'><strong>δὲ</strong></span> <span class='ocrx_word' id='word_1_167' title='bbox 3075 1363 3272 1434; x_wconf 77' lang='grc' dir='ltr'>ἠκέναι</span> <span class='ocrx_word' id='word_1_168' title='bbox 3303 1366 3382 1427; x_wconf 80' lang='grc' dir='ltr'>εἰς</span> <span class='ocrx_word' id='word_1_169' title='bbox 3407 1365 3465 1416; x_wconf 83' lang='grc' dir='ltr'>τὸ</span> <span class='ocrx_word' id='word_1_170' title='bbox 3507 1361 3736 1416; x_wconf 83' lang='grc' dir='ltr'>καλεῖσθαι</span> 
     </span>
    </p>
   </div>
   <div class='ocr_carea' id='block_1_23' title="bbox 521 1447 2084 1527">
    <p class='ocr_par' dir='ltr' id='par_1_23' title="bbox 521 1447 2080 1517">
     <span class='ocr_line' id='line_1_23' title="bbox 521 1447 2080 1517; baseline 0.004 -17"><span class='ocrx_word' id='word_1_171' title='bbox 521 1449 615 1504; x_wconf 90' lang='lat' dir='ltr'><strong>Dei</strong></span> <span class='ocrx_word' id='word_1_172' title='bbox 645 1447 841 1503; x_wconf 84' lang='lat' dir='ltr'><strong>Filium</strong></span> <span class='ocrx_word' id='word_1_173' title='bbox 885 1449 1090 1504; x_wconf 92' lang='lat' dir='ltr'><strong>nudum</strong></span> <span class='ocrx_word' id='word_1_174' title='bbox 1124 1450 1402 1506; x_wconf 89' lang='lat' dir='ltr'><strong>hominem</strong></span> <span class='ocrx_word' id='word_1_175' title='bbox 1438 1450 1610 1508; x_wconf 89' lang='lat' dir='ltr'><strong>fuisse</strong></span> <span class='ocrx_word' id='word_1_176' title='bbox 1639 1451 1924 1517; x_wconf 90' lang='lat' dir='ltr'><strong>dicerent,</strong></span> <span class='ocrx_word' id='word_1_177' title='bbox 1957 1468 2080 1508; x_wconf 90' lang='lat' dir='ltr'><strong>eum</strong></span> 
     </span>
    </p>
   </div>
   <div class='ocr_carea' id='block_1_24' title="bbox 2174 1447 3737 1527">
    <p class='ocr_par' dir='ltr' id='par_1_24' title="bbox 2211 1453 3737 1527">
     <span class='ocr_line' id='line_1_24' title="bbox 2211 1453 3737 1527; baseline -0.001 -19"><span class='ocrx_word' id='word_1_178' title='bbox 2211 1453 2343 1508; x_wconf 78' lang='grc' dir='ltr'>Υἰὺν</span> <span class='ocrx_word' id='word_1_179' title='bbox 2369 1454 2528 1512; x_wconf 90' lang='grc' dir='ltr'>Θεοῦ.</span> <span class='ocrx_word' id='word_1_180' title='bbox 2563 1455 2656 1508; x_wconf 86' lang='grc' dir='ltr'><strong>Διὸ</strong></span> <span class='ocrx_word' id='word_1_181' title='bbox 2684 1455 2794 1509; x_wconf 86' lang='grc' dir='ltr'><strong>τῶν</strong></span> <span class='ocrx_word' id='word_1_182' title='bbox 2821 1457 3138 1525; x_wconf 78' lang='grc' dir='ltr'>ἀναγκαίων</span> <span class='ocrx_word' id='word_1_183' title='bbox 3174 1456 3533 1527; x_wconf 77' lang='grc' dir='ltr'>ἐπιμελεῖται·</span> <span class='ocrx_word' id='word_1_184' title='bbox 3566 1455 3737 1508; x_wconf 80' lang='grc' dir='ltr'>πάντων</span> 
     </span>
    </p>
   </div>
   <div class='ocr_carea' id='block_1_25' title="bbox 521 1541 2084 1618">
    <p class='ocr_par' dir='ltr' id='par_1_25' title="bbox 521 1541 2084 1610">
     <span class='ocr_line' id='line_1_25' title="bbox 521 1541 2084 1610; baseline 0.001 -16"><span class='ocrx_word' id='word_1_185' title='bbox 521 1541 761 1610; x_wconf 89' lang='lat' dir='ltr'><strong>demque</strong></span> <span class='ocrx_word' id='word_1_186' title='bbox 811 1541 981 1596; x_wconf 79' lang='lat' dir='ltr'><strong>certis</strong></span> <span class='ocrx_word' id='word_1_187' title='bbox 1033 1542 1456 1598; x_wconf 85' lang='lat' dir='ltr'><strong>accessionibus</strong></span> <span class='ocrx_word' id='word_1_188' title='bbox 1511 1552 1566 1598; x_wconf 90' lang='lat' dir='ltr'><strong>et</strong></span> <span class='ocrx_word' id='word_1_189' title='bbox 1629 1543 1988 1600; x_wconf 87' lang='lat' dir='ltr'><strong>incrementis</strong></span> <span class='ocrx_word' id='word_1_190' title='bbox 2046 1560 2084 1600; x_wconf 65' lang='lat' dir='ltr'><strong>et</strong></span> 
     </span>
    </p>
   </div>
   <div class='ocr_carea' id='block_1_26' title="bbox 2175 1541 3738 1618">
    <p class='ocr_par' dir='ltr' id='par_1_26' title="bbox 2216 1541 3738 1618">
     <span class='ocr_line' id='line_1_26' title="bbox 2216 1541 3738 1618; baseline -0.001 -19"><span class='ocrx_word' id='word_1_191' title='bbox 2216 1546 2314 1617; x_wconf 81' lang='grc' dir='ltr'>μὲν</span> <span class='ocrx_word' id='word_1_192' title='bbox 2334 1541 2428 1600; x_wconf 78' lang='grc' dir='ltr'><strong>οὖν</strong></span> <span class='ocrx_word' id='word_1_193' title='bbox 2459 1547 2714 1618; x_wconf 78' lang='grc' dir='ltr'><strong>μεγάλων</strong></span> <span class='ocrx_word' id='word_1_194' title='bbox 2743 1547 2914 1601; x_wconf 72' lang='grc' dir='ltr'>ὄντων</span> <span class='ocrx_word' id='word_1_195' title='bbox 2937 1549 3033 1602; x_wconf 74' lang='grc' dir='ltr'>καὶ</span> <span class='ocrx_word' id='word_1_196' title='bbox 3053 1548 3391 1618; x_wconf 78' lang='grc' dir='ltr'>ἀναγκαίων,</span> <span class='ocrx_word' id='word_1_197' title='bbox 3419 1547 3738 1618; x_wconf 76' lang='grc' dir='ltr'>περιττότερον</span> 
     </span>
    </p>
   </div>
   <div class='ocr_carea' id='block_1_27' title="bbox 522 1633 2085 1712">
    <p class='ocr_par' dir='ltr' id='par_1_27' title="bbox 522 1633 2085 1704">
     <span class='ocr_line' id='line_1_27' title="bbox 522 1633 2085 1704; baseline 0.003 -18"><span class='ocrx_word' id='word_1_198' title='bbox 522 1648 876 1704; x_wconf 79' lang='lat' dir='ltr'><strong>progressum</strong></span> <span class='ocrx_word' id='word_1_199' title='bbox 903 1674 916 1698; x_wconf 92' lang='lat'><strong>,</strong></span> <span class='ocrx_word' id='word_1_200' title='bbox 949 1644 1007 1688; x_wconf 92' lang='lat' dir='ltr'><strong>ut</strong></span> <span class='ocrx_word' id='word_1_201' title='bbox 1037 1633 1160 1688; x_wconf 86' lang='lat' dir='ltr'><strong>Filii</strong></span> <span class='ocrx_word' id='word_1_202' title='bbox 1214 1633 1309 1688; x_wconf 89' lang='lat' dir='ltr'><strong>Dei</strong></span> <span class='ocrx_word' id='word_1_203' title='bbox 1362 1635 1782 1704; x_wconf 88' lang='lat' dir='ltr'><strong>appellationem</strong></span> <span class='ocrx_word' id='word_1_204' title='bbox 1817 1636 2085 1692; x_wconf 88' lang='lat' dir='ltr'><strong>obtineret</strong></span> 
     </span>
    </p>
   </div>
   <div class='ocr_carea' id='block_1_28' title="bbox 2178 1633 3741 1712">
    <p class='ocr_par' dir='ltr' id='par_1_28' title="bbox 2211 1634 3741 1712">
     <span class='ocr_line' id='line_1_28' title="bbox 2211 1634 3741 1712; baseline 0.001 -24"><span class='ocrx_word' id='word_1_205' title='bbox 2211 1634 2269 1688; x_wconf 82' lang='grc' dir='ltr'><strong>δὲ</strong></span> <span class='ocrx_word' id='word_1_206' title='bbox 2321 1638 2646 1708; x_wconf 86' lang='grc' dir='ltr'>ποιούμενος</span> <span class='ocrx_word' id='word_1_207' title='bbox 2687 1639 2795 1693; x_wconf 86' lang='grc' dir='ltr'><strong>τῶν</strong></span> <span class='ocrx_word' id='word_1_208' title='bbox 2826 1639 3168 1712; x_wconf 78' lang='grc' dir='ltr'>ἐπουρανίων</span> <span class='ocrx_word' id='word_1_209' title='bbox 3206 1640 3303 1711; x_wconf 77' lang='grc' dir='ltr'>τὴν</span> <span class='ocrx_word' id='word_1_210' title='bbox 3347 1639 3544 1694; x_wconf 74' lang='grc' dir='ltr'>ἄνωθεν</span> <span class='ocrx_word' id='word_1_211' title='bbox 3581 1641 3741 1692; x_wconf 73' lang='grc' dir='ltr'>οἰκονο-</span> 
     </span>
    </p>
   </div>
   <div class='ocr_carea' id='block_1_29' title="bbox 523 1724 2086 1803">
    <p class='ocr_par' dir='ltr' id='par_1_29' title="bbox 523 1724 2084 1800">
     <span class='ocr_line' id='line_1_29' title="bbox 523 1724 2084 1800; baseline 0.003 -20"><span class='ocrx_word' id='word_1_212' title='bbox 523 1726 605 1781; x_wconf 92' lang='lat' dir='ltr'><strong>0b</strong></span> <span class='ocrx_word' id='word_1_213' title='bbox 661 1724 715 1780; x_wconf 89' lang='lat' dir='ltr'><strong>id</strong></span> <span class='ocrx_word' id='word_1_214' title='bbox 753 1724 992 1782; x_wconf 89' lang='lat' dir='ltr'><strong>Joannes</strong></span> <span class='ocrx_word' id='word_1_215' title='bbox 1023 1742 1142 1781; x_wconf 87' lang='lat' dir='ltr'><strong>eam</strong></span> <span class='ocrx_word' id='word_1_216' title='bbox 1190 1727 1291 1781; x_wconf 88' lang='lat' dir='ltr'><strong>sibi</strong></span> <span class='ocrx_word' id='word_1_217' title='bbox 1330 1737 1537 1796; x_wconf 92' lang='lat' dir='ltr'><strong>partem</strong></span> <span class='ocrx_word' id='word_1_218' title='bbox 1571 1728 1974 1798; x_wconf 87' lang='lat' dir='ltr'><strong>deposcendam</strong></span> <span class='ocrx_word' id='word_1_219' title='bbox 2013 1746 2084 1800; x_wconf 92' lang='lat' dir='ltr'><strong>pu</strong></span> 
     </span>
    </p>
   </div>
   <div class='ocr_carea' id='block_1_30' title="bbox 2176 1724 3739 1803">
    <p class='ocr_par' dir='ltr' id='par_1_30' title="bbox 2217 1726 3739 1803">
     <span class='ocr_line' id='line_1_30' title="bbox 2217 1726 3739 1803; baseline 0.004 -26"><span class='ocrx_word' id='word_1_220' title='bbox 2217 1726 2367 1796; x_wconf 86' lang='grc' dir='ltr'>μίαν.</span> <span class='ocrx_word' id='word_1_221' title='bbox 2417 1727 2652 1798; x_wconf 82' lang='grc' dir='ltr'><strong>Λέγουσι</strong></span> <span class='ocrx_word' id='word_1_222' title='bbox 2706 1731 2765 1784; x_wconf 90' lang='grc' dir='ltr'><strong>δὲ</strong></span> <span class='ocrx_word' id='word_1_223' title='bbox 2818 1731 2880 1784; x_wconf 83' lang='grc' dir='ltr'><strong>τὺ</strong></span> <span class='ocrx_word' id='word_1_224' title='bbox 2935 1731 3074 1786; x_wconf 83' lang='grc' dir='ltr'>κατὰ</span> <span class='ocrx_word' id='word_1_225' title='bbox 3130 1734 3384 1803; x_wconf 80' lang='grc' dir='ltr'>Ἰωάννην</span> <span class='ocrx_word' id='word_1_226' title='bbox 3433 1732 3739 1800; x_wconf 80' lang='grc' dir='ltr'>Εὑαγγέλιον.</span> 
     </span>
    </p>
   </div>
   <div class='ocr_carea' id='block_1_31' title="bbox 523 1817 2086 1893">
    <p class='ocr_par' dir='ltr' id='par_1_31' title="bbox 523 1819 2086 1892">
     <span class='ocr_line' id='line_1_31' title="bbox 523 1819 2086 1892; baseline 0.001 -20"><span class='ocrx_word' id='word_1_227' title='bbox 523 1819 678 1882; x_wconf 88' lang='lat' dir='ltr'><strong>tavit,</strong></span> <span class='ocrx_word' id='word_1_228' title='bbox 706 1835 827 1889; x_wconf 71' lang='lat' dir='ltr'><strong>qua:</strong></span> <span class='ocrx_word' id='word_1_229' title='bbox 867 1819 1180 1874; x_wconf 87' lang='lat' dir='ltr'><strong>necessaria</strong></span> <span class='ocrx_word' id='word_1_230' title='bbox 1221 1820 1515 1875; x_wconf 87' lang='lat' dir='ltr'><strong>videretur.</strong></span> <span class='ocrx_word' id='word_1_231' title='bbox 1551 1819 1703 1876; x_wconf 87' lang='lat' dir='ltr'><strong>Licet</strong></span> <span class='ocrx_word' id='word_1_232' title='bbox 1729 1821 1874 1874; x_wconf 90' lang='lat' dir='ltr'><strong>enim</strong></span> <span class='ocrx_word' id='word_1_233' title='bbox 1916 1837 2086 1892; x_wconf 83' lang='lat' dir='ltr'><strong>magn:</strong></span> 
     </span>
    </p>
   </div>
   <div class='ocr_carea' id='block_1_32' title="bbox 2179 1817 3742 1893">
    <p class='ocr_par' dir='ltr' id='par_1_32' title="bbox 2214 1817 3742 1893">
     <span class='ocr_line' id='line_1_32' title="bbox 2214 1817 3742 1893; baseline 0.004 -23"><span class='ocrx_word' id='word_1_234' title='bbox 2214 1817 2405 1889; x_wconf 75' lang='grc' dir='ltr'>ἐπειδὴ</span> <span class='ocrx_word' id='word_1_235' title='bbox 2453 1818 2526 1892; x_wconf 79' lang='grc' dir='ltr'>μὴ</span> <span class='ocrx_word' id='word_1_236' title='bbox 2577 1821 2654 1874; x_wconf 84' lang='grc' dir='ltr'><strong>τὰ.</strong></span> <span class='ocrx_word' id='word_1_237' title='bbox 2683 1822 2824 1875; x_wconf 80' lang='grc' dir='ltr'>αὐτὰ</span> <span class='ocrx_word' id='word_1_238' title='bbox 2870 1822 2996 1893; x_wconf 76' lang='grc' dir='ltr'>ἔφη,</span> <span class='ocrx_word' id='word_1_239' title='bbox 3044 1823 3325 1878; x_wconf 82' lang='grc' dir='ltr'>ἀδιάθετον</span> <span class='ocrx_word' id='word_1_240' title='bbox 3364 1819 3528 1886; x_wconf 76' lang='grc' dir='ltr'>εἶναι,</span> <span class='ocrx_word' id='word_1_241' title='bbox 3569 1824 3649 1875; x_wconf 71' lang='grc' dir='ltr'>καὶ</span> <span class='ocrx_word' id='word_1_242' title='bbox 3688 1825 3742 1892; x_wconf 80' lang='grc' dir='ltr'>μὴ</span> 
     </span>
    </p>
   </div>
   <div class='ocr_carea' id='block_1_33' title="bbox 521 1891 2084 1986">
    <p class='ocr_par' dir='ltr' id='par_1_33' title="bbox 521 1891 2084 1981">
     <span class='ocr_line' id='line_1_33' title="bbox 521 1891 2084 1981; baseline 0.003 -17"><span class='ocrx_word' id='word_1_243' title='bbox 521 1910 702 1964; x_wconf 85' lang='lat' dir='ltr'><strong>omnia</strong></span> <span class='ocrx_word' id='word_1_244' title='bbox 734 1911 844 1965; x_wconf 90' lang='lat' dir='ltr'><strong>sint</strong></span> <span class='ocrx_word' id='word_1_245' title='bbox 882 1924 947 1962; x_wconf 91' lang='lat' dir='ltr'><strong>ac</strong></span> <span class='ocrx_word' id='word_1_246' title='bbox 986 1909 1324 1970; x_wconf 85' lang='lat' dir='ltr'><strong>necessaria,</strong></span> <span class='ocrx_word' id='word_1_247' title='bbox 1364 1918 1545 1964; x_wconf 92' lang='lat' dir='ltr'><strong>tamen</strong></span> <span class='ocrx_word' id='word_1_248' title='bbox 1597 1912 1651 1964; x_wconf 92' lang='lat' dir='ltr'><strong>in</strong></span> <span class='ocrx_word' id='word_1_249' title='bbox 1691 1910 1895 1967; x_wconf 85' lang='lat' dir='ltr'><strong>divinis</strong></span> <span class='ocrx_word' id='word_1_250' title='bbox 1932 1891 2084 1981; x_wconf 83' lang='lat' dir='ltr'><strong>potis</strong></span> 
     </span>
    </p>
   </div>
   <div class='ocr_carea' id='block_1_34' title="bbox 2182 1891 3745 1986">
    <p class='ocr_par' dir='ltr' id='par_1_34' title="bbox 2182 1903 3745 1986">
     <span class='ocr_line' id='line_1_34' title="bbox 2182 1903 3745 1986; baseline 0 -23"><span class='ocrx_word' id='word_1_251' title='bbox 2182 1903 2184 1937; x_wconf 62' lang='grc' dir='ltr'><strong>ί</strong></span> <span class='ocrx_word' id='word_1_252' title='bbox 2211 1910 2462 1983; x_wconf 83' lang='grc' dir='ltr'>δέχεσθαι</span> <span class='ocrx_word' id='word_1_253' title='bbox 2485 1912 2682 1975; x_wconf 78' lang='grc' dir='ltr'>αὐτοὺς</span> <span class='ocrx_word' id='word_1_254' title='bbox 2710 1913 2860 1976; x_wconf 80' lang='grc' dir='ltr'>αὐτὸ,</span> <span class='ocrx_word' id='word_1_255' title='bbox 2888 1913 3029 1968; x_wconf 84' lang='grc' dir='ltr'>κατὰ</span> <span class='ocrx_word' id='word_1_256' title='bbox 3053 1914 3232 1970; x_wconf 83' lang='grc' dir='ltr'>πάντα</span> <span class='ocrx_word' id='word_1_257' title='bbox 3257 1915 3656 1986; x_wconf 82' lang='grc' dir='ltr'><strong>πεπλανημένοι,</strong></span> <span class='ocrx_word' id='word_1_258' title='bbox 3675 1913 3745 1965; x_wconf 69' lang='grc' dir='ltr'><strong>καὶ</strong></span> 
     </span>
    </p>
   </div>
   <div class='ocr_carea' id='block_1_35' title="bbox 523 2001 2086 2076">
    <p class='ocr_par' dir='ltr' id='par_1_35' title="bbox 523 2001 2086 2072">
     <span class='ocr_line' id='line_1_35' title="bbox 523 2001 2086 2072; baseline 0.002 -17"><span class='ocrx_word' id='word_1_259' title='bbox 523 2002 724 2056; x_wconf 84' lang='lat' dir='ltr'><strong>simum</strong></span> <span class='ocrx_word' id='word_1_260' title='bbox 751 2001 1112 2072; x_wconf 80' lang='lat' dir='ltr'><strong>explicandis,</strong></span> <span class='ocrx_word' id='word_1_261' title='bbox 1143 2017 1207 2056; x_wconf 87' lang='lat' dir='ltr'><strong>ac</strong></span> <span class='ocrx_word' id='word_1_262' title='bbox 1241 2003 1449 2057; x_wconf 72' lang='lat' dir='ltr'><strong>emlesti</strong></span> <span class='ocrx_word' id='word_1_263' title='bbox 1499 2003 1589 2056; x_wconf 90' lang='lat' dir='ltr'><strong>illa</strong></span> <span class='ocrx_word' id='word_1_264' title='bbox 1627 2003 2086 2058; x_wconf 67' lang='lat' dir='ltr'><strong>administrationi</strong></span> 
     </span>
    </p>
   </div>
   <div class='ocr_carea' id='block_1_36' title="bbox 1466 2001 3029 2076">
    <p class='ocr_par' dir='ltr' id='par_1_36' title="bbox 1499 2003 3029 2076">
     <span class='ocr_line' id='line_1_36' title="bbox 1499 2003 3029 2076; baseline 0.004 -22"><span class='ocrx_word' id='word_1_265' title='bbox 1499 2003 1589 2056; x_wconf 90' lang='lat' dir='ltr'><strong>illa</strong></span> <span class='ocrx_word' id='word_1_266' title='bbox 1627 2003 2105 2059; x_wconf 86' lang='lat' dir='ltr'><strong>administratiOne</strong></span> <span class='ocrx_word' id='word_1_267' title='bbox 2212 2003 2619 2074; x_wconf 77' lang='grc' dir='ltr'>τυφλώττοντες</span> <span class='ocrx_word' id='word_1_268' title='bbox 2647 2005 2746 2076; x_wconf 84' lang='grc' dir='ltr'>τὴν</span> <span class='ocrx_word' id='word_1_269' title='bbox 2771 2005 3029 2061; x_wconf 84' lang='grc' dir='ltr'>διάνοιαν.</span> 
     </span>
    </p>
   </div>
   <div class='ocr_carea' id='block_1_37' title="bbox 521 2093 3746 2170">
    <p class='ocr_par' dir='ltr' id='par_1_37' title="bbox 521 2093 3746 2170">
     <span class='ocr_line' id='line_1_37' title="bbox 521 2093 3746 2170; baseline -0 -20"><span class='ocrx_word' id='word_1_270' title='bbox 521 2096 735 2151; x_wconf 81' lang='lat' dir='ltr'><strong>defixus</strong></span> <span class='ocrx_word' id='word_1_271' title='bbox 767 2105 872 2150; x_wconf 90' lang='lat' dir='ltr'><strong>est.</strong></span> <span class='ocrx_word' id='word_1_272' title='bbox 912 2094 1068 2162; x_wconf 88' lang='lat' dir='ltr'><strong>Quod</strong></span> <span class='ocrx_word' id='word_1_273' title='bbox 1101 2096 1268 2166; x_wconf 83' lang='lat' dir='ltr'><strong>igitur</strong></span> <span class='ocrx_word' id='word_1_274' title='bbox 1309 2093 1537 2151; x_wconf 84' lang='lat' dir='ltr'><strong>Joannis</strong></span> <span class='ocrx_word' id='word_1_275' title='bbox 1571 2095 1922 2166; x_wconf 80' lang='lat' dir='ltr'><strong>Evangelium</strong></span> <span class='ocrx_word' id='word_1_276' title='bbox 1987 2095 2059 2150; x_wconf 90' lang='lat' dir='ltr'><strong>ob</strong></span> <span class='ocrx_word' id='word_1_277' title='bbox 2116 2095 2172 2152; x_wconf 89' lang='lat' dir='ltr'><strong>id</strong></span> <span class='ocrx_word' id='word_1_278' title='bbox 2217 2112 2246 2152; x_wconf 88' lang='lat' dir='ltr'><strong>a</strong></span> <span class='ocrx_word' id='word_1_279' title='bbox 2300 2096 2456 2151; x_wconf 87' lang='lat' dir='ltr'><strong>Novo</strong></span> <span class='ocrx_word' id='word_1_280' title='bbox 2515 2095 2872 2152; x_wconf 85' lang='lat' dir='ltr'><strong>Testamento</strong></span> <span class='ocrx_word' id='word_1_281' title='bbox 2933 2099 3265 2170; x_wconf 90' lang='lat' dir='ltr'><strong>repudiant,</strong></span> <span class='ocrx_word' id='word_1_282' title='bbox 3321 2113 3423 2152; x_wconf 80' lang='lat' dir='ltr'><strong>nec</strong></span> <span class='ocrx_word' id='word_1_283' title='bbox 3486 2095 3746 2158; x_wconf 87' lang='lat' dir='ltr'><strong>admittunt,</strong></span> 
     </span>
    </p>
   </div>
   <div class='ocr_carea' id='block_1_38' title="bbox 519 2187 3396 2254">
    <p class='ocr_par' dir='ltr' id='par_1_38' title="bbox 519 2187 3396 2254">
     <span class='ocr_line' id='line_1_38' title="bbox 519 2187 3396 2254; baseline -0.001 -8"><span class='ocrx_word' id='word_1_284' title='bbox 519 2189 666 2246; x_wconf 87' lang='lat' dir='ltr'><strong>ouod</strong></span> <span class='ocrx_word' id='word_1_285' title='bbox 694 2204 800 2244; x_wconf 91' lang='lat' dir='ltr'><strong>non</strong></span> <span class='ocrx_word' id='word_1_286' title='bbox 836 2204 958 2244; x_wconf 86' lang='lat' dir='ltr'><strong>eum</strong></span> <span class='ocrx_word' id='word_1_287' title='bbox 990 2188 1113 2242; x_wconf 90' lang='lat' dir='ltr'><strong>aliis</strong></span> <span class='ocrx_word' id='word_1_288' title='bbox 1149 2187 1293 2241; x_wconf 92' lang='lat' dir='ltr'><strong>haud</strong></span> <span class='ocrx_word' id='word_1_289' title='bbox 1328 2188 1464 2243; x_wconf 89' lang='lat' dir='ltr'><strong>satis</strong></span> <span class='ocrx_word' id='word_1_290' title='bbox 1499 2189 1811 2243; x_wconf 85' lang='lat' dir='ltr'><strong>consentiat</strong></span> <span class='ocrx_word' id='word_1_291' title='bbox 1839 2227 1855 2252; x_wconf 92' lang='lat'><strong>,</strong></span> <span class='ocrx_word' id='word_1_292' title='bbox 1897 2202 2117 2243; x_wconf 90' lang='lat' dir='ltr'><strong>summo</strong></span> <span class='ocrx_word' id='word_1_293' title='bbox 2159 2187 2214 2243; x_wconf 94' lang='lat' dir='ltr'><strong>in</strong></span> <span class='ocrx_word' id='word_1_294' title='bbox 2243 2203 2454 2254; x_wconf 88' lang='lat' dir='ltr'><strong>errore,</strong></span> <span class='ocrx_word' id='word_1_295' title='bbox 2487 2203 2552 2243; x_wconf 91' lang='lat' dir='ltr'><strong>ac</strong></span> <span class='ocrx_word' id='word_1_296' title='bbox 2580 2189 2782 2244; x_wconf 89' lang='lat' dir='ltr'><strong>mentis</strong></span> <span class='ocrx_word' id='word_1_297' title='bbox 2816 2191 3059 2245; x_wconf 70' lang='lat' dir='ltr'><strong>eaacitate</strong></span> <span class='ocrx_word' id='word_1_298' title='bbox 3087 2197 3396 2245; x_wconf 83' lang='lat' dir='ltr'><strong>versantur.</strong></span> 
     </span>
    </p>
   </div>
   <div class='ocr_carea' id='block_1_39' title="bbox 590 2265 2153 2353">
    <p class='ocr_par' dir='ltr' id='par_1_39' title="bbox 590 2265 2113 2350">
     <span class='ocr_line' id='line_1_39' title="bbox 590 2265 2113 2350; baseline 0.001 -15"><span class='ocrx_word' id='word_1_299' title='bbox 590 2280 732 2336; x_wconf 77' lang='lat' dir='ltr'><strong>XIX.</strong></span> <span class='ocrx_word' id='word_1_300' title='bbox 768 2280 979 2335; x_wconf 85' lang='lat' dir='ltr'><strong>Etenim</strong></span> <span class='ocrx_word' id='word_1_301' title='bbox 1009 2280 1396 2335; x_wconf 85' lang='lat' dir='ltr'><strong>sanctissimus</strong></span> <span class='ocrx_word' id='word_1_302' title='bbox 1434 2281 1521 2334; x_wconf 91' lang='lat' dir='ltr'><strong>hic</strong></span> <span class='ocrx_word' id='word_1_303' title='bbox 1547 2265 1882 2350; x_wconf 81' lang='lat' dir='ltr'><strong>evangelista</strong></span> <span class='ocrx_word' id='word_1_304' title='bbox 1918 2280 2113 2336; x_wconf 91' lang='lat' dir='ltr'><strong>ordine</strong></span> 
     </span>
    </p>
   </div>
   <div class='ocr_carea' id='block_1_40' title="bbox 2185 2265 3748 2353">
    <p class='ocr_par' dir='ltr' id='par_1_40' title="bbox 2289 2281 3748 2353">
     <span class='ocr_line' id='line_1_40' title="bbox 2289 2281 3748 2353; baseline 0.001 -18"><span class='ocrx_word' id='word_1_305' title='bbox 2289 2281 2390 2336; x_wconf 88' lang='grc' dir='ltr'><strong>ῐΘ¹.</strong></span> <span class='ocrx_word' id='word_1_306' title='bbox 2435 2281 2708 2352; x_wconf 82' lang='grc' dir='ltr'><strong>Τέταρτος</strong></span> <span class='ocrx_word' id='word_1_307' title='bbox 2740 2281 2849 2353; x_wconf 82' lang='grc' dir='ltr'><strong>γὰρ</strong></span> <span class='ocrx_word' id='word_1_308' title='bbox 2894 2284 3035 2336; x_wconf 77' lang='grc' dir='ltr'>κατὰ</span> <span class='ocrx_word' id='word_1_309' title='bbox 3066 2281 3318 2352; x_wconf 79' lang='grc' dir='ltr'>διαδοχὴν</span> <span class='ocrx_word' id='word_1_310' title='bbox 3361 2281 3526 2335; x_wconf 76' lang='grc' dir='ltr'>ἐλθὼν</span> <span class='ocrx_word' id='word_1_311' title='bbox 3555 2283 3580 2335; x_wconf 78' lang='grc' dir='ltr'><strong>ό</strong></span> <span class='ocrx_word' id='word_1_312' title='bbox 3612 2283 3748 2352; x_wconf 76' lang='grc' dir='ltr'>μακᾶ-</span> 
     </span>
    </p>
   </div>
   <div class='ocr_carea' id='block_1_41' title="bbox 520 2361 2083 2446">
    <p class='ocr_par' dir='ltr' id='par_1_41' title="bbox 520 2361 2083 2443">
     <span class='ocr_line' id='line_1_41' title="bbox 520 2361 2083 2443; baseline 0 -15"><span class='ocrx_word' id='word_1_313' title='bbox 520 2390 586 2430; x_wconf 91' lang='lat' dir='ltr'><strong>ac</strong></span> <span class='ocrx_word' id='word_1_314' title='bbox 625 2375 978 2429; x_wconf 87' lang='lat' dir='ltr'><strong>successione</strong></span> <span class='ocrx_word' id='word_1_315' title='bbox 1015 2361 1286 2443; x_wconf 83' lang='lat' dir='ltr'><strong>quartus,</strong></span> <span class='ocrx_word' id='word_1_316' title='bbox 1325 2387 1389 2427; x_wconf 91' lang='lat' dir='ltr'><strong>ac</strong></span> <span class='ocrx_word' id='word_1_317' title='bbox 1443 2372 1661 2426; x_wconf 84' lang='lat' dir='ltr'><strong>tametsi</strong></span> <span class='ocrx_word' id='word_1_318' title='bbox 1719 2373 1930 2442; x_wconf 88' lang='lat' dir='ltr'><strong>primus</strong></span> <span class='ocrx_word' id='word_1_319' title='bbox 1967 2388 2083 2428; x_wconf 86' lang='lat' dir='ltr'><strong>esse</strong></span> 
     </span>
    </p>
   </div>
   <div class='ocr_carea' id='block_1_42' title="bbox 2190 2361 3753 2446">
    <p class='ocr_par' dir='ltr' id='par_1_42' title="bbox 2221 2371 3753 2446">
     <span class='ocr_line' id='line_1_42' title="bbox 2221 2371 3753 2446; baseline 0 -21"><span class='ocrx_word' id='word_1_320' title='bbox 2221 2390 2355 2446; x_wconf 87' lang='grc' dir='ltr'>ριος,</span> <span class='ocrx_word' id='word_1_321' title='bbox 2384 2373 2602 2444; x_wconf 84' lang='grc' dir='ltr'>πρῶτος</span> <span class='ocrx_word' id='word_1_322' title='bbox 2635 2373 2733 2444; x_wconf 86' lang='grc' dir='ltr'>μὲν</span> <span class='ocrx_word' id='word_1_323' title='bbox 2765 2372 2862 2437; x_wconf 82' lang='grc' dir='ltr'>ὢν,</span> <span class='ocrx_word' id='word_1_324' title='bbox 2892 2371 3120 2444; x_wconf 80' lang='grc' dir='ltr'>ὕστερος</span> <span class='ocrx_word' id='word_1_325' title='bbox 3151 2373 3207 2426; x_wconf 86' lang='grc' dir='ltr'><strong>δὲ</strong></span> <span class='ocrx_word' id='word_1_326' title='bbox 3240 2375 3354 2437; x_wconf 83' lang='grc' dir='ltr'>τοῖς</span> <span class='ocrx_word' id='word_1_327' title='bbox 3381 2373 3548 2427; x_wconf 80' lang='grc' dir='ltr'>ἐτεσιν</span> <span class='ocrx_word' id='word_1_328' title='bbox 3569 2375 3753 2442; x_wconf 80' lang='grc' dir='ltr'>εὐαγγε-</span> 
     </span>
    </p>
   </div>
   <div class='ocr_carea' id='block_1_43' title="bbox 519 2462 2082 2535">
    <p class='ocr_par' dir='ltr' id='par_1_43' title="bbox 519 2465 2082 2534">
     <span class='ocr_line' id='line_1_43' title="bbox 519 2465 2082 2534; baseline -0.003 -11"><span class='ocrx_word' id='word_1_329' title='bbox 519 2465 1111 2531; x_wconf 86' lang='lat' dir='ltr'><strong>omnium,.scribendi</strong></span> <span class='ocrx_word' id='word_1_330' title='bbox 1137 2474 1315 2519; x_wconf 87' lang='lat' dir='ltr'><strong>tamen</strong></span> <span class='ocrx_word' id='word_1_331' title='bbox 1349 2473 1596 2534; x_wconf 87' lang='lat' dir='ltr'><strong>tempore</strong></span> <span class='ocrx_word' id='word_1_332' title='bbox 1627 2473 1956 2533; x_wconf 89' lang='lat' dir='ltr'><strong>postremus,</strong></span> <span class='ocrx_word' id='word_1_333' title='bbox 1991 2481 2082 2534; x_wconf 74' lang='lat' dir='ltr'><strong>qu:</strong></span> 
     </span>
    </p>
   </div>
   <div class='ocr_carea' id='block_1_44' title="bbox 2186 2462 3749 2535">
    <p class='ocr_par' dir='ltr' id='par_1_44' title="bbox 2217 2462 3749 2535">
     <span class='ocr_line' id='line_1_44' title="bbox 2217 2462 3749 2535; baseline -0.001 -18"><span class='ocrx_word' id='word_1_334' title='bbox 2217 2465 2508 2535; x_wconf 79' lang='grc' dir='ltr'>λισάμενος</span> <span class='ocrx_word' id='word_1_335' title='bbox 2539 2464 2608 2517; x_wconf 84' lang='grc' dir='ltr'>τὰ</span> <span class='ocrx_word' id='word_1_336' title='bbox 2636 2464 2740 2535; x_wconf 75' lang='grc' dir='ltr'><strong>πρὸ</strong></span> <span class='ocrx_word' id='word_1_337' title='bbox 2770 2462 2934 2516; x_wconf 78' lang='grc' dir='ltr'>αὑτοῦ</span> <span class='ocrx_word' id='word_1_338' title='bbox 2975 2462 3158 2527; x_wconf 81' lang='grc' dir='ltr'>καλῶς</span> <span class='ocrx_word' id='word_1_339' title='bbox 3181 2463 3511 2534; x_wconf 68' lang='grc' dir='ltr'>τεταγμένα,</span> <span class='ocrx_word' id='word_1_340' title='bbox 3543 2466 3630 2517; x_wconf 85' lang='grc' dir='ltr'>οὐκ</span> <span class='ocrx_word' id='word_1_341' title='bbox 3653 2466 3749 2534; x_wconf 80' lang='grc' dir='ltr'>ἐμε-</span> 
     </span>
    </p>
   </div>
   <div class='ocr_carea' id='block_1_45' title="bbox 521 2556 2084 2630">
    <p class='ocr_par' dir='ltr' id='par_1_45' title="bbox 521 2556 2084 2630">
     <span class='ocr_line' id='line_1_45' title="bbox 521 2556 2084 2630; baseline -0.001 -16"><span class='ocrx_word' id='word_1_342' title='bbox 521 2569 651 2616; x_wconf 87' lang='lat' dir='ltr'><strong>ante</strong></span> <span class='ocrx_word' id='word_1_343' title='bbox 689 2575 750 2615; x_wconf 84' lang='lat' dir='ltr'><strong>se</strong></span> <span class='ocrx_word' id='word_1_344' title='bbox 805 2560 1065 2630; x_wconf 84' lang='lat' dir='ltr'><strong>praeclare</strong></span> <span class='ocrx_word' id='word_1_345' title='bbox 1094 2565 1251 2614; x_wconf 90' lang='lat' dir='ltr'><strong>erant</strong></span> <span class='ocrx_word' id='word_1_346' title='bbox 1302 2557 1533 2611; x_wconf 87' lang='lat' dir='ltr'><strong>aliorum</strong></span> <span class='ocrx_word' id='word_1_347' title='bbox 1567 2571 1733 2626; x_wconf 87' lang='lat' dir='ltr'><strong>opera</strong></span> <span class='ocrx_word' id='word_1_348' title='bbox 1772 2556 1983 2628; x_wconf 80' lang='lat' dir='ltr'><strong>digesta</strong></span> <span class='ocrx_word' id='word_1_349' title='bbox 2029 2574 2084 2613; x_wconf 89' lang='lat' dir='ltr'><strong>re</strong></span> 
     </span>
    </p>
   </div>
   <div class='ocr_carea' id='block_1_46' title="bbox 2189 2556 3752 2630">
    <p class='ocr_par' dir='ltr' id='par_1_46' title="bbox 2221 2556 3752 2630">
     <span class='ocr_line' id='line_1_46' title="bbox 2221 2556 3752 2630; baseline -0.001 -19"><span class='ocrx_word' id='word_1_350' title='bbox 2221 2559 2484 2630; x_wconf 87' lang='grc' dir='ltr'>ρίμνησεν</span> <span class='ocrx_word' id='word_1_351' title='bbox 2523 2556 2816 2611; x_wconf 77' lang='grc' dir='ltr'>ἐκθέσθαι·</span> <span class='ocrx_word' id='word_1_352' title='bbox 2868 2557 3004 2610; x_wconf 80' lang='grc' dir='ltr'>ἀλλὰ</span> <span class='ocrx_word' id='word_1_353' title='bbox 3047 2556 3428 2628; x_wconf 79' lang='grc' dir='ltr'>προλαμϐάνει</span> <span class='ocrx_word' id='word_1_354' title='bbox 3475 2558 3575 2611; x_wconf 82' lang='grc' dir='ltr'>τῶν</span> <span class='ocrx_word' id='word_1_355' title='bbox 3605 2557 3752 2629; x_wconf 77' lang='grc' dir='ltr'>ρηθέν-</span> 
     </span>
    </p>
   </div>
   <div class='ocr_carea' id='block_1_47' title="bbox 523 2647 2086 2729">
    <p class='ocr_par' dir='ltr' id='par_1_47' title="bbox 523 2647 2086 2723">
     <span class='ocr_line' id='line_1_47' title="bbox 523 2647 2086 2723; baseline -0.003 -16"><span class='ocrx_word' id='word_1_356' title='bbox 523 2661 708 2723; x_wconf 88' lang='lat' dir='ltr'><strong>petere</strong></span> <span class='ocrx_word' id='word_1_357' title='bbox 736 2653 938 2718; x_wconf 89' lang='lat' dir='ltr'><strong>noluit;</strong></span> <span class='ocrx_word' id='word_1_358' title='bbox 974 2651 1070 2706; x_wconf 89' lang='lat' dir='ltr'><strong>sed</strong></span> <span class='ocrx_word' id='word_1_359' title='bbox 1113 2659 1240 2704; x_wconf 90' lang='lat' dir='ltr'><strong>ante</strong></span> <span class='ocrx_word' id='word_1_360' title='bbox 1281 2663 1344 2703; x_wconf 72' lang='lat' dir='ltr'><strong>ea</strong></span> <span class='ocrx_word' id='word_1_361' title='bbox 1375 2664 1495 2718; x_wconf 81' lang='lat' dir='ltr'><strong>quae</strong></span> <span class='ocrx_word' id='word_1_362' title='bbox 1524 2648 1639 2718; x_wconf 88' lang='lat' dir='ltr'><strong>jam</strong></span> <span class='ocrx_word' id='word_1_363' title='bbox 1683 2647 1830 2702; x_wconf 90' lang='lat' dir='ltr'><strong>dicta</strong></span> <span class='ocrx_word' id='word_1_364' title='bbox 1874 2649 2086 2704; x_wconf 80' lang='lat' dir='ltr'><strong>fuerant</strong></span> 
     </span>
    </p>
   </div>
   <div class='ocr_carea' id='block_1_48' title="bbox 2191 2647 3754 2729">
    <p class='ocr_par' dir='ltr' id='par_1_48' title="bbox 2222 2648 3754 2729">
     <span class='ocr_line' id='line_1_48' title="bbox 2222 2648 3754 2729; baseline -0.003 -26"><span class='ocrx_word' id='word_1_365' title='bbox 2222 2667 2331 2704; x_wconf 89' lang='grc' dir='ltr'><strong>των</strong></span> <span class='ocrx_word' id='word_1_366' title='bbox 2376 2649 2444 2703; x_wconf 84' lang='grc' dir='ltr'>τὰ</span> <span class='ocrx_word' id='word_1_367' title='bbox 2491 2649 2566 2720; x_wconf 82' lang='grc' dir='ltr'>μὴ</span> <span class='ocrx_word' id='word_1_368' title='bbox 2607 2648 2886 2729; x_wconf 42' lang='grc' dir='ltr'>ρηθέντα..</span> <span class='ocrx_word' id='word_1_369' title='bbox 2909 2649 2966 2702; x_wconf 91' lang='grc' dir='ltr'>Ὁ</span> <span class='ocrx_word' id='word_1_370' title='bbox 3000 2648 3282 2712; x_wconf 85' lang='grc' dir='ltr'>Ματθαῖος</span> <span class='ocrx_word' id='word_1_371' title='bbox 3312 2649 3423 2720; x_wconf 79' lang='grc' dir='ltr'>γὰρ</span> <span class='ocrx_word' id='word_1_372' title='bbox 3452 2649 3655 2720; x_wconf 75' lang='grc' dir='ltr'>ἄρχεται</span> <span class='ocrx_word' id='word_1_373' title='bbox 3675 2648 3754 2700; x_wconf 76' lang='grc' dir='ltr'>ἀπὸ</span> 
     </span>
    </p>
   </div>
   <div class='ocr_carea' id='block_1_49' title="bbox 524 2739 2087 2818">
    <p class='ocr_par' dir='ltr' id='par_1_49' title="bbox 524 2739 2087 2818">
     <span class='ocr_line' id='line_1_49' title="bbox 524 2739 2087 2818; baseline -0.003 -19"><span class='ocrx_word' id='word_1_374' title='bbox 524 2761 645 2818; x_wconf 84' lang='lat' dir='ltr'><strong>quae</strong></span> <span class='ocrx_word' id='word_1_375' title='bbox 678 2759 788 2799; x_wconf 89' lang='lat' dir='ltr'><strong>non</strong></span> <span class='ocrx_word' id='word_1_376' title='bbox 840 2752 1000 2799; x_wconf 90' lang='lat' dir='ltr'><strong>erant</strong></span> <span class='ocrx_word' id='word_1_377' title='bbox 1037 2743 1184 2797; x_wconf 87' lang='lat' dir='ltr'><strong>dicta</strong></span> <span class='ocrx_word' id='word_1_378' title='bbox 1223 2741 1532 2812; x_wconf 84' lang='lat' dir='ltr'><strong>pmposuit.</strong></span> <span class='ocrx_word' id='word_1_379' title='bbox 1577 2739 1868 2796; x_wconf 75' lang='lat' dir='ltr'><strong>Matthams</strong></span> <span class='ocrx_word' id='word_1_380' title='bbox 1893 2741 2087 2812; x_wconf 88' lang='lat' dir='ltr'><strong>quiden</strong></span> 
     </span>
    </p>
   </div>
   <div class='ocr_carea' id='block_1_50' title="bbox 2192 2739 3755 2818">
    <p class='ocr_par' dir='ltr' id='par_1_50' title="bbox 2237 2739 3755 2813">
     <span class='ocr_line' id='line_1_50' title="bbox 2237 2739 3755 2813; baseline -0.003 -18"><span class='ocrx_word' id='word_1_381' title='bbox 2237 2741 2515 2813; x_wconf 73' lang='grc' dir='ltr'>Ἁϐραάμ·</span> <span class='ocrx_word' id='word_1_382' title='bbox 2553 2741 2692 2812; x_wconf 81' lang='grc' dir='ltr'>μετὰ</span> <span class='ocrx_word' id='word_1_383' title='bbox 2731 2741 2788 2794; x_wconf 84' lang='grc' dir='ltr'><strong>δὲ</strong></span> <span class='ocrx_word' id='word_1_384' title='bbox 2813 2740 2912 2812; x_wconf 80' lang='grc' dir='ltr'>τὴν</span> <span class='ocrx_word' id='word_1_385' title='bbox 2940 2741 3136 2812; x_wconf 79' lang='grc' dir='ltr'>ἀρχὴν,</span> <span class='ocrx_word' id='word_1_386' title='bbox 3167 2741 3262 2795; x_wconf 64' lang='grc' dir='ltr'>καὶ</span> <span class='ocrx_word' id='word_1_387' title='bbox 3299 2742 3439 2812; x_wconf 81' lang='grc' dir='ltr'>μετὰ</span> <span class='ocrx_word' id='word_1_388' title='bbox 3466 2741 3552 2794; x_wconf 78' lang='grc' dir='ltr'><strong>δύο</strong></span> <span class='ocrx_word' id='word_1_389' title='bbox 3577 2741 3658 2810; x_wconf 80' lang='grc' dir='ltr'>ἔτη</span> <span class='ocrx_word' id='word_1_390' title='bbox 3683 2739 3755 2808; x_wconf 73' lang='grc' dir='ltr'><strong>τῆς</strong></span> 
     </span>
    </p>
   </div>
   <div class='ocr_carea' id='block_1_51' title="bbox 527 2830 2090 2908">
    <p class='ocr_par' dir='ltr' id='par_1_51' title="bbox 527 2835 2090 2906">
     <span class='ocr_line' id='line_1_51' title="bbox 527 2835 2090 2906; baseline -0.004 -10"><span class='ocrx_word' id='word_1_391' title='bbox 527 2843 596 2896; x_wconf 88' lang='lat' dir='ltr'><strong>ab</strong></span> <span class='ocrx_word' id='word_1_392' title='bbox 630 2837 946 2894; x_wconf 82' lang='lat' dir='ltr'><strong>Abrahamo</strong></span> <span class='ocrx_word' id='word_1_393' title='bbox 997 2837 1276 2893; x_wconf 83' lang='lat' dir='ltr'><strong>scribendi</strong></span> <span class='ocrx_word' id='word_1_394' title='bbox 1317 2837 1475 2890; x_wconf 90' lang='lat' dir='ltr'><strong>initio</strong></span> <span class='ocrx_word' id='word_1_395' title='bbox 1507 2835 1653 2890; x_wconf 86' lang='lat' dir='ltr'><strong>facto</strong></span> <span class='ocrx_word' id='word_1_396' title='bbox 1677 2876 1692 2901; x_wconf 92' lang='lat'><strong>,</strong></span> <span class='ocrx_word' id='word_1_397' title='bbox 1734 2845 1857 2906; x_wconf 86' lang='lat' dir='ltr'><strong>post</strong></span> <span class='ocrx_word' id='word_1_398' title='bbox 1893 2837 2090 2891; x_wconf 89' lang='lat' dir='ltr'><strong>incuna</strong></span> 
     </span>
    </p>
   </div>
   <div class='ocr_carea' id='block_1_52' title="bbox 2191 2830 3754 2908">
    <p class='ocr_par' dir='ltr' id='par_1_52' title="bbox 2221 2830 3754 2908">
     <span class='ocr_line' id='line_1_52' title="bbox 2221 2830 3754 2908; baseline -0.002 -22"><span class='ocrx_word' id='word_1_399' title='bbox 2221 2836 2549 2908; x_wconf 86' lang='grc' dir='ltr'>γεννήσεως,</span> <span class='ocrx_word' id='word_1_400' title='bbox 2587 2833 2752 2887; x_wconf 85' lang='grc' dir='ltr'>πάλιν</span> <span class='ocrx_word' id='word_1_401' title='bbox 2776 2836 3012 2887; x_wconf 87' lang='grc' dir='ltr'>ποιεῖται</span> <span class='ocrx_word' id='word_1_402' title='bbox 3041 2834 3141 2905; x_wconf 86' lang='grc' dir='ltr'><strong>τὴν</strong></span> <span class='ocrx_word' id='word_1_403' title='bbox 3171 2835 3471 2906; x_wconf 80' lang='grc' dir='ltr'>ὑφήγησιν.</span> <span class='ocrx_word' id='word_1_404' title='bbox 3498 2835 3694 2904; x_wconf 75' lang='grc' dir='ltr'>Μάρκος</span> <span class='ocrx_word' id='word_1_405' title='bbox 3715 2830 3754 2883; x_wconf 77' lang='grc' dir='ltr'><strong>δὲ</strong></span> 
     </span>
    </p>
   </div>
   <div class='ocr_carea' id='block_1_53' title="bbox 525 2921 2088 2998">
    <p class='ocr_par' dir='ltr' id='par_1_53' title="bbox 525 2926 2088 2998">
     <span class='ocr_line' id='line_1_53' title="bbox 525 2926 2088 2998; baseline -0.003 -13"><span class='ocrx_word' id='word_1_406' title='bbox 525 2931 650 2986; x_wconf 91' lang='lat' dir='ltr'><strong>bula</strong></span> <span class='ocrx_word' id='word_1_407' title='bbox 673 2931 903 2994; x_wconf 86' lang='lat' dir='ltr'><strong>Christi,</strong></span> <span class='ocrx_word' id='word_1_408' title='bbox 940 2939 993 2984; x_wconf 90' lang='lat' dir='ltr'><strong>et</strong></span> <span class='ocrx_word' id='word_1_409' title='bbox 1020 2931 1253 2984; x_wconf 90' lang='lat' dir='ltr'><strong>alterum</strong></span> <span class='ocrx_word' id='word_1_410' title='bbox 1287 2943 1318 2982; x_wconf 88' lang='lat' dir='ltr'><strong>a</strong></span> <span class='ocrx_word' id='word_1_411' title='bbox 1347 2928 1514 2982; x_wconf 91' lang='lat' dir='ltr'><strong>natali</strong></span> <span class='ocrx_word' id='word_1_412' title='bbox 1549 2927 1672 2996; x_wconf 88' lang='lat' dir='ltr'><strong>ejus</strong></span> <span class='ocrx_word' id='word_1_413' title='bbox 1705 2943 1910 2982; x_wconf 90' lang='lat' dir='ltr'><strong>annum</strong></span> <span class='ocrx_word' id='word_1_414' title='bbox 1949 2926 2088 2998; x_wconf 61' lang='lat' dir='ltr'><strong>M1</strong></span> 
     </span>
    </p>
   </div>
   <div class='ocr_carea' id='block_1_54' title="bbox 2193 2921 3756 2998">
    <p class='ocr_par' dir='ltr' id='par_1_54' title="bbox 2221 2921 3756 2998">
     <span class='ocr_line' id='line_1_54' title="bbox 2221 2921 3756 2998; baseline -0.003 -21"><span class='ocrx_word' id='word_1_415' title='bbox 2221 2923 2450 2994; x_wconf 79' lang='grc' dir='ltr'>ἄρχεται</span> <span class='ocrx_word' id='word_1_416' title='bbox 2482 2924 2591 2977; x_wconf 84' lang='grc' dir='ltr'><strong>ἀπὸ</strong></span> <span class='ocrx_word' id='word_1_417' title='bbox 2615 2923 3102 2978; x_wconf 82' lang='grc' dir='ltr'>πεντεκαιδεκάτου</span> <span class='ocrx_word' id='word_1_418' title='bbox 3142 2923 3294 2988; x_wconf 78' lang='grc' dir='ltr'>ἔτους</span> <span class='ocrx_word' id='word_1_419' title='bbox 3329 2925 3607 2998; x_wconf 68' lang='grc' dir='ltr'>Τιϐερίουδ</span> <span class='ocrx_word' id='word_1_420' title='bbox 3633 2921 3756 2994; x_wconf 81' lang='grc' dir='ltr'>μεσό-</span> 
     </span>
    </p>
   </div>
   <div class='ocr_carea' id='block_1_55' title="bbox 525 3014 2088 3091">
    <p class='ocr_par' dir='ltr' id='par_1_55' title="bbox 525 3019 2084 3091">
     <span class='ocr_line' id='line_1_55' title="bbox 525 3019 2084 3091; baseline -0.003 -14"><span class='ocrx_word' id='word_1_421' title='bbox 525 3023 900 3078; x_wconf 88' lang='lat' dir='ltr'><strong>narrationem</strong></span> <span class='ocrx_word' id='word_1_422' title='bbox 953 3021 1212 3091; x_wconf 89' lang='lat' dir='ltr'><strong>pertexit.</strong></span> <span class='ocrx_word' id='word_1_423' title='bbox 1264 3020 1483 3076; x_wconf 80' lang='lat' dir='ltr'><strong>Marcus</strong></span> <span class='ocrx_word' id='word_1_424' title='bbox 1530 3036 1656 3076; x_wconf 91' lang='lat' dir='ltr'><strong>vero</strong></span> <span class='ocrx_word' id='word_1_425' title='bbox 1691 3022 1760 3075; x_wconf 92' lang='lat' dir='ltr'><strong>ab</strong></span> <span class='ocrx_word' id='word_1_426' title='bbox 1793 3037 1884 3075; x_wconf 91' lang='lat' dir='ltr'><strong>an.</strong></span> <span class='ocrx_word' id='word_1_427' title='bbox 1922 3037 1988 3073; x_wconf 89' lang='lat' dir='ltr'><strong>xv</strong></span> <span class='ocrx_word' id='word_1_428' title='bbox 2020 3019 2084 3073; x_wconf 91' lang='lat' dir='ltr'><strong>Ti</strong></span> 
     </span>
    </p>
   </div>
   <div class='ocr_carea' id='block_1_56' title="bbox 2194 3014 3757 3091">
    <p class='ocr_par' dir='ltr' id='par_1_56' title="bbox 2220 3014 3757 3089">
     <span class='ocr_line' id='line_1_56' title="bbox 2220 3014 3757 3089; baseline 0.004 -19"><span class='ocrx_word' id='word_1_429' title='bbox 2220 3033 2361 3086; x_wconf 88' lang='grc' dir='ltr'>τητα</span> <span class='ocrx_word' id='word_1_430' title='bbox 2391 3015 2499 3069; x_wconf 83' lang='grc' dir='ltr'><strong>τῶν</strong></span> <span class='ocrx_word' id='word_1_431' title='bbox 2531 3015 2671 3087; x_wconf 82' lang='grc' dir='ltr'>μετὰ</span> <span class='ocrx_word' id='word_1_432' title='bbox 2695 3016 2792 3088; x_wconf 81' lang='grc' dir='ltr'>τὴν</span> <span class='ocrx_word' id='word_1_433' title='bbox 2820 3017 3015 3088; x_wconf 82' lang='grc' dir='ltr'>ἀρχήν.</span> <span class='ocrx_word' id='word_1_434' title='bbox 3046 3017 3261 3081; x_wconf 78' lang='grc' dir='ltr'>Λουκᾶς</span> <span class='ocrx_word' id='word_1_435' title='bbox 3286 3016 3344 3071; x_wconf 86' lang='grc' dir='ltr'><strong>δὲ</strong></span> <span class='ocrx_word' id='word_1_436' title='bbox 3375 3018 3544 3089; x_wconf 77' lang='grc' dir='ltr'>ἀρχὴν</span> <span class='ocrx_word' id='word_1_437' title='bbox 3573 3017 3662 3088; x_wconf 78' lang='grc' dir='ltr'><strong>πρὸ</strong></span> <span class='ocrx_word' id='word_1_438' title='bbox 3683 3014 3757 3082; x_wconf 78' lang='grc' dir='ltr'><strong>τῆς</strong></span> 
     </span>
    </p>
   </div>
   <div class='ocr_carea' id='block_1_57' title="bbox 525 3109 2088 3185">
    <p class='ocr_par' dir='ltr' id='par_1_57' title="bbox 525 3113 2088 3185">
     <span class='ocr_line' id='line_1_57' title="bbox 525 3113 2088 3185; baseline -0.001 -16"><span class='ocrx_word' id='word_1_439' title='bbox 525 3114 659 3170; x_wconf 87' lang='lat' dir='ltr'><strong>berii</strong></span> <span class='ocrx_word' id='word_1_440' title='bbox 685 3155 699 3178; x_wconf 96' lang='lat'><strong>,</strong></span> <span class='ocrx_word' id='word_1_441' title='bbox 742 3115 1182 3184; x_wconf 87' lang='lat' dir='ltr'><strong>circumscriptis</strong></span> <span class='ocrx_word' id='word_1_442' title='bbox 1222 3113 1385 3170; x_wconf 89' lang='lat' dir='ltr'><strong>medii</strong></span> <span class='ocrx_word' id='word_1_443' title='bbox 1417 3114 1683 3185; x_wconf 89' lang='lat' dir='ltr'><strong>temporis</strong></span> <span class='ocrx_word' id='word_1_444' title='bbox 1721 3113 1889 3168; x_wconf 84' lang='lat' dir='ltr'><strong>rebus</strong></span> <span class='ocrx_word' id='word_1_445' title='bbox 1921 3113 2088 3184; x_wconf 80' lang='lat' dir='ltr'><strong>gestis</strong></span> 
     </span>
    </p>
   </div>
   <div class='ocr_carea' id='block_1_58' title="bbox 2196 3109 3759 3185">
    <p class='ocr_par' dir='ltr' id='par_1_58' title="bbox 2223 3109 3759 3182">
     <span class='ocr_line' id='line_1_58' title="bbox 2223 3109 3759 3182; baseline -0.01 -8"><span class='ocrx_word' id='word_1_446' title='bbox 2223 3109 2398 3181; x_wconf 78' lang='grc' dir='ltr'>ἀρχῆς</span> <span class='ocrx_word' id='word_1_447' title='bbox 2427 3109 2702 3179; x_wconf 77' lang='grc' dir='ltr'>ἐπήνεγκε</span> <span class='ocrx_word' id='word_1_448' title='bbox 2731 3110 2828 3180; x_wconf 84' lang='grc' dir='ltr'><strong>τὴν</strong></span> <span class='ocrx_word' id='word_1_449' title='bbox 2855 3109 2962 3181; x_wconf 84' lang='grc' dir='ltr'>πρὸ</span> <span class='ocrx_word' id='word_1_450' title='bbox 2991 3109 3090 3181; x_wconf 80' lang='grc' dir='ltr'>τῆς</span> <span class='ocrx_word' id='word_1_451' title='bbox 3113 3112 3424 3182; x_wconf 76' lang='grc' dir='ltr'>γεννήσεως</span> <span class='ocrx_word' id='word_1_452' title='bbox 3452 3113 3508 3165; x_wconf 83' lang='grc' dir='ltr'>ὲν</span> <span class='ocrx_word' id='word_1_453' title='bbox 3533 3113 3592 3182; x_wconf 78' lang='grc' dir='ltr'><strong>τῇ</strong></span> <span class='ocrx_word' id='word_1_454' title='bbox 3613 3109 3759 3178; x_wconf 74' lang='grc' dir='ltr'>συλλή-</span> 
     </span>
    </p>
   </div>
   <div class='ocr_carea' id='block_1_59' title="bbox 522 3201 2085 3305">
    <p class='ocr_par' dir='ltr' id='par_1_59' title="bbox 522 3205 2085 3276">
     <span class='ocr_line' id='line_1_59' title="bbox 522 3205 2085 3276; baseline -0.003 -13"><span class='ocrx_word' id='word_1_455' title='bbox 522 3223 759 3264; x_wconf 82' lang='lat' dir='ltr'><strong>exorsus</strong></span> <span class='ocrx_word' id='word_1_456' title='bbox 791 3214 896 3262; x_wconf 90' lang='lat' dir='ltr'><strong>est.</strong></span> <span class='ocrx_word' id='word_1_457' title='bbox 963 3209 1032 3261; x_wconf 86' lang='lat' dir='ltr'><strong>At</strong></span> <span class='ocrx_word' id='word_1_458' title='bbox 1077 3205 1256 3262; x_wconf 86' lang='lat' dir='ltr'><strong>Lucas</strong></span> <span class='ocrx_word' id='word_1_459' title='bbox 1303 3206 1467 3264; x_wconf 88' lang='lat' dir='ltr'><strong>altius</strong></span> <span class='ocrx_word' id='word_1_460' title='bbox 1511 3206 1616 3262; x_wconf 92' lang='lat' dir='ltr'><strong>ista</strong></span> <span class='ocrx_word' id='word_1_461' title='bbox 1659 3216 1912 3276; x_wconf 86' lang='lat' dir='ltr'><strong>repetens</strong></span> <span class='ocrx_word' id='word_1_462' title='bbox 1945 3205 2015 3259; x_wconf 91' lang='lat' dir='ltr'><strong>ab</strong></span> <span class='ocrx_word' id='word_1_463' title='bbox 2052 3218 2085 3258; x_wconf 20' lang='lat' dir='ltr'><strong>ei</strong></span> 
     </span>
    </p>
   </div>
   <div class='ocr_carea' id='block_1_60' title="bbox 2192 3201 3755 3305">
    <p class='ocr_par' dir='ltr' id='par_1_60' title="bbox 2223 3201 3755 3275">
     <span class='ocr_line' id='line_1_60' title="bbox 2223 3201 3755 3275; baseline -0.006 -14"><span class='ocrx_word' id='word_1_464' title='bbox 2223 3202 2314 3272; x_wconf 72' lang='grc' dir='ltr'><strong>ψει</strong></span> <span class='ocrx_word' id='word_1_465' title='bbox 2336 3201 2437 3272; x_wconf 82' lang='grc' dir='ltr'>τῆς</span> <span class='ocrx_word' id='word_1_466' title='bbox 2456 3203 2695 3274; x_wconf 81' lang='grc' dir='ltr'>γαστρὸς</span> <span class='ocrx_word' id='word_1_467' title='bbox 2716 3202 2938 3275; x_wconf 87' lang='grc' dir='ltr'>Μαρίας</span> <span class='ocrx_word' id='word_1_468' title='bbox 2964 3203 3059 3256; x_wconf 74' lang='grc' dir='ltr'>καὶ</span> <span class='ocrx_word' id='word_1_469' title='bbox 3081 3201 3184 3273; x_wconf 85' lang='grc' dir='ltr'>τῆς</span> <span class='ocrx_word' id='word_1_470' title='bbox 3206 3202 3490 3258; x_wconf 80' lang='grc' dir='ltr'>Ἐλισάὸετ</span> <span class='ocrx_word' id='word_1_471' title='bbox 3506 3204 3755 3272; x_wconf 75' lang='grc' dir='ltr'>γεγονυῖαν.</span> 
     </span>
    </p>
   </div>
   <div class='ocr_carea' id='block_1_61' title="bbox 525 3296 2088 3377">
    <p class='ocr_par' dir='ltr' id='par_1_61' title="bbox 525 3302 2088 3375">
     <span class='ocr_line' id='line_1_61' title="bbox 525 3302 2088 3375; baseline -0.002 -17"><span class='ocrx_word' id='word_1_472' title='bbox 525 3313 773 3375; x_wconf 90' lang='lat' dir='ltr'><strong>tempore</strong></span> <span class='ocrx_word' id='word_1_473' title='bbox 801 3305 968 3374; x_wconf 70' lang='lat' dir='ltr'><strong>coepit</strong></span> <span class='ocrx_word' id='word_1_474' title='bbox 995 3343 1010 3367; x_wconf 94' lang='lat'><strong>,</strong></span> <span class='ocrx_word' id='word_1_475' title='bbox 1047 3303 1193 3374; x_wconf 92' lang='lat' dir='ltr'><strong>quod</strong></span> <span class='ocrx_word' id='word_1_476' title='bbox 1235 3302 1443 3359; x_wconf 87' lang='lat' dir='ltr'><strong>Christi</strong></span> <span class='ocrx_word' id='word_1_477' title='bbox 1477 3310 1659 3357; x_wconf 91' lang='lat' dir='ltr'><strong>ortum</strong></span> <span class='ocrx_word' id='word_1_478' title='bbox 1693 3302 2022 3366; x_wconf 87' lang='lat' dir='ltr'><strong>antecessit;</strong></span> <span class='ocrx_word' id='word_1_479' title='bbox 2063 3315 2088 3355; x_wconf 85' lang='lat' dir='ltr'><strong><em>e</em></strong></span> 
     </span>
    </p>
   </div>
   <div class='ocr_carea' id='block_1_62' title="bbox 2198 3296 3761 3377">
    <p class='ocr_par' dir='ltr' id='par_1_62' title="bbox 2239 3296 3761 3377">
     <span class='ocr_line' id='line_1_62' title="bbox 2239 3296 3761 3377; baseline -0.001 -27"><span class='ocrx_word' id='word_1_480' title='bbox 2239 3296 2494 3368; x_wconf 85' lang='grc' dir='ltr'>Ἰωάννης</span> <span class='ocrx_word' id='word_1_481' title='bbox 2540 3296 2596 3350; x_wconf 79' lang='grc' dir='ltr'><strong>δὲ</strong></span> <span class='ocrx_word' id='word_1_482' title='bbox 2631 3297 2712 3351; x_wconf 79' lang='grc' dir='ltr'>ἔτι</span> <span class='ocrx_word' id='word_1_483' title='bbox 2749 3298 3036 3377; x_wconf 70' lang='grc' dir='ltr'>πρᾴτερον,</span> <span class='ocrx_word' id='word_1_484' title='bbox 3078 3298 3302 3370; x_wconf 78' lang='grc' dir='ltr'>ὕστερος</span> <span class='ocrx_word' id='word_1_485' title='bbox 3335 3299 3525 3364; x_wconf 74' lang='grc' dir='ltr'>ἐλθὼν,</span> <span class='ocrx_word' id='word_1_486' title='bbox 3561 3302 3761 3364; x_wconf 53' lang='lat' dir='ltr'><strong>Emma-</strong></span> 
     </span>
    </p>
   </div>
   <div class='ocr_carea' id='block_1_63' title="bbox 525 3387 2088 3466">
    <p class='ocr_par' dir='ltr' id='par_1_63' title="bbox 525 3392 2088 3466">
     <span class='ocr_line' id='line_1_63' title="bbox 525 3392 2088 3466; baseline -0.003 -16"><span class='ocrx_word' id='word_1_487' title='bbox 525 3407 637 3451; x_wconf 83' lang='lat' dir='ltr'><strong>tam</strong></span> <span class='ocrx_word' id='word_1_488' title='bbox 676 3397 878 3464; x_wconf 90' lang='lat' dir='ltr'><strong>hujus,</strong></span> <span class='ocrx_word' id='word_1_489' title='bbox 936 3413 1103 3466; x_wconf 83' lang='lat' dir='ltr'><strong>quam</strong></span> <span class='ocrx_word' id='word_1_490' title='bbox 1133 3395 1364 3452; x_wconf 86' lang='lat' dir='ltr'><strong>Joannis</strong></span> <span class='ocrx_word' id='word_1_491' title='bbox 1413 3397 1468 3450; x_wconf 92' lang='lat' dir='ltr'><strong>in</strong></span> <span class='ocrx_word' id='word_1_492' title='bbox 1510 3394 1694 3449; x_wconf 69' lang='lat' dir='ltr'><strong>Mariae</strong></span> <span class='ocrx_word' id='word_1_493' title='bbox 1745 3402 1910 3463; x_wconf 89' lang='lat' dir='ltr'><strong>atque</strong></span> <span class='ocrx_word' id='word_1_494' title='bbox 1948 3392 2088 3447; x_wconf 83' lang='lat' dir='ltr'><strong>Elisa</strong></span> 
     </span>
    </p>
   </div>
   <div class='ocr_carea' id='block_1_64' title="bbox 2196 3387 3759 3466">
    <p class='ocr_par' dir='ltr' id='par_1_64' title="bbox 2227 3387 3759 3464">
     <span class='ocr_line' id='line_1_64' title="bbox 2227 3387 3759 3464; baseline 0.002 -23"><span class='ocrx_word' id='word_1_495' title='bbox 2227 3387 2436 3452; x_wconf 77' lang='grc' dir='ltr'>λίζεται</span> <span class='ocrx_word' id='word_1_496' title='bbox 2481 3389 2581 3460; x_wconf 82' lang='grc' dir='ltr'><strong>τὴν</strong></span> <span class='ocrx_word' id='word_1_497' title='bbox 2617 3389 2725 3462; x_wconf 82' lang='grc' dir='ltr'>πρὸ</span> <span class='ocrx_word' id='word_1_498' title='bbox 2766 3389 2868 3460; x_wconf 84' lang='grc' dir='ltr'>τῆς</span> <span class='ocrx_word' id='word_1_499' title='bbox 2905 3392 3172 3464; x_wconf 80' lang='grc' dir='ltr'>ὲνσάρκου</span> <span class='ocrx_word' id='word_1_500' title='bbox 3205 3394 3509 3464; x_wconf 79' lang='grc' dir='ltr'>παρουσίας</span> <span class='ocrx_word' id='word_1_501' title='bbox 3547 3405 3759 3461; x_wconf 77' lang='grc' dir='ltr'>πραγμα-</span> 
     </span>
    </p>
   </div>
   <div class='ocr_carea' id='block_1_65' title="bbox 526 3478 2089 3556">
    <p class='ocr_par' dir='ltr' id='par_1_65' title="bbox 526 3481 2089 3556">
     <span class='ocr_line' id='line_1_65' title="bbox 526 3481 2089 3556; baseline -0.004 -15"><span class='ocrx_word' id='word_1_502' title='bbox 526 3485 654 3541; x_wconf 85' lang='lat' dir='ltr'><strong>beth</strong></span> <span class='ocrx_word' id='word_1_503' title='bbox 706 3494 863 3540; x_wconf 90' lang='lat' dir='ltr'><strong>utero</strong></span> <span class='ocrx_word' id='word_1_504' title='bbox 913 3493 1238 3556; x_wconf 89' lang='lat' dir='ltr'><strong>conceptum</strong></span> <span class='ocrx_word' id='word_1_505' title='bbox 1298 3484 1572 3555; x_wconf 85' lang='lat' dir='ltr'><strong>exposuit.</strong></span> <span class='ocrx_word' id='word_1_506' title='bbox 1612 3483 1854 3538; x_wconf 85' lang='lat' dir='ltr'><strong>Joannes</strong></span> <span class='ocrx_word' id='word_1_507' title='bbox 1884 3481 2089 3552; x_wconf 87' lang='lat' dir='ltr'><strong>deniqu</strong></span> 
     </span>
    </p>
   </div>
   <div class='ocr_carea' id='block_1_66' title="bbox 2199 3478 3762 3556">
    <p class='ocr_par' dir='ltr' id='par_1_66' title="bbox 2225 3478 3762 3554">
     <span class='ocr_line' id='line_1_66' title="bbox 2225 3478 3762 3554; baseline 0 -23"><span class='ocrx_word' id='word_1_508' title='bbox 2225 3479 2398 3534; x_wconf 89' lang='grc' dir='ltr'>τείαν.</span> <span class='ocrx_word' id='word_1_509' title='bbox 2453 3480 2810 3552; x_wconf 81' lang='grc' dir='ltr'>Πνευματικὰ</span> <span class='ocrx_word' id='word_1_510' title='bbox 2856 3482 2966 3552; x_wconf 86' lang='grc' dir='ltr'><strong>γὰρ</strong></span> <span class='ocrx_word' id='word_1_511' title='bbox 3007 3479 3076 3554; x_wconf 84' lang='grc' dir='ltr'>ἦν</span> <span class='ocrx_word' id='word_1_512' title='bbox 3119 3484 3186 3537; x_wconf 83' lang='grc' dir='ltr'><strong>τὰ</strong></span> <span class='ocrx_word' id='word_1_513' title='bbox 3233 3484 3467 3538; x_wconf 81' lang='grc' dir='ltr'>πλεῖστα</span> <span class='ocrx_word' id='word_1_514' title='bbox 3512 3485 3596 3537; x_wconf 81' lang='grc' dir='ltr'><strong>ὑπ’</strong></span> <span class='ocrx_word' id='word_1_515' title='bbox 3636 3478 3762 3535; x_wconf 73' lang='grc' dir='ltr'>αὑτοῦ</span> 
     </span>
    </p>
   </div>
   <div class='ocr_carea' id='block_1_67' title="bbox 526 3563 2089 3648">
    <p class='ocr_par' dir='ltr' id='par_1_67' title="bbox 526 3574 2089 3648">
     <span class='ocr_line' id='line_1_67' title="bbox 526 3574 2089 3648; baseline -0.002 -17"><span class='ocrx_word' id='word_1_516' title='bbox 526 3584 840 3648; x_wconf 88' lang='lat' dir='ltr'><strong>postremus</strong></span> <span class='ocrx_word' id='word_1_517' title='bbox 869 3576 1137 3630; x_wconf 82' lang='lat' dir='ltr'><strong>accedens</strong></span> <span class='ocrx_word' id='word_1_518' title='bbox 1171 3575 1444 3631; x_wconf 88' lang='lat' dir='ltr'><strong>altissime</strong></span> <span class='ocrx_word' id='word_1_519' title='bbox 1467 3575 1709 3629; x_wconf 79' lang='lat' dir='ltr'><strong>ninnium</strong></span> <span class='ocrx_word' id='word_1_520' title='bbox 1746 3574 2089 3628; x_wconf 71' lang='lat' dir='ltr'><strong>narrationem</strong></span> 
     </span>
    </p>
   </div>
   <div class='ocr_carea' id='block_1_68' title="bbox 2199 3563 3762 3648">
    <p class='ocr_par' dir='ltr' id='par_1_68' title="bbox 2227 3563 3762 3644">
     <span class='ocr_line' id='line_1_68' title="bbox 2227 3563 3762 3644; baseline -0.001 -21"><span class='ocrx_word' id='word_1_521' title='bbox 2227 3569 2520 3641; x_wconf 86' lang='grc' dir='ltr'>λεγόμενα,</span> <span class='ocrx_word' id='word_1_522' title='bbox 2557 3572 2664 3626; x_wconf 84' lang='grc' dir='ltr'><strong>τῶν</strong></span> <span class='ocrx_word' id='word_1_523' title='bbox 2700 3572 2987 3643; x_wconf 82' lang='grc' dir='ltr'>σαρκικῶν</span> <span class='ocrx_word' id='word_1_524' title='bbox 3015 3573 3115 3644; x_wconf 71' lang='grc' dir='ltr'><strong>ήδη</strong></span> <span class='ocrx_word' id='word_1_525' title='bbox 3153 3574 3668 3644; x_wconf 82' lang='grc' dir='ltr'>ὲπασφαλισθέντων.</span> <span class='ocrx_word' id='word_1_526' title='bbox 3697 3563 3762 3621; x_wconf 73' lang='grc' dir='ltr'>Διά</span> 
     </span>
    </p>
   </div>
   <div class='ocr_carea' id='block_1_69' title="bbox 524 3663 2087 3737">
    <p class='ocr_par' dir='ltr' id='par_1_69' title="bbox 524 3665 2086 3737">
     <span class='ocr_line' id='line_1_69' title="bbox 524 3665 2086 3737; baseline -0.003 -15"><span class='ocrx_word' id='word_1_527' title='bbox 524 3665 783 3732; x_wconf 85' lang='lat' dir='ltr'><strong>arcessit,</strong></span> <span class='ocrx_word' id='word_1_528' title='bbox 819 3673 876 3722; x_wconf 92' lang='lat' dir='ltr'><strong>et</strong></span> <span class='ocrx_word' id='word_1_529' title='bbox 905 3681 1027 3737; x_wconf 64' lang='lat' dir='ltr'><strong>quae</strong></span> <span class='ocrx_word' id='word_1_530' title='bbox 1055 3665 1260 3720; x_wconf 88' lang='lat' dir='ltr'><strong>Christi</strong></span> <span class='ocrx_word' id='word_1_531' title='bbox 1289 3665 1622 3736; x_wconf 88' lang='lat' dir='ltr'><strong>temporaria</strong></span> <span class='ocrx_word' id='word_1_532' title='bbox 1653 3665 1743 3719; x_wconf 86' lang='lat' dir='ltr'><strong>illa</strong></span> <span class='ocrx_word' id='word_1_533' title='bbox 1768 3665 2086 3735; x_wconf 80' lang='lat' dir='ltr'><strong>generation</strong></span> 
     </span>
    </p>
   </div>
   <div class='ocr_carea' id='block_1_70' title="bbox 2202 3663 3765 3737">
    <p class='ocr_par' dir='ltr' id='par_1_70' title="bbox 2230 3663 3765 3737">
     <span class='ocr_line' id='line_1_70' title="bbox 2230 3663 3765 3737; baseline -0.002 -22"><span class='ocrx_word' id='word_1_534' title='bbox 2230 3663 2618 3733; x_wconf 83' lang='grc' dir='ltr'>πνευματικῶς</span> <span class='ocrx_word' id='word_1_535' title='bbox 2655 3664 2756 3734; x_wconf 82' lang='grc' dir='ltr'>τὴν</span> <span class='ocrx_word' id='word_1_536' title='bbox 2792 3665 3067 3736; x_wconf 80' lang='grc' dir='ltr'>ὑφήγησιν</span> <span class='ocrx_word' id='word_1_537' title='bbox 3093 3668 3327 3718; x_wconf 86' lang='grc' dir='ltr'>ποιεῖται</span> <span class='ocrx_word' id='word_1_538' title='bbox 3355 3667 3456 3737; x_wconf 83' lang='grc' dir='ltr'>τῆς</span> <span class='ocrx_word' id='word_1_539' title='bbox 3479 3664 3666 3719; x_wconf 71' lang='grc' dir='ltr'>ἄνωθεν</span> <span class='ocrx_word' id='word_1_540' title='bbox 3687 3663 3765 3716; x_wconf 74' lang='grc' dir='ltr'><strong>ἀπὸ</strong></span> 
     </span>
    </p>
   </div>
   <div class='ocr_carea' id='block_1_71' title="bbox 527 3752 2090 3830">
    <p class='ocr_par' dir='ltr' id='par_1_71' title="bbox 527 3754 2090 3828">
     <span class='ocr_line' id='line_1_71' title="bbox 527 3754 2090 3828; baseline -0.004 -14"><span class='ocrx_word' id='word_1_541' title='bbox 527 3757 711 3828; x_wconf 90' lang='lat' dir='ltr'><strong>priora</strong></span> <span class='ocrx_word' id='word_1_542' title='bbox 744 3765 896 3823; x_wconf 89' lang='lat' dir='ltr'><strong>sunt,</strong></span> <span class='ocrx_word' id='word_1_543' title='bbox 935 3757 1183 3813; x_wconf 88' lang='lat' dir='ltr'><strong>stabilire</strong></span> <span class='ocrx_word' id='word_1_544' title='bbox 1227 3771 1292 3811; x_wconf 90' lang='lat' dir='ltr'><strong>ac</strong></span> <span class='ocrx_word' id='word_1_545' title='bbox 1337 3757 1554 3811; x_wconf 88' lang='lat' dir='ltr'><strong>munire</strong></span> <span class='ocrx_word' id='word_1_546' title='bbox 1600 3757 1860 3811; x_wconf 88' lang='lat' dir='ltr'><strong>instituit.</strong></span> <span class='ocrx_word' id='word_1_547' title='bbox 1895 3754 2090 3826; x_wconf 85' lang='lat' dir='ltr'><strong>Spirita</strong></span> 
     </span>
    </p>
   </div>
   <div class='ocr_carea' id='block_1_72' title="bbox 2201 3752 3764 3830">
    <p class='ocr_par' dir='ltr' id='par_1_72' title="bbox 2227 3752 3764 3830">
     <span class='ocr_line' id='line_1_72' title="bbox 2227 3752 3764 3830; baseline -0.004 -21"><span class='ocrx_word' id='word_1_548' title='bbox 2227 3755 2442 3826; x_wconf 85' lang='grc' dir='ltr'>Πατρὸς</span> <span class='ocrx_word' id='word_1_549' title='bbox 2471 3756 2710 3827; x_wconf 85' lang='grc' dir='ltr'>άνάρχου</span> <span class='ocrx_word' id='word_1_550' title='bbox 2751 3755 2964 3828; x_wconf 82' lang='grc' dir='ltr'>δωρεᾶς</span> <span class='ocrx_word' id='word_1_551' title='bbox 2994 3759 3129 3828; x_wconf 82' lang='grc' dir='ltr'>ἡμῖν</span> <span class='ocrx_word' id='word_1_552' title='bbox 3163 3756 3451 3830; x_wconf 80' lang='grc' dir='ltr'>ἐλθούσης,</span> <span class='ocrx_word' id='word_1_553' title='bbox 3487 3756 3620 3811; x_wconf 76' lang='grc' dir='ltr'>κατὰ</span> <span class='ocrx_word' id='word_1_554' title='bbox 3656 3752 3764 3806; x_wconf 71' lang='grc' dir='ltr'><strong>εὗδο-</strong></span> 
     </span>
    </p>
   </div>
   <div class='ocr_carea' id='block_1_73' title="bbox 527 3832 2090 3922">
    <p class='ocr_par' dir='ltr' id='par_1_73' title="bbox 527 3832 2090 3921">
     <span class='ocr_line' id='line_1_73' title="bbox 527 3832 2090 3921; baseline -0.002 -16"><span class='ocrx_word' id='word_1_555' title='bbox 527 3853 601 3905; x_wconf 90' lang='lat' dir='ltr'><strong>lia</strong></span> <span class='ocrx_word' id='word_1_556' title='bbox 632 3851 780 3908; x_wconf 89' lang='lat' dir='ltr'><strong>enim</strong></span> <span class='ocrx_word' id='word_1_557' title='bbox 822 3832 995 3907; x_wconf 66' lang='lat' dir='ltr'><strong>ferme</strong></span> <span class='ocrx_word' id='word_1_558' title='bbox 1049 3861 1210 3915; x_wconf 87' lang='lat' dir='ltr'><strong>sunt,</strong></span> <span class='ocrx_word' id='word_1_559' title='bbox 1247 3866 1370 3921; x_wconf 65' lang='lat' dir='ltr'><strong>quae</strong></span> <span class='ocrx_word' id='word_1_560' title='bbox 1401 3850 1493 3905; x_wconf 94' lang='lat' dir='ltr'><strong>ille</strong></span> <span class='ocrx_word' id='word_1_561' title='bbox 1539 3849 1818 3904; x_wconf 75' lang='lat' dir='ltr'><strong>memoria:</strong></span> <span class='ocrx_word' id='word_1_562' title='bbox 1849 3864 2090 3904; x_wconf 83' lang='lat' dir='ltr'><strong>commen</strong></span> 
     </span>
    </p>
   </div>
   <div class='ocr_carea' id='block_1_74' title="bbox 2200 3832 3763 3922">
    <p class='ocr_par' dir='ltr' id='par_1_74' title="bbox 2226 3843 3763 3922">
     <span class='ocr_line' id='line_1_74' title="bbox 2226 3843 3763 3922; baseline -0.003 -22"><span class='ocrx_word' id='word_1_563' title='bbox 2226 3847 2352 3901; x_wconf 86' lang='grc' dir='ltr'>κίαν</span> <span class='ocrx_word' id='word_1_564' title='bbox 2393 3848 2607 3918; x_wconf 85' lang='grc' dir='ltr'>Πατρὸς</span> <span class='ocrx_word' id='word_1_565' title='bbox 2640 3851 2698 3902; x_wconf 85' lang='grc' dir='ltr'>ὲν</span> <span class='ocrx_word' id='word_1_566' title='bbox 2725 3851 2791 3920; x_wconf 79' lang='grc' dir='ltr'>τῇ</span> <span class='ocrx_word' id='word_1_567' title='bbox 2820 3849 2953 3921; x_wconf 79' lang='grc' dir='ltr'>ἁγίᾳ</span> <span class='ocrx_word' id='word_1_568' title='bbox 2987 3849 3268 3922; x_wconf 81' lang='grc' dir='ltr'>Παρθένῳ,</span> <span class='ocrx_word' id='word_1_569' title='bbox 3304 3851 3365 3902; x_wconf 84' lang='grc' dir='ltr'>ὲν</span> <span class='ocrx_word' id='word_1_570' title='bbox 3406 3852 3585 3921; x_wconf 73' lang='grc' dir='ltr'>μήτρᾳ.</span> <span class='ocrx_word' id='word_1_571' title='bbox 3610 3843 3763 3916; x_wconf 81' lang='grc' dir='ltr'>παρθε-</span> 
     </span>
    </p>
   </div>
   <div class='ocr_carea' id='block_1_75' title="bbox 526 3934 2089 4014">
    <p class='ocr_par' dir='ltr' id='par_1_75' title="bbox 526 3939 2089 4014">
     <span class='ocr_line' id='line_1_75' title="bbox 526 3939 2089 4014; baseline -0.002 -16"><span class='ocrx_word' id='word_1_572' title='bbox 526 3943 712 4008; x_wconf 87' lang='lat' dir='ltr'><strong>davit,</strong></span> <span class='ocrx_word' id='word_1_573' title='bbox 760 3957 886 3998; x_wconf 89' lang='lat' dir='ltr'><strong>cum</strong></span> <span class='ocrx_word' id='word_1_574' title='bbox 939 3956 1061 4014; x_wconf 60' lang='lat' dir='ltr'><strong>quae</strong></span> <span class='ocrx_word' id='word_1_575' title='bbox 1095 3941 1163 3996; x_wconf 88' lang='lat' dir='ltr'><strong>ad</strong></span> <span class='ocrx_word' id='word_1_576' title='bbox 1210 3957 1412 4012; x_wconf 87' lang='lat' dir='ltr'><strong>corpus</strong></span> <span class='ocrx_word' id='word_1_577' title='bbox 1444 3941 1742 3995; x_wconf 89' lang='lat' dir='ltr'><strong>attinerent</strong></span> <span class='ocrx_word' id='word_1_578' title='bbox 1781 3939 1998 3994; x_wconf 87' lang='lat' dir='ltr'><strong>abunde</strong></span> <span class='ocrx_word' id='word_1_579' title='bbox 2031 3955 2089 3995; x_wconf 90' lang='lat' dir='ltr'><strong>es</strong></span> 
     </span>
    </p>
   </div>
   <div class='ocr_carea' id='block_1_76' title="bbox 2202 3934 3765 4014">
    <p class='ocr_par' dir='ltr' id='par_1_76' title="bbox 2225 3934 3765 4013">
     <span class='ocr_line' id='line_1_76' title="bbox 2225 3934 3765 4013; baseline -0.004 -19"><span class='ocrx_word' id='word_1_580' title='bbox 2225 3943 2351 4010; x_wconf 82' lang='grc' dir='ltr'>νικῇ</span> <span class='ocrx_word' id='word_1_581' title='bbox 2389 3941 2857 4013; x_wconf 82' lang='grc' dir='ltr'>οίκονομηθείσης.</span> <span class='ocrx_word' id='word_1_582' title='bbox 2893 3942 3002 3996; x_wconf 71' lang='grc' dir='ltr'><strong>Καὶ</strong></span> <span class='ocrx_word' id='word_1_583' title='bbox 3047 3943 3096 3995; x_wconf 83' lang='lat' dir='ltr'><strong>oi</strong></span> <span class='ocrx_word' id='word_1_584' title='bbox 3131 3941 3306 3996; x_wconf 79' lang='grc' dir='ltr'>λοιποὶ</span> <span class='ocrx_word' id='word_1_585' title='bbox 3341 3942 3421 4006; x_wconf 84' lang='grc' dir='ltr'>δὲ,</span> <span class='ocrx_word' id='word_1_586' title='bbox 3462 3942 3529 3995; x_wconf 81' lang='grc' dir='ltr'><strong>τά</strong></span> <span class='ocrx_word' id='word_1_587' title='bbox 3565 3943 3646 3994; x_wconf 74' lang='grc' dir='ltr'>ἶσα</span> <span class='ocrx_word' id='word_1_588' title='bbox 3674 3934 3765 3988; x_wconf 79' lang='grc' dir='ltr'>τού-</span> 
     </span>
    </p>
   </div>
   <div class='ocr_carea' id='block_1_77' title="bbox 527 4028 2090 4107">
    <p class='ocr_par' dir='ltr' id='par_1_77' title="bbox 527 4031 2090 4106">
     <span class='ocr_line' id='line_1_77' title="bbox 527 4031 2090 4106; baseline -0.004 -14"><span class='ocrx_word' id='word_1_589' title='bbox 527 4043 652 4092; x_wconf 88' lang='lat' dir='ltr'><strong>sent</strong></span> <span class='ocrx_word' id='word_1_590' title='bbox 716 4035 949 4090; x_wconf 91' lang='lat' dir='ltr'><strong>aliorum</strong></span> <span class='ocrx_word' id='word_1_591' title='bbox 1018 4035 1243 4106; x_wconf 85' lang='lat' dir='ltr'><strong>scriptis</strong></span> <span class='ocrx_word' id='word_1_592' title='bbox 1309 4035 1689 4090; x_wconf 91' lang='lat' dir='ltr'><strong>corroborata.</strong></span> <span class='ocrx_word' id='word_1_593' title='bbox 1752 4031 2090 4099; x_wconf 70' lang='lat' dir='ltr'><strong>Quamobrem</strong></span> 
     </span>
    </p>
   </div>
   <div class='ocr_carea' id='block_1_78' title="bbox 2200 4028 3763 4107">
    <p class='ocr_par' dir='ltr' id='par_1_78' title="bbox 2227 4028 3763 4107">
     <span class='ocr_line' id='line_1_78' title="bbox 2227 4028 3763 4107; baseline -0.005 -22"><span class='ocrx_word' id='word_1_594' title='bbox 2227 4049 2341 4096; x_wconf 85' lang='grc' dir='ltr'>τοις</span> <span class='ocrx_word' id='word_1_595' title='bbox 2373 4031 2682 4102; x_wconf 80' lang='grc' dir='ltr'>συμφώνως</span> <span class='ocrx_word' id='word_1_596' title='bbox 2707 4034 2975 4098; x_wconf 80' lang='grc' dir='ltr'>εἰπόντες.</span> <span class='ocrx_word' id='word_1_597' title='bbox 2997 4028 3072 4087; x_wconf 84' lang='grc' dir='ltr'>ὧν</span> <span class='ocrx_word' id='word_1_598' title='bbox 3096 4029 3355 4107; x_wconf 73' lang='grc' dir='ltr'>ἦν,χρεία</span> <span class='ocrx_word' id='word_1_599' title='bbox 3388 4032 3763 4105; x_wconf 78' lang='grc' dir='ltr'>ὲπεμελήσαντο.</span> 
     </span>
    </p>
   </div>
   <div class='ocr_carea' id='block_1_79' title="bbox 526 4124 2089 4201">
    <p class='ocr_par' dir='ltr' id='par_1_79' title="bbox 526 4126 2089 4201">
     <span class='ocr_line' id='line_1_79' title="bbox 526 4126 2089 4201; baseline -0.003 -17"><span class='ocrx_word' id='word_1_600' title='bbox 526 4129 829 4201; x_wconf 90' lang='lat' dir='ltr'><strong>spiritalem</strong></span> <span class='ocrx_word' id='word_1_601' title='bbox 863 4129 930 4184; x_wconf 91' lang='lat' dir='ltr'><strong>de</strong></span> <span class='ocrx_word' id='word_1_602' title='bbox 959 4127 1146 4184; x_wconf 91' lang='lat' dir='ltr'><strong>divino</strong></span> <span class='ocrx_word' id='word_1_603' title='bbox 1187 4129 1280 4183; x_wconf 91' lang='lat' dir='ltr'><strong>illo</strong></span> <span class='ocrx_word' id='word_1_604' title='bbox 1317 4127 1466 4182; x_wconf 90' lang='lat' dir='ltr'><strong>dono</strong></span> <span class='ocrx_word' id='word_1_605' title='bbox 1514 4126 1888 4181; x_wconf 87' lang='lat' dir='ltr'><strong>narrationem</strong></span> <span class='ocrx_word' id='word_1_606' title='bbox 1926 4141 2089 4195; x_wconf 80' lang='lat' dir='ltr'><strong>aggre</strong></span> 
     </span>
    </p>
   </div>
   <div class='ocr_carea' id='block_1_80' title="bbox 2202 4124 3765 4201">
    <p class='ocr_par' dir='ltr' id='par_1_80' title="bbox 2242 4124 3765 4198">
     <span class='ocr_line' id='line_1_80' title="bbox 2242 4124 3765 4198; baseline -0.005 -20"><span class='ocrx_word' id='word_1_607' title='bbox 2242 4125 2300 4178; x_wconf 81' lang='grc' dir='ltr'>Ὀ</span> <span class='ocrx_word' id='word_1_608' title='bbox 2324 4125 2380 4178; x_wconf 86' lang='grc' dir='ltr'>δὲ</span> <span class='ocrx_word' id='word_1_609' title='bbox 2429 4126 2680 4196; x_wconf 81' lang='grc' dir='ltr'>Ἰωάννης</span> <span class='ocrx_word' id='word_1_610' title='bbox 2717 4126 2812 4180; x_wconf 72' lang='grc' dir='ltr'>καὶ</span> <span class='ocrx_word' id='word_1_611' title='bbox 2845 4127 2944 4196; x_wconf 83' lang='grc' dir='ltr'>τὴν</span> <span class='ocrx_word' id='word_1_612' title='bbox 2996 4127 3254 4198; x_wconf 81' lang='grc' dir='ltr'>πρόθεσιν</span> <span class='ocrx_word' id='word_1_613' title='bbox 3276 4125 3412 4198; x_wconf 65' lang='grc'><strong>(43),</strong></span> <span class='ocrx_word' id='word_1_614' title='bbox 3445 4128 3530 4180; x_wconf 82' lang='grc' dir='ltr'>ἵνα</span> <span class='ocrx_word' id='word_1_615' title='bbox 3563 4124 3656 4179; x_wconf 73' lang='grc' dir='ltr'>ἀπὸ</span> <span class='ocrx_word' id='word_1_616' title='bbox 3679 4135 3765 4173; x_wconf 83' lang='grc' dir='ltr'>τεσ·</span> 
     </span>
    </p>
   </div>
   <div class='ocr_carea' id='block_1_81' title="bbox 525 4216 2088 4293">
    <p class='ocr_par' dir='ltr' id='par_1_81' title="bbox 525 4216 2088 4293">
     <span class='ocr_line' id='line_1_81' title="bbox 525 4216 2088 4293; baseline -0.003 -17"><span class='ocrx_word' id='word_1_617' title='bbox 525 4223 706 4287; x_wconf 89' lang='lat' dir='ltr'><strong>ditur,</strong></span> <span class='ocrx_word' id='word_1_618' title='bbox 747 4222 894 4293; x_wconf 88' lang='lat' dir='ltr'><strong>quod</strong></span> <span class='ocrx_word' id='word_1_619' title='bbox 939 4221 1096 4277; x_wconf 91' lang='lat' dir='ltr'><strong>initio</strong></span> <span class='ocrx_word' id='word_1_620' title='bbox 1125 4235 1324 4276; x_wconf 89' lang='lat' dir='ltr'><strong>carens</strong></span> <span class='ocrx_word' id='word_1_621' title='bbox 1375 4218 1526 4274; x_wconf 88' lang='lat' dir='ltr'><strong>omni</strong></span> <span class='ocrx_word' id='word_1_622' title='bbox 1583 4218 1652 4272; x_wconf 90' lang='lat' dir='ltr'><strong>ab</strong></span> <span class='ocrx_word' id='word_1_623' title='bbox 1690 4216 1900 4272; x_wconf 70' lang='lat' dir='ltr'><strong>cmlesti</strong></span> <span class='ocrx_word' id='word_1_624' title='bbox 1938 4217 1992 4271; x_wconf 94' lang='lat' dir='ltr'><strong>in</strong></span> <span class='ocrx_word' id='word_1_625' title='bbox 2023 4232 2088 4272; x_wconf 86' lang='lat' dir='ltr'><strong>no</strong></span> 
     </span>
    </p>
   </div>
   <div class='ocr_carea' id='block_1_82' title="bbox 2204 4216 3767 4293">
    <p class='ocr_par' dir='ltr' id='par_1_82' title="bbox 2227 4216 3767 4289">
     <span class='ocr_line' id='line_1_82' title="bbox 2227 4216 3767 4289; baseline 0 -20"><span class='ocrx_word' id='word_1_626' title='bbox 2227 4217 2410 4288; x_wconf 87' lang='grc' dir='ltr'>σάρων</span> <span class='ocrx_word' id='word_1_627' title='bbox 2441 4217 2845 4286; x_wconf 84' lang='grc' dir='ltr'>εὐαγγελιστών</span> <span class='ocrx_word' id='word_1_628' title='bbox 2869 4218 2967 4288; x_wconf 79' lang='grc' dir='ltr'>τὴν</span> <span class='ocrx_word' id='word_1_629' title='bbox 3010 4220 3192 4272; x_wconf 80' lang='grc' dir='ltr'>πᾶσαν</span> <span class='ocrx_word' id='word_1_630' title='bbox 3241 4221 3384 4272; x_wconf 84' lang='grc' dir='ltr'>κατά</span> <span class='ocrx_word' id='word_1_631' title='bbox 3411 4237 3472 4272; x_wconf 83' lang='grc' dir='ltr'>τε</span> <span class='ocrx_word' id='word_1_632' title='bbox 3508 4219 3601 4289; x_wconf 80' lang='grc' dir='ltr'>τὴν</span> <span class='ocrx_word' id='word_1_633' title='bbox 3633 4216 3767 4285; x_wconf 69' lang='grc' dir='ltr'>σάρκα</span> 
     </span>
    </p>
   </div>
   <div class='ocr_carea' id='block_1_83' title="bbox 525 4308 2088 4383">
    <p class='ocr_par' dir='ltr' id='par_1_83' title="bbox 525 4308 2088 4381">
     <span class='ocr_line' id='line_1_83' title="bbox 525 4308 2088 4381; baseline -0.003 -15"><span class='ocrx_word' id='word_1_634' title='bbox 525 4312 689 4369; x_wconf 89' lang='lat' dir='ltr'><strong>Patre</strong></span> <span class='ocrx_word' id='word_1_635' title='bbox 746 4311 1089 4371; x_wconf 86' lang='lat' dir='ltr'><strong>transfnsnm</strong></span> <span class='ocrx_word' id='word_1_636' title='bbox 1128 4319 1255 4377; x_wconf 89' lang='lat' dir='ltr'><strong>est,</strong></span> <span class='ocrx_word' id='word_1_637' title='bbox 1313 4312 1472 4368; x_wconf 90' lang='lat' dir='ltr'><strong>etde</strong></span> <span class='ocrx_word' id='word_1_638' title='bbox 1535 4308 1702 4381; x_wconf 88' lang='lat' dir='ltr'><strong>hujus</strong></span> <span class='ocrx_word' id='word_1_639' title='bbox 1767 4309 2004 4364; x_wconf 89' lang='lat' dir='ltr'><strong>consilio</strong></span> <span class='ocrx_word' id='word_1_640' title='bbox 2060 4323 2088 4361; x_wconf 90' lang='lat' dir='ltr'><strong>a</strong></span> 
     </span>
    </p>
   </div>
   <div class='ocr_carea' id='block_1_84' title="bbox 2046 4308 3609 4383">
    <p class='ocr_par' dir='ltr' id='par_1_84' title="bbox 2060 4309 3609 4383">
     <span class='ocr_line' id='line_1_84' title="bbox 2060 4309 3609 4383; baseline 0.003 -22"><span class='ocrx_word' id='word_1_641' title='bbox 2060 4323 2126 4362; x_wconf 88' lang='lat' dir='ltr'><strong>ac</strong></span> <span class='ocrx_word' id='word_1_642' title='bbox 2224 4309 2483 4363; x_wconf 71' lang='grc' dir='ltr'>καὶκατὰ</span> <span class='ocrx_word' id='word_1_643' title='bbox 2505 4310 2604 4380; x_wconf 82' lang='grc' dir='ltr'>τὴν</span> <span class='ocrx_word' id='word_1_644' title='bbox 2640 4310 2873 4381; x_wconf 86' lang='grc' dir='ltr'>θεότητα</span> <span class='ocrx_word' id='word_1_645' title='bbox 2903 4310 3192 4380; x_wconf 75' lang='grc' dir='ltr'>ἀκρίϐειαν</span> <span class='ocrx_word' id='word_1_646' title='bbox 3228 4313 3609 4383; x_wconf 83' lang='grc' dir='ltr'>κατάσχωμεν.</span> 
     </span>
    </p>
   </div>
   <div class='ocr_carea' id='block_1_85' title="bbox 525 4399 3768 4478">
    <p class='ocr_par' dir='ltr' id='par_1_85' title="bbox 525 4399 3768 4478">
     <span class='ocr_line' id='line_1_85' title="bbox 525 4399 3768 4478; baseline -0.002 -16"><span class='ocrx_word' id='word_1_647' title='bbox 525 4409 805 4464; x_wconf 87' lang='lat' dir='ltr'><strong>voluntate</strong></span> <span class='ocrx_word' id='word_1_648' title='bbox 843 4410 896 4462; x_wconf 90' lang='lat' dir='ltr'><strong>in</strong></span> <span class='ocrx_word' id='word_1_649' title='bbox 936 4409 997 4463; x_wconf 87' lang='grc' dir='ltr'>Β.</span> <span class='ocrx_word' id='word_1_650' title='bbox 1059 4407 1339 4478; x_wconf 73' lang='lat' dir='ltr'><strong>Virginem</strong></span> <span class='ocrx_word' id='word_1_651' title='bbox 1383 4409 1638 4478; x_wconf 90' lang='lat' dir='ltr'><strong>illapsnm</strong></span> <span class='ocrx_word' id='word_1_652' title='bbox 1672 4447 1687 4471; x_wconf 94' lang='lat'><strong>,</strong></span> <span class='ocrx_word' id='word_1_653' title='bbox 1721 4413 1886 4476; x_wconf 84' lang='lat' dir='ltr'><strong>atque</strong></span> <span class='ocrx_word' id='word_1_654' title='bbox 1927 4405 1980 4458; x_wconf 92' lang='lat' dir='ltr'><strong>in</strong></span> <span class='ocrx_word' id='word_1_655' title='bbox 2045 4405 2292 4476; x_wconf 80' lang='lat' dir='ltr'><strong>virgineo</strong></span> <span class='ocrx_word' id='word_1_656' title='bbox 2361 4405 2482 4475; x_wconf 86' lang='lat' dir='ltr'><strong>ejus</strong></span> <span class='ocrx_word' id='word_1_657' title='bbox 2524 4407 2734 4477; x_wconf 75' lang='lat' dir='ltr'><strong>gremio</strong></span> <span class='ocrx_word' id='word_1_658' title='bbox 2789 4421 2914 4461; x_wconf 89' lang='lat' dir='ltr'><strong>cum</strong></span> <span class='ocrx_word' id='word_1_659' title='bbox 2969 4423 3136 4462; x_wconf 87' lang='lat' dir='ltr'><strong>carne</strong></span> <span class='ocrx_word' id='word_1_660' title='bbox 3185 4407 3565 4478; x_wconf 89' lang='lat' dir='ltr'><strong>conjunctnm.</strong></span> <span class='ocrx_word' id='word_1_661' title='bbox 3618 4399 3768 4459; x_wconf 77' lang='lat' dir='ltr'><strong>Czrlcri</strong></span> 
     </span>
    </p>
   </div>
   <div class='ocr_carea' id='block_1_86' title="bbox 529 4501 3770 4575">
    <p class='ocr_par' dir='ltr' id='par_1_86' title="bbox 529 4501 3770 4575">
     <span class='ocr_line' id='line_1_86' title="bbox 529 4501 3770 4575; baseline -0.001 -20"><span class='ocrx_word' id='word_1_662' title='bbox 529 4519 693 4572; x_wconf 88' lang='lat' dir='ltr'><strong>porro</strong></span> <span class='ocrx_word' id='word_1_663' title='bbox 728 4505 800 4558; x_wconf 92' lang='lat' dir='ltr'><strong>ita</strong></span> <span class='ocrx_word' id='word_1_664' title='bbox 834 4503 1028 4557; x_wconf 85' lang='lat' dir='ltr'><strong>iisdem</strong></span> <span class='ocrx_word' id='word_1_665' title='bbox 1063 4504 1172 4558; x_wconf 90' lang='lat' dir='ltr'><strong>illis</strong></span> <span class='ocrx_word' id='word_1_666' title='bbox 1211 4511 1585 4558; x_wconf 81' lang='lat' dir='ltr'><strong>consentanea</strong></span> <span class='ocrx_word' id='word_1_667' title='bbox 1618 4501 1912 4566; x_wconf 83' lang='lat' dir='ltr'><strong>dixerunt,</strong></span> <span class='ocrx_word' id='word_1_668' title='bbox 1965 4510 2024 4555; x_wconf 92' lang='lat' dir='ltr'><strong>ut</strong></span> <span class='ocrx_word' id='word_1_669' title='bbox 2088 4501 2162 4564; x_wconf 85' lang='lat' dir='ltr'><strong>id,</strong></span> <span class='ocrx_word' id='word_1_670' title='bbox 2223 4503 2368 4571; x_wconf 83' lang='lat' dir='ltr'><strong>quod</strong></span> <span class='ocrx_word' id='word_1_671' title='bbox 2424 4510 2544 4556; x_wconf 81' lang='lat' dir='ltr'><strong>erat</strong></span> <span class='ocrx_word' id='word_1_672' title='bbox 2578 4518 2834 4566; x_wconf 86' lang='lat' dir='ltr'><strong>necesse,</strong></span> <span class='ocrx_word' id='word_1_673' title='bbox 2877 4504 3226 4573; x_wconf 86' lang='lat' dir='ltr'><strong>potissimum</strong></span> <span class='ocrx_word' id='word_1_674' title='bbox 3275 4512 3605 4575; x_wconf 87' lang='lat' dir='ltr'><strong>spectarent.</strong></span> <span class='ocrx_word' id='word_1_675' title='bbox 3644 4501 3770 4554; x_wconf 84' lang='lat' dir='ltr'><strong>Joan-</strong></span> 
     </span>
    </p>
   </div>
   <div class='ocr_carea' id='block_1_87' title="bbox 529 4591 3770 4669">
    <p class='ocr_par' dir='ltr' id='par_1_87' title="bbox 529 4591 3770 4669">
     <span class='ocr_line' id='line_1_87' title="bbox 529 4591 3770 4669; baseline 0 -17"><span class='ocrx_word' id='word_1_676' title='bbox 529 4616 626 4654; x_wconf 88' lang='lat' dir='ltr'><strong>nes</strong></span> <span class='ocrx_word' id='word_1_677' title='bbox 658 4615 788 4653; x_wconf 89' lang='lat' dir='ltr'><strong>vero</strong></span> <span class='ocrx_word' id='word_1_678' title='bbox 820 4601 972 4668; x_wconf 90' lang='lat' dir='ltr'><strong>ejus,</strong></span> <span class='ocrx_word' id='word_1_679' title='bbox 1025 4600 1168 4669; x_wconf 86' lang='lat' dir='ltr'><strong>quod</strong></span> <span class='ocrx_word' id='word_1_680' title='bbox 1229 4600 1334 4654; x_wconf 89' lang='lat' dir='ltr'><strong>sibi</strong></span> <span class='ocrx_word' id='word_1_681' title='bbox 1393 4605 1791 4669; x_wconf 88' lang='lat' dir='ltr'><strong>proposuerat,</strong></span> <span class='ocrx_word' id='word_1_682' title='bbox 1849 4599 2118 4654; x_wconf 87' lang='lat' dir='ltr'><strong>rationem</strong></span> <span class='ocrx_word' id='word_1_683' title='bbox 2150 4597 2361 4652; x_wconf 87' lang='lat' dir='ltr'><strong>habuit.</strong></span> <span class='ocrx_word' id='word_1_684' title='bbox 2405 4596 2482 4650; x_wconf 88' lang='lat' dir='ltr'><strong>Ita</strong></span> <span class='ocrx_word' id='word_1_685' title='bbox 2542 4597 2600 4651; x_wconf 85' lang='lat' dir='ltr'><strong>fit</strong></span> <span class='ocrx_word' id='word_1_686' title='bbox 2661 4606 2720 4652; x_wconf 92' lang='lat' dir='ltr'><strong>ut</strong></span> <span class='ocrx_word' id='word_1_687' title='bbox 2750 4613 2818 4653; x_wconf 77' lang='lat' dir='ltr'><strong>ex</strong></span> <span class='ocrx_word' id='word_1_688' title='bbox 2853 4614 2905 4653; x_wconf 86' lang='lat' dir='ltr'><strong>Iv</strong></span> <span class='ocrx_word' id='word_1_689' title='bbox 2966 4597 3274 4668; x_wconf 81' lang='lat' dir='ltr'><strong>Evangeliis</strong></span> <span class='ocrx_word' id='word_1_690' title='bbox 3333 4614 3528 4654; x_wconf 86' lang='lat' dir='ltr'><strong>eorum</strong></span> <span class='ocrx_word' id='word_1_691' title='bbox 3575 4612 3680 4667; x_wconf 69' lang='lat' dir='ltr'><strong>qua?</strong></span> <span class='ocrx_word' id='word_1_692' title='bbox 3725 4591 3770 4645; x_wconf 72' lang='grc' dir='ltr'>ἐιιΙ</span> 
     </span>
    </p>
   </div>
   <div class='ocr_carea' id='block_1_88' title="bbox 526 4688 3366 4757">
    <p class='ocr_par' dir='ltr' id='par_1_88' title="bbox 526 4688 3366 4757">
     <span class='ocr_line' id='line_1_88' title="bbox 526 4688 3366 4757; baseline -0.001 -12"><span class='ocrx_word' id='word_1_693' title='bbox 526 4692 732 4745; x_wconf 87' lang='lat' dir='ltr'><strong>Christi</strong></span> <span class='ocrx_word' id='word_1_694' title='bbox 767 4706 991 4744; x_wconf 88' lang='lat' dir='ltr'><strong>carnem</strong></span> <span class='ocrx_word' id='word_1_695' title='bbox 1036 4699 1090 4744; x_wconf 87' lang='lat' dir='ltr'><strong>et</strong></span> <span class='ocrx_word' id='word_1_696' title='bbox 1146 4691 1211 4744; x_wconf 88' lang='lat' dir='ltr'><strong>ad</strong></span> <span class='ocrx_word' id='word_1_697' title='bbox 1253 4692 1597 4746; x_wconf 86' lang='lat' dir='ltr'><strong>divinitatem</strong></span> <span class='ocrx_word' id='word_1_698' title='bbox 1645 4689 1921 4757; x_wconf 89' lang='lat' dir='ltr'><strong>attinent,</strong></span> <span class='ocrx_word' id='word_1_699' title='bbox 1964 4697 2224 4745; x_wconf 91' lang='lat' dir='ltr'><strong>accurata</strong></span> <span class='ocrx_word' id='word_1_700' title='bbox 2255 4688 2416 4744; x_wconf 89' lang='lat' dir='ltr'><strong>nobis</strong></span> <span class='ocrx_word' id='word_1_701' title='bbox 2449 4689 2656 4745; x_wconf 88' lang='lat' dir='ltr'><strong>veritas</strong></span> <span class='ocrx_word' id='word_1_702' title='bbox 2688 4706 2753 4744; x_wconf 90' lang='lat' dir='ltr'><strong>ac</strong></span> <span class='ocrx_word' id='word_1_703' title='bbox 2779 4690 3089 4745; x_wconf 89' lang='lat' dir='ltr'><strong>certissima</strong></span> <span class='ocrx_word' id='word_1_704' title='bbox 3123 4695 3366 4744; x_wconf 87' lang='lat' dir='ltr'><strong>constet.</strong></span> 
     </span>
    </p>
   </div>
   <div class='ocr_carea' id='block_1_89' title="bbox 596 4771 2159 4853">
    <p class='ocr_par' dir='ltr' id='par_1_89' title="bbox 596 4779 2159 4853">
     <span class='ocr_line' id='line_1_89' title="bbox 596 4779 2159 4853; baseline 0.003 -19"><span class='ocrx_word' id='word_1_705' title='bbox 596 4779 714 4835; x_wconf 80' lang='lat' dir='ltr'><strong>XX.</strong></span> <span class='ocrx_word' id='word_1_706' title='bbox 757 4781 970 4836; x_wconf 86' lang='lat' dir='ltr'><strong>Etenim</strong></span> <span class='ocrx_word' id='word_1_707' title='bbox 1031 4791 1146 4838; x_wconf 92' lang='lat' dir='ltr'><strong>toto</strong></span> <span class='ocrx_word' id='word_1_708' title='bbox 1211 4782 1303 4837; x_wconf 88' lang='lat' dir='ltr'><strong>illo</strong></span> <span class='ocrx_word' id='word_1_709' title='bbox 1366 4781 1623 4853; x_wconf 89' lang='lat' dir='ltr'><strong>baptismi</strong></span> <span class='ocrx_word' id='word_1_710' title='bbox 1685 4781 2159 4852; x_wconf 75' lang='lat' dir='ltr'><strong>tentationisquel</strong></span> 
     </span>
    </p>
   </div>
   <div class='ocr_carea' id='block_1_90' title="bbox 2209 4771 3772 4853">
    <p class='ocr_par' dir='ltr' id='par_1_90' title="bbox 2296 4771 3772 4852">
     <span class='ocr_line' id='line_1_90' title="bbox 2296 4771 3772 4852; baseline -0.005 -18"><span class='ocrx_word' id='word_1_711' title='bbox 2296 4778 2382 4834; x_wconf 84' lang='lat' dir='ltr'><strong>K&#39;.</strong></span> <span class='ocrx_word' id='word_1_712' title='bbox 2425 4779 2837 4834; x_wconf 81' lang='grc' dir='ltr'>Τελειωθέντων</span> <span class='ocrx_word' id='word_1_713' title='bbox 2881 4780 2990 4852; x_wconf 83' lang='grc' dir='ltr'><strong>γὰρ</strong></span> <span class='ocrx_word' id='word_1_714' title='bbox 3031 4779 3139 4833; x_wconf 87' lang='grc' dir='ltr'><strong>τῶν</strong></span> <span class='ocrx_word' id='word_1_715' title='bbox 3178 4782 3397 4834; x_wconf 82' lang='grc' dir='ltr'>πάντων</span> <span class='ocrx_word' id='word_1_716' title='bbox 3430 4779 3540 4835; x_wconf 86' lang='grc' dir='ltr'><strong>τῶν</strong></span> <span class='ocrx_word' id='word_1_717' title='bbox 3572 4774 3697 4832; x_wconf 73' lang='grc' dir='ltr'>κατὰ</span> <span class='ocrx_word' id='word_1_718' title='bbox 3730 4771 3772 4824; x_wconf 73' lang='grc' dir='ltr'><strong>τὺ</strong></span> 
     </span>
    </p>
   </div>
   <div class='ocr_carea' id='block_1_91' title="bbox 527 4867 2090 4950">
    <p class='ocr_par' dir='ltr' id='par_1_91' title="bbox 527 4875 2090 4950">
     <span class='ocr_line' id='line_1_91' title="bbox 527 4875 2090 4950; baseline 0.003 -22"><span class='ocrx_word' id='word_1_719' title='bbox 527 4875 747 4944; x_wconf 78' lang='lat' dir='ltr'><strong>negotio</strong></span> <span class='ocrx_word' id='word_1_720' title='bbox 782 4875 1108 4946; x_wconf 82' lang='lat' dir='ltr'><strong>perfunctus</strong></span> <span class='ocrx_word' id='word_1_721' title='bbox 1139 4878 1316 4939; x_wconf 85' lang='lat' dir='ltr'><strong>venit,</strong></span> <span class='ocrx_word' id='word_1_722' title='bbox 1357 4893 1421 4932; x_wconf 89' lang='lat' dir='ltr'><strong>ac</strong></span> <span class='ocrx_word' id='word_1_723' title='bbox 1465 4878 1756 4950; x_wconf 87' lang='lat' dir='ltr'><strong>discipulis</strong></span> <span class='ocrx_word' id='word_1_724' title='bbox 1813 4877 2090 4949; x_wconf 89' lang='lat' dir='ltr'><strong>adjunctis</strong></span> 
     </span>
    </p>
   </div>
   <div class='ocr_carea' id='block_1_92' title="bbox 2208 4867 3771 4950">
    <p class='ocr_par' dir='ltr' id='par_1_92' title="bbox 2229 4867 3771 4945">
     <span class='ocr_line' id='line_1_92' title="bbox 2229 4867 3771 4945; baseline -0.002 -17"><span class='ocrx_word' id='word_1_725' title='bbox 2229 4875 2514 4945; x_wconf 74' lang='grc' dir='ltr'>βάπτισμα</span> <span class='ocrx_word' id='word_1_726' title='bbox 2575 4876 2671 4928; x_wconf 76' lang='grc' dir='ltr'>καὶ</span> <span class='ocrx_word' id='word_1_727' title='bbox 2716 4874 2856 4928; x_wconf 86' lang='grc' dir='ltr'>κατὰ</span> <span class='ocrx_word' id='word_1_728' title='bbox 2908 4875 2999 4927; x_wconf 77' lang='grc' dir='ltr'>τὸν</span> <span class='ocrx_word' id='word_1_729' title='bbox 3044 4873 3348 4945; x_wconf 83' lang='grc' dir='ltr'>πειρασμὸν</span> <span class='ocrx_word' id='word_1_730' title='bbox 3402 4873 3599 4935; x_wconf 81' lang='grc' dir='ltr'>αὑτοῦ,</span> <span class='ocrx_word' id='word_1_731' title='bbox 3648 4867 3771 4925; x_wconf 71' lang='grc' dir='ltr'><strong>εὐθὺς</strong></span> 
     </span>
    </p>
   </div>
   <div class='ocr_carea' id='block_1_93' title="bbox 528 4953 2091 5038">
    <p class='ocr_par' dir='ltr' id='par_1_93' title="bbox 528 4965 2091 5036">
     <span class='ocr_line' id='line_1_93' title="bbox 528 4965 2091 5036; baseline 0.004 -18"><span class='ocrx_word' id='word_1_732' title='bbox 528 4967 762 5036; x_wconf 89' lang='lat' dir='ltr'><strong>primum</strong></span> <span class='ocrx_word' id='word_1_733' title='bbox 815 4965 950 5021; x_wconf 89' lang='lat' dir='ltr'><strong>illud</strong></span> <span class='ocrx_word' id='word_1_734' title='bbox 1007 4968 1055 5020; x_wconf 94' lang='lat' dir='ltr'><strong>in</strong></span> <span class='ocrx_word' id='word_1_735' title='bbox 1103 4967 1253 5020; x_wconf 85' lang='lat' dir='ltr'><strong>Cana</strong></span> <span class='ocrx_word' id='word_1_736' title='bbox 1296 4967 1531 5024; x_wconf 68' lang='lat' dir='ltr'><strong>Galilzeze</strong></span> <span class='ocrx_word' id='word_1_737' title='bbox 1582 4970 1912 5024; x_wconf 90' lang='lat' dir='ltr'><strong>miraculum</strong></span> <span class='ocrx_word' id='word_1_738' title='bbox 1972 4971 2091 5024; x_wconf 83' lang='lat' dir='ltr'><strong>fecit</strong></span> 
     </span>
    </p>
   </div>
   <div class='ocr_carea' id='block_1_94' title="bbox 2209 4953 3772 5038">
    <p class='ocr_par' dir='ltr' id='par_1_94' title="bbox 2230 4953 3772 5038">
     <span class='ocr_line' id='line_1_94' title="bbox 2230 4953 3772 5038; baseline -0.004 -20"><span class='ocrx_word' id='word_1_739' title='bbox 2230 4968 2476 5030; x_wconf 82' lang='grc' dir='ltr'>ἐλθόντος</span> <span class='ocrx_word' id='word_1_740' title='bbox 2513 4967 2607 5020; x_wconf 74' lang='grc' dir='ltr'>καὶ</span> <span class='ocrx_word' id='word_1_741' title='bbox 2651 4953 3163 5038; x_wconf 68' lang='grc' dir='ltr'>συμπαρειληφότος</span> <span class='ocrx_word' id='word_1_742' title='bbox 3200 4968 3324 5030; x_wconf 78' lang='grc' dir='ltr'>τοὺς</span> <span class='ocrx_word' id='word_1_743' title='bbox 3361 4964 3625 5037; x_wconf 76' lang='grc' dir='ltr'>μαθητὰς,</span> <span class='ocrx_word' id='word_1_744' title='bbox 3652 4957 3772 5013; x_wconf 68' lang='grc' dir='ltr'>τοῦτο</span> 
     </span>
    </p>
   </div>
   <div class='ocr_carea' id='block_1_95' title="bbox 526 5047 2089 5136">
    <p class='ocr_par' dir='ltr' id='par_1_95' title="bbox 526 5060 2088 5136">
     <span class='ocr_line' id='line_1_95' title="bbox 526 5060 2088 5136; baseline 0.005 -25"><span class='ocrx_word' id='word_1_745' title='bbox 526 5060 686 5114; x_wconf 90' lang='lat' dir='ltr'><strong>tertia</strong></span> <span class='ocrx_word' id='word_1_746' title='bbox 721 5076 884 5131; x_wconf 89' lang='lat' dir='ltr'><strong>quam</strong></span> <span class='ocrx_word' id='word_1_747' title='bbox 918 5061 1219 5131; x_wconf 67' lang='lat' dir='ltr'><strong>praedicare</strong></span> <span class='ocrx_word' id='word_1_748' title='bbox 1247 5071 1490 5132; x_wconf 59' lang='lat' dir='ltr'><strong>coeperat</strong></span> <span class='ocrx_word' id='word_1_749' title='bbox 1521 5063 1628 5136; x_wconf 83' lang='lat' dir='ltr'><strong>die.</strong></span> <span class='ocrx_word' id='word_1_750' title='bbox 1671 5062 1790 5118; x_wconf 88' lang='lat' dir='ltr'><strong>Non</strong></span> <span class='ocrx_word' id='word_1_751' title='bbox 1818 5065 1964 5120; x_wconf 87' lang='lat' dir='ltr'><strong>enim</strong></span> <span class='ocrx_word' id='word_1_752' title='bbox 1996 5075 2088 5119; x_wconf 88' lang='lat' dir='ltr'><strong>ant</strong></span> 
     </span>
    </p>
   </div>
   <div class='ocr_carea' id='block_1_96' title="bbox 2209 5047 3772 5136">
    <p class='ocr_par' dir='ltr' id='par_1_96' title="bbox 2233 5047 3772 5131">
     <span class='ocr_line' id='line_1_96' title="bbox 2233 5047 3772 5131; baseline -0.018 -19"><span class='ocrx_word' id='word_1_753' title='bbox 2233 5061 2447 5131; x_wconf 82' lang='grc' dir='ltr'>πρῶτον</span> <span class='ocrx_word' id='word_1_754' title='bbox 2479 5062 2704 5130; x_wconf 84' lang='grc' dir='ltr'>σημεῖον</span> <span class='ocrx_word' id='word_1_755' title='bbox 2737 5059 3003 5130; x_wconf 83' lang='grc' dir='ltr'>πεποίηκε</span> <span class='ocrx_word' id='word_1_756' title='bbox 3034 5062 3101 5129; x_wconf 80' lang='grc' dir='ltr'>τῇ</span> <span class='ocrx_word' id='word_1_757' title='bbox 3129 5059 3288 5131; x_wconf 77' lang='grc' dir='ltr'>τρίτῃ</span> <span class='ocrx_word' id='word_1_758' title='bbox 3315 5059 3503 5129; x_wconf 53' lang='grc' dir='ltr'>ἡμέρᾳ</span> <span class='ocrx_word' id='word_1_759' title='bbox 3528 5055 3616 5108; x_wconf 66' lang='grc' dir='ltr'><strong>τοῦ</strong></span> <span class='ocrx_word' id='word_1_760' title='bbox 3641 5047 3772 5120; x_wconf 49' lang='lat' dir='ltr'><strong>ﬂung.</strong></span> 
     </span>
    </p>
   </div>
   <div class='ocr_carea' id='block_1_97' title="bbox 528 5138 2091 5224">
    <p class='ocr_par' dir='ltr' id='par_1_97' title="bbox 528 5151 2078 5223">
     <span class='ocr_line' id='line_1_97' title="bbox 528 5151 2078 5223; baseline 0.003 -19"><span class='ocrx_word' id='word_1_761' title='bbox 528 5151 886 5206; x_wconf 85' lang='lat' dir='ltr'><strong>tentationem</strong></span> <span class='ocrx_word' id='word_1_762' title='bbox 923 5152 1176 5207; x_wconf 88' lang='lat' dir='ltr'><strong>Christus</strong></span> <span class='ocrx_word' id='word_1_763' title='bbox 1236 5153 1443 5223; x_wconf 90' lang='lat' dir='ltr'><strong>nuptiis</strong></span> <span class='ocrx_word' id='word_1_764' title='bbox 1507 5154 1824 5210; x_wconf 82' lang='lat' dir='ltr'><strong>interfuisse</strong></span> <span class='ocrx_word' id='word_1_765' title='bbox 1873 5155 2078 5210; x_wconf 87' lang='lat' dir='ltr'><strong>dicitur</strong></span> 
     </span>
    </p>
   </div>
   <div class='ocr_carea' id='block_1_98' title="bbox 2209 5138 3772 5224">
    <p class='ocr_par' dir='ltr' id='par_1_98' title="bbox 2231 5138 3772 5224">
     <span class='ocr_line' id='line_1_98' title="bbox 2231 5138 3772 5224; baseline -0.02 -3"><span class='ocrx_word' id='word_1_766' title='bbox 2231 5171 2439 5224; x_wconf 81' lang='grc' dir='ltr'>γματος</span> <span class='ocrx_word' id='word_1_767' title='bbox 2471 5155 2526 5206; x_wconf 80' lang='grc' dir='ltr'>ἐν</span> <span class='ocrx_word' id='word_1_768' title='bbox 2571 5153 2724 5223; x_wconf 82' lang='grc' dir='ltr'>Κανᾷ</span> <span class='ocrx_word' id='word_1_769' title='bbox 2769 5152 2870 5222; x_wconf 81' lang='grc' dir='ltr'>τῆς</span> <span class='ocrx_word' id='word_1_770' title='bbox 2917 5149 3224 5214; x_wconf 84' lang='grc' dir='ltr'>Γαλιλαίας.</span> <span class='ocrx_word' id='word_1_771' title='bbox 3263 5151 3396 5204; x_wconf 79' lang='grc' dir='ltr'>Οῦτε</span> <span class='ocrx_word' id='word_1_772' title='bbox 3431 5149 3538 5219; x_wconf 72' lang='grc' dir='ltr'><strong>γάρ</strong></span> <span class='ocrx_word' id='word_1_773' title='bbox 3581 5145 3673 5217; x_wconf 70' lang='grc' dir='ltr'><strong>πρὸ</strong></span> <span class='ocrx_word' id='word_1_774' title='bbox 3705 5138 3772 5195; x_wconf 67' lang='grc' dir='ltr'><strong>τοῦ</strong></span> 
     </span>
    </p>
   </div>
   <div class='ocr_carea' id='block_1_99' title="bbox 530 5235 2093 5317">
    <p class='ocr_par' dir='ltr' id='par_1_99' title="bbox 530 5243 2092 5315">
     <span class='ocr_line' id='line_1_99' title="bbox 530 5243 2092 5315; baseline 0.006 -24"><span class='ocrx_word' id='word_1_775' title='bbox 530 5257 629 5296; x_wconf 89' lang='lat' dir='ltr'><strong>nec</strong></span> <span class='ocrx_word' id='word_1_776' title='bbox 681 5243 850 5298; x_wconf 92' lang='lat' dir='ltr'><strong>ullum</strong></span> <span class='ocrx_word' id='word_1_777' title='bbox 901 5245 1128 5298; x_wconf 86' lang='lat' dir='ltr'><strong>omnino</strong></span> <span class='ocrx_word' id='word_1_778' title='bbox 1188 5245 1494 5315; x_wconf 81' lang='lat' dir='ltr'><strong>prodigium</strong></span> <span class='ocrx_word' id='word_1_779' title='bbox 1547 5255 1674 5300; x_wconf 86' lang='lat' dir='ltr'><strong>ante</strong></span> <span class='ocrx_word' id='word_1_780' title='bbox 1725 5246 1857 5301; x_wconf 90' lang='lat' dir='ltr'><strong>illud</strong></span> <span class='ocrx_word' id='word_1_781' title='bbox 1910 5253 2092 5313; x_wconf 77' lang='lat' dir='ltr'><strong>tetnpu</strong></span> 
     </span>
    </p>
   </div>
   <div class='ocr_carea' id='block_1_100' title="bbox 2207 5235 3770 5317">
    <p class='ocr_par' dir='ltr' id='par_1_100' title="bbox 2233 5239 3770 5317">
     <span class='ocr_line' id='line_1_100' title="bbox 2233 5239 3770 5317; baseline -0.008 -19"><span class='ocrx_word' id='word_1_782' title='bbox 2233 5244 2541 5317; x_wconf 76' lang='grc' dir='ltr'>πειρασμοῦ</span> <span class='ocrx_word' id='word_1_783' title='bbox 2607 5248 2664 5296; x_wconf 80' lang='grc' dir='ltr'>ἐν</span> <span class='ocrx_word' id='word_1_784' title='bbox 2711 5247 2876 5316; x_wconf 82' lang='grc' dir='ltr'>γάμῳ</span> <span class='ocrx_word' id='word_1_785' title='bbox 2919 5246 3116 5314; x_wconf 73' lang='grc' dir='ltr'>φάσκει</span> <span class='ocrx_word' id='word_1_786' title='bbox 3179 5245 3269 5296; x_wconf 83' lang='grc' dir='ltr'>τὸν</span> <span class='ocrx_word' id='word_1_787' title='bbox 3309 5243 3541 5314; x_wconf 83' lang='grc' dir='ltr'>Χριστὸν</span> <span class='ocrx_word' id='word_1_788' title='bbox 3590 5239 3770 5309; x_wconf 70' lang='grc' dir='ltr'>ἡκὲναι·</span> 
     </span>
    </p>
   </div>
   <div class='ocr_carea' id='block_1_101' title="bbox 529 5331 2092 5410">
    <p class='ocr_par' dir='ltr' id='par_1_101' title="bbox 529 5334 2088 5408">
     <span class='ocr_line' id='line_1_101' title="bbox 529 5334 2088 5408; baseline 0.004 -25"><span class='ocrx_word' id='word_1_789' title='bbox 529 5334 720 5399; x_wconf 86' lang='lat' dir='ltr'><strong>edidit,</strong></span> <span class='ocrx_word' id='word_1_790' title='bbox 755 5338 857 5391; x_wconf 91' lang='lat' dir='ltr'><strong>nisi</strong></span> <span class='ocrx_word' id='word_1_791' title='bbox 899 5336 942 5390; x_wconf 89' lang='lat' dir='ltr'><strong>si</strong></span> <span class='ocrx_word' id='word_1_792' title='bbox 976 5352 1098 5407; x_wconf 66' lang='lat' dir='ltr'><strong>qua:</strong></span> <span class='ocrx_word' id='word_1_793' title='bbox 1143 5336 1330 5392; x_wconf 88' lang='lat' dir='ltr'><strong>forsan</strong></span> <span class='ocrx_word' id='word_1_794' title='bbox 1370 5337 1578 5391; x_wconf 73' lang='lat' dir='ltr'><strong>ludicra</strong></span> <span class='ocrx_word' id='word_1_795' title='bbox 1617 5338 1812 5393; x_wconf 85' lang='lat' dir='ltr'><strong>fecisse</strong></span> <span class='ocrx_word' id='word_1_796' title='bbox 1849 5340 1902 5392; x_wconf 90' lang='lat' dir='ltr'><strong>in</strong></span> <span class='ocrx_word' id='word_1_797' title='bbox 1934 5339 2088 5408; x_wconf 90' lang='lat' dir='ltr'><strong>pueri</strong></span> 
     </span>
    </p>
   </div>
   <div class='ocr_carea' id='block_1_102' title="bbox 2208 5331 3771 5410">
    <p class='ocr_par' dir='ltr' id='par_1_102' title="bbox 2231 5331 3771 5410">
     <span class='ocr_line' id='line_1_102' title="bbox 2231 5331 3771 5410; baseline -0.005 -20"><span class='ocrx_word' id='word_1_798' title='bbox 2231 5339 2292 5390; x_wconf 78' lang='grc' dir='ltr'>οὐ</span> <span class='ocrx_word' id='word_1_799' title='bbox 2321 5338 2431 5410; x_wconf 77' lang='grc' dir='ltr'><strong>γὰρ</strong></span> <span class='ocrx_word' id='word_1_800' title='bbox 2465 5338 2602 5400; x_wconf 81' lang='grc' dir='ltr'>ὅλως</span> <span class='ocrx_word' id='word_1_801' title='bbox 2632 5355 2684 5390; x_wconf 89' lang='grc' dir='ltr'><strong>τι</strong></span> <span class='ocrx_word' id='word_1_802' title='bbox 2709 5336 2818 5389; x_wconf 85' lang='grc' dir='ltr'>τῶν</span> <span class='ocrx_word' id='word_1_803' title='bbox 2849 5336 3186 5407; x_wconf 84' lang='grc' dir='ltr'>θεοσημείων</span> <span class='ocrx_word' id='word_1_804' title='bbox 3218 5337 3310 5390; x_wconf 77' lang='grc' dir='ltr'>καὶ</span> <span class='ocrx_word' id='word_1_805' title='bbox 3341 5334 3433 5390; x_wconf 89' lang='grc' dir='ltr'><strong>τοῦ</strong></span> <span class='ocrx_word' id='word_1_806' title='bbox 3466 5331 3771 5406; x_wconf 69' lang='grc' dir='ltr'>κηρύγματος</span> 
     </span>
    </p>
   </div>
   <div class='ocr_carea' id='block_1_103' title="bbox 530 5416 2093 5504">
    <p class='ocr_par' dir='ltr' id='par_1_103' title="bbox 530 5421 2093 5500">
     <span class='ocr_line' id='line_1_103' title="bbox 530 5421 2093 5500; baseline 0.005 -24"><span class='ocrx_word' id='word_1_807' title='bbox 530 5425 605 5479; x_wconf 87' lang='lat' dir='ltr'><strong>tia</strong></span> <span class='ocrx_word' id='word_1_808' title='bbox 643 5428 865 5492; x_wconf 89' lang='lat' dir='ltr'><strong>dicitur,</strong></span> <span class='ocrx_word' id='word_1_809' title='bbox 899 5431 1047 5498; x_wconf 86' lang='lat' dir='ltr'><strong>quod</strong></span> <span class='ocrx_word' id='word_1_810' title='bbox 1083 5445 1114 5483; x_wconf 89' lang='lat' dir='ltr'><strong>a</strong></span> <span class='ocrx_word' id='word_1_811' title='bbox 1145 5431 1428 5486; x_wconf 89' lang='lat' dir='ltr'><strong>nonnullis</strong></span> <span class='ocrx_word' id='word_1_812' title='bbox 1459 5431 1716 5484; x_wconf 85' lang='lat' dir='ltr'><strong>allirmari</strong></span> <span class='ocrx_word' id='word_1_813' title='bbox 1747 5421 1925 5486; x_wconf 77' lang='lat' dir='ltr'><strong>video.</strong></span> <span class='ocrx_word' id='word_1_814' title='bbox 1957 5433 2093 5500; x_wconf 86' lang='lat' dir='ltr'><strong>Atth</strong></span> 
     </span>
    </p>
   </div>
   <div class='ocr_carea' id='block_1_104' title="bbox 2210 5416 3773 5504">
    <p class='ocr_par' dir='ltr' id='par_1_104' title="bbox 2233 5416 3773 5504">
     <span class='ocr_line' id='line_1_104' title="bbox 2233 5416 3773 5504; baseline -0.006 -20"><span class='ocrx_word' id='word_1_815' title='bbox 2233 5431 2340 5503; x_wconf 80' lang='grc' dir='ltr'><strong>πρὸ</strong></span> <span class='ocrx_word' id='word_1_816' title='bbox 2372 5431 2466 5484; x_wconf 88' lang='grc' dir='ltr'><strong>τοῦ</strong></span> <span class='ocrx_word' id='word_1_817' title='bbox 2504 5429 2813 5502; x_wconf 81' lang='grc' dir='ltr'>πειρασμοῦ</span> <span class='ocrx_word' id='word_1_818' title='bbox 2840 5432 2868 5484; x_wconf 84' lang='grc' dir='ltr'>ὁ</span> <span class='ocrx_word' id='word_1_819' title='bbox 2909 5429 3142 5502; x_wconf 81' lang='grc' dir='ltr'>Χριστὸς</span> <span class='ocrx_word' id='word_1_820' title='bbox 3175 5431 3483 5504; x_wconf 81' lang='grc' dir='ltr'>εἰργάσατο,</span> <span class='ocrx_word' id='word_1_821' title='bbox 3518 5429 3563 5479; x_wconf 85' lang='grc' dir='ltr'><strong>εξ</strong></span> <span class='ocrx_word' id='word_1_822' title='bbox 3593 5425 3657 5495; x_wconf 85' lang='grc' dir='ltr'>μή</span> <span class='ocrx_word' id='word_1_823' title='bbox 3685 5416 3773 5470; x_wconf 68' lang='grc' dir='ltr'><strong>τιᾶ</strong></span> 
     </span>
    </p>
   </div>
   <div class='ocr_carea' id='block_1_105' title="bbox 532 5519 2095 5595">
    <p class='ocr_par' dir='ltr' id='par_1_105' title="bbox 532 5521 2095 5593">
     <span class='ocr_line' id='line_1_105' title="bbox 532 5521 2095 5593; baseline 0.005 -25"><span class='ocrx_word' id='word_1_824' title='bbox 532 5521 796 5573; x_wconf 87' lang='lat' dir='ltr'><strong>nonnulla</strong></span> <span class='ocrx_word' id='word_1_825' title='bbox 841 5523 1066 5592; x_wconf 87' lang='lat' dir='ltr'><strong>puerilis</strong></span> <span class='ocrx_word' id='word_1_826' title='bbox 1106 5524 1283 5578; x_wconf 75' lang='lat' dir='ltr'><strong>aetatis</strong></span> <span class='ocrx_word' id='word_1_827' title='bbox 1319 5531 1637 5590; x_wconf 68' lang='lat' dir='ltr'><strong>argumenta</strong></span> <span class='ocrx_word' id='word_1_828' title='bbox 1684 5524 1927 5593; x_wconf 80' lang='lat' dir='ltr'><strong>praebere</strong></span> <span class='ocrx_word' id='word_1_829' title='bbox 1967 5523 2095 5577; x_wconf 90' lang='lat' dir='ltr'><strong>illnn</strong></span> 
     </span>
    </p>
   </div>
   <div class='ocr_carea' id='block_1_106' title="bbox 2208 5519 3771 5595">
    <p class='ocr_par' dir='ltr' id='par_1_106' title="bbox 2232 5519 3771 5595">
     <span class='ocr_line' id='line_1_106' title="bbox 2232 5519 3771 5595; baseline 0.004 -20"><span class='ocrx_word' id='word_1_830' title='bbox 2232 5523 2415 5595; x_wconf 80' lang='grc' dir='ltr'>ᾅδεται</span> <span class='ocrx_word' id='word_1_831' title='bbox 2454 5524 2580 5595; x_wconf 69' lang='grc' dir='ltr'>περὶ</span> <span class='ocrx_word' id='word_1_832' title='bbox 2602 5522 2767 5578; x_wconf 78' lang='grc' dir='ltr'>αὑτοῦ</span> <span class='ocrx_word' id='word_1_833' title='bbox 2802 5525 2858 5577; x_wconf 81' lang='grc' dir='ltr'>ἐν</span> <span class='ocrx_word' id='word_1_834' title='bbox 2891 5523 3041 5577; x_wconf 75' lang='grc' dir='ltr'>παιδὶ</span> <span class='ocrx_word' id='word_1_835' title='bbox 3082 5522 3460 5594; x_wconf 77' lang='grc' dir='ltr'>πεποιηκέναι,</span> <span class='ocrx_word' id='word_1_836' title='bbox 3492 5519 3564 5580; x_wconf 75' lang='grc' dir='ltr'><strong>ὡς</strong></span> <span class='ocrx_word' id='word_1_837' title='bbox 3597 5519 3648 5569; x_wconf 68' lang='grc' dir='ltr'><strong>ἐν</strong></span> <span class='ocrx_word' id='word_1_838' title='bbox 3672 5527 3771 5564; x_wconf 66' lang='grc'><strong>⁷⁵³⁵⁸</strong></span> 
     </span>
    </p>
   </div>
   <div class='ocr_carea' id='block_1_107' title="bbox 603 5697 2348 5760">
    <p class='ocr_par' dir='ltr' id='par_1_107' title="bbox 603 5697 2348 5760">
     <span class='ocr_line' id='line_1_107' title="bbox 603 5697 2348 5760; baseline 0.004 -7"><span class='ocrx_word' id='word_1_839' title='bbox 603 5699 617 5727; x_wconf 88' lang='grc'>¹</span> <span class='ocrx_word' id='word_1_840' title='bbox 644 5697 803 5753; x_wconf 82' lang='lat' dir='ltr'><strong>Joan:</strong></span> <span class='ocrx_word' id='word_1_841' title='bbox 837 5712 900 5760; x_wconf 91' lang='lat' dir='ltr'><strong>II,</strong></span> <span class='ocrx_word' id='word_1_842' title='bbox 943 5697 1030 5749; x_wconf 78' lang='lat'><strong>30.</strong></span> <span class='ocrx_word' id='word_1_843' title='bbox 1107 5700 1126 5728; x_wconf 80' lang='lat'><strong><em>‘</em></strong></span> <span class='ocrx_word' id='word_1_844' title='bbox 1171 5702 1299 5756; x_wconf 91' lang='lat' dir='ltr'><strong>ibid.</strong></span> <span class='ocrx_word' id='word_1_845' title='bbox 1327 5703 1413 5756; x_wconf 71' lang='lat'><strong>3‘2.</strong></span> <span class='ocrx_word' id='word_1_846' title='bbox 1494 5702 1514 5732; x_wconf 85' lang='grc'>³</span> <span class='ocrx_word' id='word_1_847' title='bbox 1545 5703 1675 5756; x_wconf 88' lang='lat' dir='ltr'><strong>ibid.</strong></span> <span class='ocrx_word' id='word_1_848' title='bbox 1706 5702 1796 5758; x_wconf 74' lang='lat'><strong>‘29.</strong></span> <span class='ocrx_word' id='word_1_849' title='bbox 1880 5703 1897 5732; x_wconf 71' lang='lat'><strong>‘</strong></span> <span class='ocrx_word' id='word_1_850' title='bbox 1926 5703 2348 5760; x_wconf 76' lang='lat' dir='ltr'><strong>Mntiluslorus.</strong></span> 
     </span>
    </p>
   </div>
   <div class='ocr_carea' id='block_1_108' title="bbox 606 5853 2689 5940">
    <p class='ocr_par' dir='ltr' id='par_1_108' title="bbox 606 5853 2689 5940">
     <span class='ocr_line' id='line_1_108' title="bbox 606 5853 2689 5940; baseline 0.005 -29"><span class='ocrx_word' id='word_1_851' title='bbox 606 5857 723 5926; x_wconf 76' lang='grc'><strong>(45)</strong></span> <span class='ocrx_word' id='word_1_852' title='bbox 764 5856 814 5908; x_wconf 87' lang='grc' dir='ltr'><strong>Ὀ</strong></span> <span class='ocrx_word' id='word_1_853' title='bbox 870 5853 938 5905; x_wconf 82' lang='grc' dir='ltr'><strong>δὲ</strong></span> <span class='ocrx_word' id='word_1_854' title='bbox 1004 5856 1271 5927; x_wconf 74' lang='grc' dir='ltr'>Ἰωάννης</span> <span class='ocrx_word' id='word_1_855' title='bbox 1313 5864 1408 5916; x_wconf 67' lang='grc' dir='ltr'>καὶ</span> <span class='ocrx_word' id='word_1_856' title='bbox 1458 5863 1566 5932; x_wconf 68' lang='grc' dir='ltr'><strong>τὴν</strong></span> <span class='ocrx_word' id='word_1_857' title='bbox 1612 5867 1917 5933; x_wconf 72' lang='grc' dir='ltr'>πρόθεσιν.</span> <span class='ocrx_word' id='word_1_858' title='bbox 1995 5867 2053 5923; x_wconf 84' lang='grc'><strong>1⁴“.</strong></span> <span class='ocrx_word' id='word_1_859' title='bbox 2099 5867 2237 5921; x_wconf 58' lang='grc' dir='ltr'>κατὰ</span> <span class='ocrx_word' id='word_1_860' title='bbox 2275 5867 2368 5940; x_wconf 73' lang='grc' dir='ltr'>τὴν</span> <span class='ocrx_word' id='word_1_861' title='bbox 2416 5868 2689 5940; x_wconf 68' lang='grc' dir='ltr'>πρόθεσιν.</span> 
     </span>
    </p>
   </div>
  </div>
