3958 6418
325 455 432 511 ωδ

1037 453 1413 513 ADVERSUS
1450 455 1797 513 "IERESES
1836 457 1963 512 LIB.
2007 456 2070 513 ll.
2109 457 2276 516 TOM.
2312 457 2351 516 Ι.
2385 492 2454 502 --
2484 459 2764 518 HASRES.
2807 461 2895 519 LI.

3509 458 3613 518 926

317 574 479 644 γνίῳ,
506 572 583 638 ὣς
624 591 769 638 τινες
814 573 1105 644 φάσκουσι.
1142 578 1253 632 Καὶ
1295 577 1402 633 ἔδει
1424 579 1517 651 τῷ,
1536 581 1634 652 μὲν
1667 580 1781 635 ὄντι
1828 598 1893 635 κα

2026 582 2310 654 oportuit,
2344 599 2412 640 ne
2461 598 2569 655 qua
2608 582 2913 642 haeresibus
2961 584 3082 639 aliis
3114 581 3333 639 occasio
3361 580 3611 645 daretur,

318 664 629 738 παιδαρικά
658 665 819 719 αὐτὸν
844 666 1009 737 ἔχειν,
1041 667 1128 722 ἴνα
1152 668 1227 743 μὴ
1256 670 1530 742 πρόφασις
1551 672 1775 745 γένηται
1795 675 1917 737 ταῖς

318 756 516 821 ἄλλαις
564 757 841 830 αἱρέσεσι,
878 762 999 823 ταῖς
1044 759 1365 830 λεγούσαις,
1401 764 1481 818 ὅτι
1510 765 1617 819 ἀπὸ
1652 765 1747 819 τοῦ
1784 766 1917 839 Ἰορ-

316 850 483 904 δάνου
517 845 648 922 ἦλθε
680 851 919 922 Χριστὸς
955 855 1036 917 εἰς
1076 854 1261 919 αὐτὸν,
1295 857 1433 928 ὅπερ
1483 857 1634 910 ἐστὶν
1680 858 1713 928 ἡ
1758 874 1914 929 περι-

318 943 514 1014 στερά.
544 942 636 996 Διὸ
664 944 760 996 καὶ
793 944 850 996 ἐν
875 944 953 1015 τῷ
980 944 1266 1019 δωδεκάτῳ
1292 948 1401 1001 ἔτει
1426 948 1613 1018 σαφῶς
1644 949 1913 1004 δείκνυσιν

318 1036 352 1088 ὁ
371 1036 606 1098 Λουκᾶς,
635 1034 718 1088 ὃτι
749 1035 1272 1110 προσδιαλεγόμενος
1308 1043 1418 1103 τοῖς
1451 1040 1655 1113 ἱερεῦσι
1677 1042 1771 1096 καὶ
1799 1044 1913 1106 τοῖς

319 1128 742 1200 πρεσϐυτέροις,
775 1128 878 1201 ἔφη
907 1132 973 1202 τῇ
1004 1132 1215 1204 Μαρίᾳ,
1239 1134 1321 1188 ὅτι
1342 1136 1462 1189 οὐκ
1489 1136 1701 1205 ᾔδειτε.
1728 1136 1818 1191 ὅτι
1841 1136 1913 1191 ἐν

314 1219 447 1286 τοῖς
479 1219 605 1283 τοῦ,
636 1220 869 1288 Πατρός
905 1240 1025 1292 μου
1064 1223 1160 1277 δεῖ
1199 1242 1276 1295 με
1312 1222 1501 1290 sirm;
1542 1228 1627 1281 ἵνα
1676 1229 1818 1302 πέσῃ
1882 1230 1910 1281 ὁ

313 1311 478 1380 λόγος
505 1310 614 1365 τῶν
646 1311 934 1381 λεγόντων,
963 1315 1046 1368 ὅτι
1087 1316 1195 1370 ἀπὸ
1230 1317 1323 1370 τοῦ
1362 1319 1554 1389 χρόνου
1590 1319 1683 1373 τοῦ
1713 1318 1908 1390 βαπτί-

314 1420 528 1474 σματος
570 1404 774 1476 κατέϐη
820 1407 901 1469 εἰς
940 1407 1102 1461 αὐτὸν
1140 1408 1201 1461 τὸ
1245 1409 1471 1483 Πνεῦμα
1504 1412 1567 1464 τὸ
1601 1411 1777 1480 ἅγιον,
1813 1413 1916 1483 καὶ,

313 1495 508 1564 σαφῶς
535 1495 776 1568 γνωσθῇ,
808 1498 890 1550 ὅτι
920 1498 1127 1553 ἀνωθεν
1157 1501 1501 1573 ἐπεδήμησεν
1528 1504 1556 1554 ὁ
1588 1504 1781 1572 Λόγος,
1811 1506 1907 1558 καὶ

306 1584 608 1658 ὲσαρκὼθη
638 1587 746 1639 ἀπὸ
768 1587 1009 1660 Μαρίας,
1039 1590 1135 1643 καὶ
1161 1592 1218 1642 ὲν
1246 1591 1325 1662 τῷ
1361 1592 1600 1666 Ἰορδάνῃ
1638 1594 1905 1665 κατῆλθεν

306 1673 403 1726 ἐπ’
441 1674 603 1727 αὑτὸν
640 1674 701 1728 τὸ
732 1675 959 1747 Πνεῦμα
981 1693 993 1705 ⁸
1027 1678 1115 1732 ἴνα
1147 1684 1365 1752 σημανῇ
1406 1682 1489 1745 τίς
1527 1685 1672 1737 ὲστιν
1705 1686 1733 1737 ὁ
1760 1704 1903 1759 μαρ-

304 1767 648 1838 τυρούμενος
692 1769 801 1822 ἀπὸ
842 1769 935 1823 τοῦ
990 1771 1238 1843 Πατρός,
1290 1775 1371 1827 ὅτι
1427 1771 1619 1843 Οὗτός
1660 1777 1832 1832 ἐστιν
1870 1783 1905 1834 ό

315 1859 457 1925 Υἱός
490 1878 612 1929 μου
664 1864 698 1914 ὁ
738 1862 1079 1931 ἀγαπητός·
1122 1865 1307 1919 αὑτοῦ
1362 1867 1636 1922 ἀκούετε·
1676 1872 1768 1924 καὶ
1816 1872 1902 1927 ἵνα

302 1949 539 2021 γένηται
589 1950 750 2005 τοῦτο
803 1952 1107 2026 ὑπόδειγμα
1154 1960 1266 2021 τοῖς
1317 1958 1600 2029 μέλλουσιν
1642 1963 1698 2014 ἐν
1752 1964 1902 2035 αὐτῷ

303 2048 665 2117 φωτίζεσθαι,
695 2052 776 2125 ὅτι
828 2053 1332 2125 καταξιωθήσονται
1377 2055 1695 2126 Πνεύματος
1744 2056 1900 2125 ἁγίου

299 2140 371 2191 ἐν
398 2140 476 2212 τῷ
509 2142 718 2215 λουτρῷ
752 2145 852 2215 τῆς
899 2146 1131 2215 δωρεᾶς,
1171 2149 1263 2200 καὶ
1304 2148 1553 2217 ἀφέσεως
1591 2150 1899 2222 ἁμαρτιῶν,

298 2232 531 2305 χάριτος
558 2234 659 2305 τῆς
685 2236 775 2289 ὑπ’
804 2237 969 2291 αὑτοῦ
991 2238 1255 2311 δοθείσης.

2020 690 2146 745 qua:
2204 673 2482 733 Christum
2543 677 2612 731 ad
2673 675 2968 739 Jordanem
3036 676 3261 732 ﬂuvium
3322 674 3375 729 in
3455 674 3607 730 illum

2020 767 2373 824 descendisse
2405 770 2672 825 columba:
2703 771 2886 839 specie
2917 769 3234 841 praedicant.
3268 768 3450 835 Quare
3473 767 3609 824 duo-

2019 859 2233 915 decimo
2262 862 2440 917 aetatis
2480 877 2625 916 anno
2660 860 2951 917 manifeste
2997 859 3174 916 Lucas
3214 858 3266 914 id
3303 859 3606 930 expressit,

2016 951 2385 1022 disputantem
2418 954 2568 1008 illum
2596 969 2720 1009 cum
2753 953 3155 1019 sacerdotibus,
3202 966 3267 1006 ac
3294 951 3609 1007 senioribus

2016 1041 2203 1098 Mariae
2230 1044 2468 1100 dixisse:
2508 1044 2838 1100 Nesciebatis
2892 1045 3032 1111 quod
3081 1044 3138 1097 in
3170 1040 3251 1096 Itis
3280 1058 3397 1112 quae
3423 1040 3606 1095 Patris

2015 1137 2119 1190 mei
2166 1146 2289 1191 sunt
2351 1144 2553 1205 oportet
2606 1152 2688 1191 me
2724 1152 2836 1190 esse
2867 1135 2936 1189 ’?
2976 1131 3046 1188 Ut
3093 1149 3284 1188 eorum
3330 1132 3601 1187 rationem

2012 1226 2353 1292 excluderet,
2389 1228 2480 1297 qui
2522 1228 2590 1282 ab
2628 1242 2693 1283 eo
2722 1229 2957 1298 primum
2992 1234 3258 1295 tempore,
3288 1239 3398 1293 quo
3422 1221 3602 1292 baptis

2014 1326 2171 1375 zatus
2223 1327 2348 1384 est,
2386 1320 2650 1391 Spiritum
2692 1330 2944 1376 sanctum
2984 1319 3038 1372 in
3072 1318 3224 1372 illum
3259 1323 3455 1387 putant
3482 1330 3603 1370 esse

2011 1412 2340 1483 delapsum;
2400 1421 2626 1468 econtra
2684 1429 2816 1468 vero
2871 1414 3122 1469 homines
3204 1411 3601 1480 intelligerent,

2017 1503 2249 1560 Verbum
2280 1506 2457 1575 ipsum
2500 1521 2530 1561 e
2568 1506 2713 1561 ccelo
2743 1505 3084 1561 descendens
3112 1518 3333 1559 carnem
3364 1517 3395 1556 e
3432 1499 3603 1553 Maria

2009 1598 2278 1663 traxisse;
2308 1613 2544 1668 cumque
2568 1598 2635 1653 ad
2665 1597 2960 1654 Iordanem
2991 1597 3318 1653 accessisset
3348 1600 3599 1650 sanctum

2008 1706 2068 1747 se
2100 1691 2155 1745 in
2190 1691 2343 1746 illum
2376 1690 2649 1747 infudisse
2682 1690 2983 1762 Spiritum:
3016 1705 3126 1761 quo
3158 1698 3213 1744 et
3244 1686 3378 1742 illud
3415 1685 3593 1740 decla-

2007 1783 2116 1837 rari
2147 1791 2353 1855 posset,
2389 1784 2514 1854 quis
2553 1792 2702 1841 esset
2732 1784 2822 1838 ille
2857 1784 2924 1839 de
2960 1782 3124 1855 443
3154 1795 3262 1852 quo
3293 1777 3454 1832 Pater
3486 1786 3596 1830 tam

2008 1876 2223 1945 insigne
2260 1876 2637 1931 testimonium
2675 1875 2947 1930 dedisset:
2986 1873 3089 1927 Hic
3138 1882 3216 1927 est
3245 1869 3291 1924 F
3296 1872 3421 1924 ilius
3452 1883 3598 1921 meus

2006 1970 2268 2034 dilectus;
2301 1969 2472 2037 ipsum
2501 1969 2682 2022 audite
2707 1968 2749 2021 ³.
2786 1966 2925 2021 Illud
2959 1981 3088 2021 vero
3120 1973 3381 2035 prieterea
3411 1975 3599 2016 exeni-

2007 2061 2097 2132 plo
2133 2077 2256 2118 esse
2303 2077 2368 2116 ac
2399 2053 2731 2117 documento
2764 2061 2936 2115 voluit
2965 2060 3033 2112 iis
3061 2099 3075 2122 ,
3118 2057 3213 2127 qui
3270 2055 3454 2109 divina
3503 2065 3600 2121 per

2006 2155 2160 2209 illum
2199 2155 2321 2209 luce
2350 2152 2849 2225 perfunderentur;
2886 2152 3129 2205 futurum
3161 2147 3418 2210 omnino,
3452 2151 3512 2197 ut
3541 2150 3597 2197 et

2005 2247 2111 2317 ipsi
2132 2244 2396 2317 Spiritum
2428 2255 2703 2311 sanctum,
2728 2259 2829 2299 nec
2860 2258 2967 2298 non
2993 2242 3218 2297 caeleste
3243 2236 3591 2296 beneﬁcium,

2003 2355 2070 2394 ae
2098 2348 2450 2410 peccatorum
2480 2339 2719 2402 veniam,
2738 2347 2790 2393 et
2819 2336 3278 2392 communicatam
3308 2331 3377 2387 ab
3401 2328 3595 2384 eodem

1876 2440 1889 2445 “
2002 2434 2236 2505 gratiam
2280 2432 2333 2486 in
2359 2431 2635 2502 baptismo
2670 2438 3160 2500 consequerentur.

376 2504 506 2556 KA'.
558 2504 786 2573 Ἀφότου
818 2503 877 2558 δὲ
918 2504 988 2559 τὰ
1035 2504 1216 2559 τέλεια
1248 2504 1452 2577 ἤρξατο
1496 2507 1670 2560 ποιεῖν
1711 2504 1899 2579 θεοσή-

298 2614 439 2669 μεια
467 2598 527 2650 ὲν
561 2595 640 2667 τῷ
676 2595 855 2668 καιρῷ
891 2596 985 2650 τοῦ
1026 2596 1407 2675 κηρύγματος,
1444 2597 1624 2652 Τοῦτο
1664 2598 1901 2667 πρῶτον

293 2688 559 2759 σημεῖον
591 2689 895 2756 ἐποίησεν
923 2691 954 2743 ὁ
990 2689 1253 2757 Ἰησοῦς,
1282 2690 1466 2760 φησὶν,
1494 2689 1566 2743 ἐν
1595 2687 1761 2758 Κανᾷ
1789 2688 1899 2759 τῆς

292 2782 641 2847 Γαλιλαίας
661 2798 674 2811 ·
698 2782 819 2852 οὐχὶ
852 2780 961 2852 πρὸ
981 2781 1074 2834 τοῦ
1107 2780 1505 2852 βαπτίσματος,
1531 2781 1608 2845 ὡς
1636 2781 1897 2846 πολλάκις

292 2873 459 2943 ἔφην,
504 2872 620 2927 ἀλλ’
662 2874 751 2926 ὅτε
784 2874 1106 2943 ἀνέκαμψεν
1157 2872 1267 2926 ἀπὸ
1310 2872 1405 2925 τοῦ
1452 2872 1797 2945 πειρασμοῦ,
1826 2876 1893 2944 τῇ

283 2965 457 3036 τρίτῃ
490 2964 678 3037 ἡμέρᾳ.
707 2965 847 3037 μετά
868 2966 969 3029 τὰς
988 2964 1102 3029 δύο,
1126 2965 1305 3038 ἅσπερ
1335 2964 1558 3035 ἔμειναν
1588 2965 1718 3036 παρ’
1747 2964 1895 3035 αὐτῷ

287 3058 351 3112 οἱ
383 3056 477 3111 δύο
502 3058 748 3130 μαθηταὶ
766 3057 860 3112 τοῦ
896 3059 1164 3121 Ἰωάννου,
1188 3059 1235 3111 οἱ
1262 3058 1615 3123 ἀκούσαντες,
1642 3057 1737 3111 καὶ
1759 3058 1893 3112 ἀκο-

290 3149 666 3222 λουθήσαντες
700 3150 871 3223 αὐτῷ.
909 3152 998 3215 Ὠς
1024 3151 1188 3215 εὐθὺς
1222 3151 1361 3222 μετά
1394 3150 1494 3214 τὰς
1524 3150 1618 3205 δύο
1654 3150 1887 3223 ἡμέρας,

2073 2522 2217 2578 XXI.
2262 2522 2369 2578 Sed
2424 2521 2517 2577 ubi
2553 2522 2763 2592 majora
2806 2521 2899 2575 illa
2948 2517 3384 2591 perfectioraque
3428 2528 3593 2567 mira-

2002 2617 2123 2672 cula
2144 2615 2549 2686 praedicationis
2576 2630 2690 2673 suae
2721 2621 2965 2684 tempore
2991 2619 3076 2667 est
3098 2623 3390 2680 aggressus
3409 2646 3424 2671 ,
3450 2607 3589 2668 Hoc,

2001 2709 2215 2780 inquit,
2255 2708 2487 2779 primum
2538 2707 2747 2779 signum
2789 2707 2912 2776 fecit
2952 2705 3110 2760 Jesus
3150 2705 3205 2757 in
3252 2701 3407 2757 Cana
3451 2698 3597 2753 Gali-

2002 2803 2116 2857 ιωω
2150 2801 2192 2855 ⁵.
2249 2800 2365 2854 Non
2410 2807 2539 2855 ante
2580 2800 2954 2870 baptismum,
2991 2805 3049 2852 ut
3100 2810 3244 2867 saepe
3296 2793 3411 2849 dixi
3438 2832 3454 2857 ,
3496 2789 3594 2845 sed

2001 2902 2114 2947 tum
2166 2892 2404 2963 primum
2456 2890 2511 2945 id
2569 2893 2813 2955 accidit,
2867 2899 3160 2962 postquam
3207 2904 3236 2941 a
3296 2885 3594 2941 tentatione

1997 2998 2256 3039 reversus
2312 2988 2438 3048 est,
2477 2981 2636 3035 tertia
2675 2982 2764 3036 die
2818 2988 2943 3052 post
2998 2980 3229 3035 biduum
3278 2975 3448 3042 illud,
3482 2987 3593 3045 quo

1996 3076 2158 3131 ambo
2201 3075 2345 3145 apud
2395 3075 2575 3146 ipsum
2626 3075 2834 3129 haesere
2884 3070 3116 3127 Joannis
3152 3069 3452 3140 discipuli,
3495 3067 3590 3138 qui

1995 3171 2051 3217 et
2085 3162 2379 3218 audierunt
2408 3163 2559 3217 illum
2590 3202 2605 3227 ,
2653 3171 2703 3218 et
2761 3163 2937 3219 secuti
2993 3170 3142 3216 sunt.
3187 3157 3382 3214 Statim
3440 3158 3588 3216 enim

282 3247 367 3308 ἃς
420 3243 685 3316 ἐποίησαν
740 3244 869 3314 παρ’
946 3244 1140 3316 αὐτῷ,
1183 3246 1466 3313 ἐπεισάγει
1518 3244 1721 3314 λέγων·
1782 3245 1888 3298 Καὶ

2000 3265 2122 3324 post
2159 3253 2413 3319 biduum,
2454 3270 2563 3326 quo
2592 3253 2735 3326 apud
2769 3254 2921 3308 illum
2951 3253 3041 3309 isti
3074 3247 3403 3307 commorati
3435 3256 3586 3312 sunt,

286 3334 559 3405 ἐξῆλθεν
577 3338 665 3403 είς
694 3335 811 3404 τὴν
831 3338 1190 3405 Γαλιλαίαν,
1220 3339 1320 3394 καὶ
1349 3336 1543 3406 εὑρὼν
1564 3338 1889 3401 Φίλιππον,

284 3423 494 3483 εἶπεν·
538 3428 872 3482 Ἀκολούθει
898 3424 1184 3498 μοι.·Εῐτα
1215 3429 1401 3493 εύθύς·
1439 3429 1518 3498 Τῇ
1550 3432 1717 3501 τρίτῃ
1742 3429 1889 3500 ἠμέ-

276 3535 370 3588 pg:
397 3518 585 3590 γάμος
623 3517 863 3589 ἐγένετο
894 3519 967 3574 ἐν
1005 3518 1174 3587 Κανᾷ
1201 3519 1700 3589 τῆςΓαλιλαΙας.
1743 3520 1889 3574 Ἔδει

248 3630 255 3635 ·
285 3611 405 3683 γὰρ
439 3611 602 3665 αὐτὸν
645 3611 952 3667 ἀπελθόντα
995 3612 1159 3675 εὐθὺς
1185 3612 1398 3683 ,γάμων
1442 3611 1780 3683 τελουμένων
1808 3614 1888 3678 είς

284 3705 392 3776 τὴν
432 3706 600 3778 τιμὴν
640 3704 807 3759 αὐτοῦ
839 3706 1108 3779 κληθῆναι
1160 3708 1245 3761 ἐπ’
1289 3706 1510 3778 εὐλογίᾳ
1552 3704 1645 3760 τοῦ
1685 3706 1884 3777 γάμου.

284 3799 403 3853 Καί
424 3815 590 3870 φησι·
616 3798 820 3868 Γάμος
849 3798 1088 3869 ἐγένετο
1119 3797 1193 3867 τῇ
1225 3799 1393 3869 τρίτῃ
1414 3798 1607 3868 ἡμέρᾳ
1625 3798 1697 3853 ἐν
1717 3796 1887 3864 Κανᾷ

282 3888 405 3958 τῆς
440 3892 811 3958 Γαλιλαίαςο
841 3892 939 3946 καὶ
965 3887 1045 3962 ἦν
1073 3892 1112 3961 ἡ
1135 3891 1335 3961 μήτηρ
1361 3891 1469 3946 τοῦ
1520 3890 1715 3960 Ἰησοῦ
1737 3889 1881 3944 ἐκεῖ.

297 3982 569 4051 Ἐκλήθη
596 3982 665 4037 δὲ
694 3982 795 4037 καί
830 3986 863 4037 ό
895 3984 1136 4052 Ἰησοῦς
1186 3984 1286 4037 καὶ
1317 3986 1372 4038 οι
1405 3985 1667 4054 μαθηταὶ
1696 3981 1886 4039 αὐτοῦ

279 4077 345 4132 οἱ
381 4075 511 4145 μετ’
539 4075 728 4131 αὐτοῦ
766 4078 854 4142 εὶς
895 4076 1005 4129 τὸν
1035 4075 1246 4145 γάμον.
1283 4078 1396 4131 Καὶ
1430 4076 1887 4147 ὑστερήσαντος

242 4162 493 4233 ὀἴνου,
536 4165 700 4236 λέγει
751 4169 790 4236 ιή
831 4166 1032 4236 μήτηρ
1090 4166 1198 4221 τοῦ
1254 4167 1493 4236 Ἰησοῦ·
1549 4165 1729 4223 οἶνον
1772 4174 1885 4225 οὐκ

278 4260 524 4329 ἔχουσι.
574 4260 685 4315 Καὶ
711 4260 878 4330 λέγει
927 4258 1085 4329 αὐτῇ
1123 4262 1157 4313 ό
1196 4259 1472 4328 Ἰησοῦς⁸
1530 4261 1590 4315 Τί
1614 4261 1745 4331 ἐμοὶ
1783 4263 1885 4316 καί

280 4352 410 4417 σοι,
444 4354 656 4422 γύναι;
696 4353 861 4407 οὔπω
888 4353 1021 4421 ῆκει
1049 4354 1087 4423 ἠ
1111 4352 1234 4423 ὥρα
1257 4370 1398 4424 μου.
1504 4406 1509 4411 ,

362 4445 516 4499 Μετά
559 4445 623 4498 τὸ
669 4444 844 4500 ἐλθεῖν
895 4446 1059 4499 αὑτὸν
1105 4445 1217 4499 ἀπὸ
1263 4444 1357 4499 τοῦ
1394 4445 1742 4519 πειρασμοῦ,
1788 4447 1884 4502 καὶ

279 4538 518 4592 διελθεῖν
567 4538 657 4592 διὰ
698 4538 800 4608 τῆς
847 4536 1121 4609 θαλάσσης
1169 4538 1263 4592 καὶ
1312 4537 1406 4591 τοῦ
1443 4539 1733 4610 Ἰορδάνου,
1784 4539 1884 4611 τὴν

1998 3346 2257 3417 subiicit:
2299 3345 2368 3401 Et
2393 3347 2525 3402 abiit
2557 3348 2613 3403 in
2641 3346 2926 3403 Galilaeam
2946 3387 2959 3412 ,
2989 3355 3039 3400 et
3071 3345 3339 3400 inveniens
3381 3342 3585 3412 Philip-

1993 3453 2121 3507 pum
2186 3436 2372 3492 dixit:
2429 3437 2656 3509 Sequere
2712 3456 2794 3493 me
2839 3438 2883 3493 '.
2943 3436 3196 3492 Deinde:
3261 3433 3443 3489 Tertia
3502 3432 3591 3485 die

1976 3530 2193 3598 ,παρήιε
2243 3529 2403 3599 factm
2436 3539 2561 3584 sunt
2606 3530 2661 3584 in
2693 3529 2840 3586 Cana
2870 3525 3132 3584 Galitww.
3168 3526 3449 3597 Siquidem
3491 3541 3591 3596 par

1992 3628 2112 3675 erat
2190 3620 2340 3675 illum
2383 3661 2398 3686 ,
2480 3636 2605 3676 cum
2697 3620 3047 3687 discederet,
3129 3618 3589 3683 commodumque

1991 3709 2197 3778 nuptiae
2230 3708 2665 3777 celebrarentur,
2700 3710 2928 3765 honoris
2957 3724 3126 3766 causa
3161 3708 3230 3763 ad
3254 3707 3475 3764 easdem
3505 3707 3589 3759 in-

1988 3800 2189 3878 vitari,
2226 3801 2304 3855 uti
2344 3802 2556 3881 nuptiis
2606 3803 2976 3859 benediceret.
3019 3800 3202 3871 Quaye
3233 3801 3308 3855 ita
3361 3798 3581 3853 scribit:

1992 3888 2212 3961 Nuptiae
2241 3892 2400 3962 factis
2438 3904 2561 3948 sunt
2607 3897 2765 3949 tertia
2809 3896 2893 3950 die
2930 3897 2987 3950 in
3026 3893 3180 3950 Cana
3218 3891 3477 3948 Galilaew.
3516 3889 3588 3945 Et

1987 3991 2103 4036 erat
2137 3993 2309 4039 mater
2343 3983 2473 4040 Jesu
2502 3985 2599 4039 ibi.
2640 3985 2872 4041 Vocatus
2901 3998 2978 4041 est
3019 3994 3195 4039 autem
3228 3996 3275 4039 et
3311 3981 3504 4049 Iesus,
3535 3991 3586 4038 et

1985 4071 2240 4141 discipuli
2285 4073 2399 4142 ejus
2450 4073 2521 4128 ad
2575 4075 2811 4143 nuptias.
2875 4074 3164 4145 Deﬁciente
3215 4084 3393 4128 autem
3442 4076 3583 4140 vino,

1986 4164 2117 4218 dicit
2160 4172 2333 4219 mater
2362 4163 2533 4219 Iesu:
2585 4164 2777 4219 Vinum
2824 4182 2926 4221 non
2977 4165 3190 4220 habent.
3238 4166 3379 4220 Dicit
3417 4167 3465 4221 ei
3490 4165 3586 4221 le-

1985 4274 2113 4313 sus:
2146 4256 2289 4324 Quid
2326 4257 2459 4312 mihi
2491 4267 2542 4313 et
2578 4257 2694 4324 tibi,
2735 4258 2975 4315 mulier?
3014 4257 3248 4313 nondum
3289 4259 3427 4312 venit
3451 4258 3584 4313 liora

1984 4366 2103 4403 mea
2143 4351 2183 4404 ⁸.

2058 4442 2190 4509 Quae
2219 4449 2335 4497 tum
2359 4452 2512 4515 gesta
2542 4451 2692 4508 sunt.
2728 4459 2854 4499 cum
2884 4454 3007 4513 post
3029 4451 3412 4507 tentationem,
3441 4443 3582 4497 mari

1987 4548 2052 4588 ac
2082 4532 2321 4590 Jordane
2360 4534 2592 4606 trajectu
2613 4575 2628 4599 ,
2658 4535 2760 4590 iter
2791 4536 2847 4590 in
2876 4536 3108 4606 patriam
3140 4535 3445 4597 convertit,
3477 4532 3584 4587 Na-

278 4629 465 4702 ὁρμὴν
499 4632 793 4702 ἐσχηκότος
837 4632 930 4685 ἐπὶ
974 4630 1041 4685 τά
1074 4632 1272 4695 οἰκεῖα,
1305 4630 1556 4685 ἀπελθὼν
1614 4633 1744 4687 ἔνθα
1788 4635 1883 4687 ἀν-

2000 4633 2232 4682 taretum
2264 4628 2494 4693 scilicet,
2527 4629 2617 4683 ubi
2649 4628 2918 4684 educatus
2956 4642 2987 4681 a
3028 4636 3201 4684 matre
3241 4627 3439 4683 fuerat.
3478 4625 3581 4680 Ubi

277 4724 504 4796 ετράφη
539 4724 679 4798 πρὸς
716 4725 817 4796 τὴν
865 4725 1078 4796 μητέρα
1120 4726 1178 4777 ἐν
1223 4725 1515 4797 Ναζαρὲτ,
1549 4726 1647 4779 καὶ
1700 4744 1883 4799 παρα-

281 4816 483 4889 μείνας
524 4815 619 4870 δύο
665 4816 889 4888 ἡμερῶν
922 4818 971 4883 ¹,
1004 4816 1194 4870 λοιπὸν
1247 4817 1608 4889 ἐπειγομένου
1652 4821 1733 4883 είς
1782 4819 1881 4892 τὴν

280 4910 561 4980 σωτηρίαν
589 4909 699 4963 τῶν
737 4907 1063 4981 ἀνθρώπων,
1091 4906 1186 4962 τοῦ
1220 4908 1578 4982 κηρύγματος
1610 4910 1879 4982 ἄρξασθαι

276 5002 685 5073 ἐπιμελεῖσθαι.
715 5003 826 5056 Καὶ
851 5001 1033 5072 ἔμεινε
1065 5002 1164 5073 μὲν
1193 5003 1287 5057 δύο
1314 5003 1550 5075 ἡμέρας.
1581 5004 1668 5057 διὰ
1705 5004 1768 5058 τὸ
1790 5004 1881 5058 διὰ

276 5093 482 5166 χρόνου
504 5094 717 5166 ηκέναι,
760 5093 900 5164 ἔχων
937 5094 1055 5165 μεθ’
1082 5093 1277 5148 ἑαυτοῦ
1311 5092 1405 5158 οὓς
1431 5094 1532 5165 ήδη
1571 5095 1881 5166 παρείληφε

280 5187 540 5260 μαθητὰς
563 5229 579 5253 ,
619 5186 897 5252 ἀπολύσας
942 5188 1069 5252 τοὺς
1102 5186 1196 5241 δύο
1228 5187 1354 5251 τοὺς
1405 5187 1881 5260 ἀκολουθήσαντας

276 5277 460 5349 αὐτῷ,
489 5278 651 5342 εὐθὺς
684 5278 777 5331 ἐπὶ
814 5276 912 5348 τὴν
947 5276 1239 5332 Γαλιλαίαν
1280 5275 1515 5343 ἐξελθεῖν
1547 5276 1637 5329 διὰ
1675 5275 1737 5330 τὸ
1771 5277 1876 5348 κή-

278 5387 495 5445 ρυγμα,
520 5370 615 5424 καὶ
637 5370 699 5423 τὸ
729 5370 890 5443 ἔργον
913 5370 1009 5424 τοῦ
1040 5370 1384 5442 θεοσημείου,
1406 5369 1502 5422 τοῦ
1526 5371 1584 5422 ἐν
1602 5369 1681 5439 τῷ
1710 5370 1875 5442 γάμῳ
1892 5358 1907 5363 -

271 5461 741 5525 ὲπιτελεσθέντος.
800 5461 976 5515 Βλέπε
1034 5459 1143 5533 γάρ
1203 5459 1321 5525 πῶς
1373 5458 1799 5528 ὲπασφαλίζεται
1846 5462 1875 5515 ὁ

269 5554 465 5624 λόγος,
498 5554 887 5627 ὡςἸωάννηςό
912 5552 1223 5623 Βαπτιστής
1254 5555 1548 5625 μαρτυρεῖ,
1579 5552 1772 5621 λέγων,
1798 5552 1875 5617 ὡς

275 5647 678 5718 παρῳχηκότος
725 5647 825 5718 ἤδη
860 5646 954 5700 τοῦ
991 5645 1172 5715 λόγου,
1209 5646 1291 5699 ὅτι
1336 5643 1510 5715 Κάγὼ
1552 5646 1664 5700 οὐκ
1704 5644 1876 5715 ᾔδειν

272 5739 505 5795 αὐτόν·
541 5739 705 5797 ἀλλὰ
746 5742 779 5793 ὁ
816 5738 1062 5809 πέμψας
1106 5755 1183 5809 με
1211 5735 1525 5803 ,βαπτίζειν
1571 5733 1702 5792 εἶπέ
1730 5756 1834 5808 μοι
1857 5755 1869 5767 ·

362 5897 378 5929 ⁸
405 5894 467 5952 ι’.
498 5896 733 5969 ἡμέρας.

813 5898 831 5928 ⁹
863 5896 994 5953 Luc.
1033 5914 1093 5962 tt,
1124 5898 1209 5953 i9.
1289 5898 1308 5930 ³
1342 5897 1530 5954 Matth.
1559 5914 1694 5968 πίνη,
1852 5901 1870 5931 ⁵
1902 5899 2057 5955 han.
2096 5918 2153 5967 ιι,
2190 5903 2269 5956 ιι.

1989 4734 2115 4774 cum
2152 4719 2379 4776 biduum
2414 4721 2665 4777 haesisset
2695 4761 2710 4785 ,
2745 4727 2998 4776 humana:
3049 4721 3240 4776 salutis
3271 4720 3454 4775 studio
3481 4735 3581 4773 cu-

1989 4827 2162 4882 raque
2210 4828 2515 4869 succensus
2557 4814 2891 4885 praedicandi
2948 4830 3151 4870 munus
3189 4813 3342 4867 obire
3390 4811 3577 4883 cmpit.

1990 4903 2222 4959 Biduum
2255 4907 2417 4977 igitur
2451 4907 2649 4962 ibidem
2687 4922 2917 4963 manens
2943 4949 2959 4972 ,
3019 4907 3164 4976 quod
3220 4906 3379 4971 longo
3411 4904 3580 4958 inter-

1989 4998 2132 5051 vallo
2184 4998 2460 5060 redierat,
2505 4997 2903 5068 discipulorum
2962 4997 3205 5067 aliquot,
3264 5010 3405 5065 quos
3462 4996 3578 5064 jam

1991 5090 2281 5152 asciverat.
2336 5088 2603 5144 comitatu
2657 5099 2889 5158 septus,
2931 5088 3194 5154 duobus,
3247 5087 3341 5158 qui
3402 5086 3577 5141 secuti

1991 5189 2189 5249 erant,
2230 5180 2483 5237 remissis
2512 5220 2528 5246 ,
2580 5181 2766 5237 statim
2817 5180 2874 5235 in
2913 5178 3190 5235 Galilaeam
3243 5176 3577 5249 praedicandi

1986 5289 2152 5329 causa
2189 5273 2467 5345 profectus
2495 5282 2610 5329 est:
2653 5273 2818 5330 simul
2852 5280 2911 5327 ut
2947 5272 3255 5343 prodigium
3286 5270 3419 5324 illud
3449 5284 3578 5326 eue-

1983 5375 2111 5431 ret,
2144 5368 2291 5437 quod
2344 5368 2399 5422 in
2439 5367 2646 5438 nuptiis
2684 5368 2753 5422 ab
2791 5382 2857 5422 eo
2908 5364 3406 5435 factumlegimus.
3437 5361 3577 5418 Vide

1983 5468 2190 5531 quanta
2220 5476 2346 5515 cum
2370 5460 2867 5531 circumspectione
2898 5457 3041 5515 istud
3078 5458 3258 5529 ipsum
3285 5457 3574 5528 Scriptura

1982 5552 2365 5618 declaraverit,
2391 5554 2856 5625 quemadmodum
2874 5553 3113 5610 Joannes
3136 5563 3399 5625 tanquam
3427 5553 3574 5607 facto

1978 5647 2091 5717 jam
2124 5662 2379 5703 sermone
2411 5654 2647 5702 testetur
2673 5647 2759 5703 his
2789 5648 3005 5704 verbis:
3038 5646 3107 5701 Et
3145 5663 3236 5717 ego
3274 5644 3570 5701 nesciebam

1983 5739 2171 5804 illum;
2208 5739 2297 5795 sed
2331 5740 2421 5811 qui
2448 5740 2592 5794 misit
2619 5756 2699 5795 me
2735 5741 3008 5809 baptizare
3041 5740 3179 5795 dixit
3209 5740 3372 5793 mihi:
3403 5737 3572 5804 Super

2350 5906 2368 5934 ⁵
2400 5901 2552 5959 Joan.
2596 5920 2632 5971 ι,
2670 5904 2752 5961 L3.
2834 5903 2853 5933 ‘
2886 5900 3042 5959 Joan.
3080 5918 3140 5968 ιι,
3176 5901 3193 5954 Ι
3234 5915 3360 5971 sqq-
