3958 6416
448 358 565 452 ἱιει

1881 397 1940 459 S.
2003 396 2348 455 EPll‘llANll
3610 400 3697 459 9‘13

477 526 631 578 quem
661 508 855 566 videris
893 509 1156 581 Spiritum
1178 511 1244 565 in
1273 510 1440 579 specie
1464 511 1721 567 columba:
1763 511 2074 569 descenden-

2188 514 2314 583 Ἐφ’
2345 513 2418 567 ὃν
2465 512 2542 567 ἂν
2586 512 2722 581 τδῃς
2744 513 2811 566 τὸ
2843 512 3081 583 Πνεῦμα
3117 512 3186 567 ἐν
3217 512 3360 567 εῖδει
3388 512 3698 583 περιστερᾶς

484 611 586 656 tem
609 644 623 669 ,
676 601 761 655 hic
810 611 889 656 est
925 604 967 657 ‘.
997 599 1263 657 Joannem
1292 601 1492 672 quippe
1534 601 1852 672 baptizandi
1892 603 2066 673 gratia

483 693 707 748 mittens
739 691 903 747 Pater
945 693 1048 747 hoc
1080 692 1128 747 ei
1167 694 1382 763 signum
1414 694 1719 762 praebuerat
1749 712 1763 761 ;
1800 709 1865 749 ex
1905 692 2070 766 444

484 796 595 853 quo
650 780 989 836 Salvatorem
1038 781 1189 834 illum
1238 768 1557 836 de‘aninuis
1610 782 1819 837 nostris
1865 784 2070 852 Optime

485 870 743 925 meritum
797 878 1154 941 agnosceret,
1188 872 1279 941 qui
1329 871 1397 926 de
1435 873 1576 926 coelo
1607 873 1809 928 missus
1838 874 1893 927 in
1926 873 2071 928 hunc

486 962 673 1016 orbem
708 961 966 1017 venisset.
1000 962 1366 1028 Quamobrem
1411 978 1477 1017 ex
1510 963 1820 1018 istiusmodi
1842 965 2071 1020 veritate

489 1053 923 1124 Scripturarum,
961 1065 1327 1125 accurataque
1371 1054 1581 1110 ratione
1613 1054 1665 1109 id
1700 1071 1872 1126 genus
1903 1055 2073 1109 homi-

489 1162 587 1202 nes
618 1147 873 1217 redargui
913 1157 1185 1217 possunt;
1222 1162 1286 1221 ac
1315 1148 1617 1217 prmsertim
1652 1162 1719 1201 cx
1755 1163 1807 1201 Iv
1847 1162 2073 1217 evange-

489 1239 742 1295 listarum
777 1254 1075 1295 consensu.
1115 1238 1288 1294 Nemo
1329 1240 1474 1294 enim
1524 1240 1616 1309 qui
1672 1240 1892 1309 quidem
1927 1248 2072 1294 recte

491 1332 711 1394 sentiat,
752 1330 1052 1399 rejicienda
1085 1331 1175 1384 illa
1200 1330 1304 1385 sibi
1328 1330 1701 1401 persuadebit,
1738 1348 1859 1401 qua:
1888 1346 1917 1384 a
1951 1329 2075 1400 Spi-

492 1422 602 1476 ritu
651 1432 843 1479 sancto
876 1422 930 1477 in
980 1423 1350 1479 sacrosanctis
1390 1422 1701 1494 Evangeliis
1730 1424 2074 1479 exactissime

496 1521 624 1568 sunt
657 1522 900 1583 peracta.

563 1603 727 1658 XXII.
769 1603 1039 1660 Cancrum
1077 1621 1144 1660 ex
1177 1606 1283 1659 alio
1312 1611 1575 1675 praeterea
1608 1605 1786 1675 capite
1820 1614 2071 1660 sanctum

495 1697 910 1767 evangelistam,
952 1698 1037 1751 vel
1080 1697 1255 1767 ipsius
1294 1698 1475 1768 potius
1508 1696 1862 1767 Evangelium
1894 1713 2071 1751 accu—

494 1796 655 1855 sant;
690 1789 983 1858 quoniam,
1019 1790 1275 1860 inquiunt
1299 1829 1314 1853 ,
1343 1789 1582 1845 Joannes
1611 1789 1720 1844 duo
1748 1790 1818 1845 ab
1855 1789 2074 1843 Christo

2169 604 2498 674 ἐρχόμενον
2536 605 2628 658 ἐπ’
2663 604 2887 669 αὑτὸν,
2934 601 3111 671 οὗτός
3154 606 3698 670 ἐστινηἋποστέλλων

2170 694 2280 768 γὰρ
2309 697 2337 748 ὁ
2362 697 2555 768 Πατὴρ
2584 695 2675 749 τὸν
2718 697 2970 764 Ἰωάννην
3000 694 3302 767 βαπτίζειν,
3324 696 3476 749 τοῦτο
3505 697 3632 766 αὐτῷ
3652 697 3703 750 τὸ

2174 790 2397 857 σημεῖον
2422 787 2753 860 ἐδωρήσατο,
2780 790 2868 855 ἵν’,
2902 791 3030 843 ὅταν
3059 789 3167 863 ἴδῃ,
3200 789 3403 860 ἐπιγνῷ
3420 789 3505 843 τὸν
3529 790 3704 844 ἄνωθεν

2171 879 2229 929 ἐν
2262 878 2339 947 τῷ
2378 878 2570 949 κόσμῳ
2619 880 3014 945 ἀποσταλέντα,
3044 881 3274 951 Σωτῆρα
3314 881 3406 933 καὶ
3451 880 3705 951 εὐεργέτην

2170 966 2278 1019 τῶν
2304 969 2587 1038 ἡμετέρων
2614 968 2819 1038 ψυχῶν.
2847 969 3266 1039 Ἀνατρέπονται
3292 971 3465 1022 τοίνυν
3491 971 3537 1021 oi
3559 969 3705 1022 τοιοῦ-

2170 1073 2252 1110 τοι
2277 1057 2383 1109 άπὸ
2414 1058 2513 1128 τῆς
2540 1058 2799 1129 ἀληθείας
2832 1059 2941 1112 τῶν
2982 1038 3239 1113 τοιούτων
3276 1061 3313 1112 Γ
3318 1038 3497 1131 pagi-3v
3520 1059 3602 1111 καὶ
3625 1059 3707 1128 τῆς

2173 1146 2460 1218 ἀκριϐείας
2486 1166 2499 1179 ·
2528 1147 2761 1216 μάλιστα
2807 1148 2916 1200 άπὸ
2947 1150 3049 1218 τῆς
3083 1146 3396 1217 συμφωνίας
3424 1145 3525 1197 τῶν
3547 1145 3708 1198 τεσσά-

2175 1254 2285 1309 ρων
2324 1238 2749 1307 εὐαγγελιστῶν.
2799 1241 2875 1292 Οὐ
2909 1241 3017 1309 γάρ
3053 1256 3136 1304 τις
3185 1239 3294 1291 τῶν
3346 1237 3708 1309 εὐφρανούντων

2173 1329 2465 1383 ἀποῦάλλοι
2500 1330 2570 1383 τὰ
2598 1329 2675 1400 τῷ
2720 1330 2860 1400 ἁγίῳ
2884 1330 3161 1400 Πνεύματι
3196 1332 3252 1382 ὲν
3285 1312 3397 1391 τοῖς
3436 1328 3596 1397 ἁγίοις
3622 1327 3709 1383 Εὒο

2175 1422 2448 1492 αγγελίοις
2474 1423 2717 1495 ἀκριϐῶς
2743 1425 2921 1494 πάντη
2951 1422 3511 1495 πεπραγματευμένα.

2244 1602 2371 1655 KB'.
2412 1602 2795 1673 Κατηγοροῦσι
2818 1603 2875 1657 δὲ
2897 1604 3056 1657 πάλιν
3080 1603 3188 1674 (44)
3216 1604 3264 1656 οί
3295 1603 3449 1657 αὐτοὶ
3474 1600 3561 1655 τοῦ
3584 1602 3714 1670 ἁγίου

2174 1695 2581 1764 εὐαγγελιστοῦ,
2617 1696 2814 1767 μᾶλλον
2843 1697 2901 1750 δὲ
2932 1696 3025 1750 τοῦ
3048 1696 3224 1749 αὑτοῦ
3246 1695 3597 1764 Εὐαγγελίου,
3630 1696 3713 1755 ὅτι,

2179 1787 2362 1856 φησὶν,
2393 1787 2422 1839 6
2454 1788 2707 1860 Ἰωάννης
2733 1788 2834 1860 ἔφη
2865 1791 2993 1861 περὶ
3019 1789 3111 1842 δυο
3133 1788 3366 1859 Πασχῶν
3393 1789 3482 1841 τὸν
3524 1787 3715 1857 Σωτῆρα

494 1881 766 1935 celebrata
798 1879 1066 1937 Paschata
1118 1890 1551 1947 commemorat,
1582 1898 1705 1937 cum
1741 1883 1907 1937 unius
1939 1882 2075 1936 dun—

2180 1880 2537 1950 πεποιηκότα,
2570 1882 2618 1934 oi
2663 1880 2720 1934 δὲ
2758 1881 2908 1937 ἄλλοι
2959 1881 3344 1951 εὐαγγελισταὶ
3397 1880 3518 1951 περὶ
3562 1879 3718 1948 Πάσχα

495 1980 645 2026 taxat
670 1974 850 2027 caeteri
893 1975 1225 2029 mentionem
1260 1974 1507 2029 fecerint.
1545 1973 1654 2029 Nec
1686 1974 1814 2029 illud
1847 1976 2077 2045 ineptis-

494 2064 618 2117 simi
661 2065 908 2119 homines
963 2064 1444 2128 animadvertunt,
1499 2081 1607 2119 non
1660 2067 1768 2120 duo
1809 2066 1986 2121 solum
2021 2065 2077 2118 in

492 2154 799 2226 Evangeliis
848 2155 1117 2212 Paschata
1157 2157 1590 2227 comprehendi,
1640 2158 1734 2212 sed
1783 2158 1851 2211 ad
1893 2157 2079 2227 priora

494 2248 584 2302 illa
614 2248 723 2303 duo
756 2249 976 2304 tertium
1008 2248 1292 2311 accedere,
1335 2250 1389 2303 in
1419 2264 1530 2320 quo
1557 2248 1809 2304 Salvator
1841 2256 1925 2304 εει
1954 2265 2080 2319 pas-

494 2356 590 2395 sus
616 2381 631 2405 ,
664 2347 723 2395 ut
756 2340 981 2395 omnino
1006 2340 1109 2395 tria
1140 2340 1253 2395 sint
1290 2343 1384 2395 toti
1408 2341 1484 2397 illi
1511 2341 1915 2410 przedicationis
1947 2347 2081 2394 tem-

403 2428 423 2445 “
495 2433 611 2502 pori
652 2434 961 2491 tribuenda.
991 2431 1204 2488 Etenim
1233 2433 1418 2489 statim
1455 2442 1515 2487 ut
1544 2448 1574 2486 a
1603 2431 1842 2487 Jordane
1870 2431 2083 2503 digres-

494 2543 590 2582 sus
619 2532 737 2592 est,
772 2535 888 2581 erat
910 2566 925 2591 ,
967 2534 1027 2581 ut
1056 2541 1086 2579 a
1123 2525 1272 2580 Luca
1302 2526 1569 2596 scriptum
1604 2535 1719 2591 est,
1758 2522 1916 2578 Iesus
1953 2524 2082 2577 inci-

493 2618 640 2681 piens
671 2634 783 2673 esse
810 2619 963 2688 quasi
1008 2635 1267 2673 annorum
1312 2635 1444 2680 xxx,
1487 2619 1653 2687 filius,
1677 2624 1736 2671 ut
1767 2615 2080 2686 putabatur,

492 2707 718 2779 Joseph,
768 2711 858 2780 qui
909 2711 1012 2779 fuit
1055 2710 1144 2764 Eli
1175 2712 1217 2775 ',
1260 2720 1366 2766 etc.
1408 2710 1569 2765 Anno
1608 2711 1812 2782 quippe
1849 2709 2081 2781 Augusti

494 2802 843 2872 imperatoris
877 2818 984 2856 xui
1018 2813 1180 2859 natus
1206 2813 1290 2859 est
1328 2802 1615 2866 Christus,
1649 2805 1739 2872 qui
1782 2808 1900 2856 erat
1928 2817 2079 2864 χχιι,

493 2910 560 2948 ex
583 2910 692 2964 quo
724 2891 957 2949 Romani
999 2895 1105 2950 sibi
1132 2893 1349 2950 Iudaeos
1383 2894 1765 2965 adjunxerant.
1802 2893 2081 2964 Siquidem

494 2985 776 3055 Augustus
822 3002 917 3040 xm
973 2988 1134 3043 annis
1182 2987 1512 3058 imperavit,
1569 2995 1863 3056 antequam
1895 2984 2082 3053 Judaea

494 3078 713 3147 penitus
757 3087 904 3134 esset
936 3077 1202 3134 Romanis
1253 3079 1531 3149 adjuncta.
1588 3077 1916 3148 Quanquam
1961 3083 2084 3147 post

495 3184 672 3224 annos
702 3167 848 3235 fere,
903 3183 1068 3237 quam
1110 3167 1385 3238 imperare
1418 3174 1661 3239 coeperat
1685 3206 1699 3229 ,
1745 3167 1866 3237 plus
1900 3167 2083 3223 minus

494 3269 735 3332 quatuor
778 3260 957 3317 foedus
997 3262 1136 3318 inter
1173 3260 1455 3316 Romanos
1495 3276 1561 3314 ac
1606 3258 1829 3315 Iudaeos
1881 3257 2082 3313 initum

495 3354 692 3421 fuerat,
727 3353 1044 3424 auxiliaque
1066 3354 1364 3409 submissa.
1404 3351 1550 3418 Quin
1584 3362 1637 3405 et
1666 3359 1994 3421 procurator
2027 3351 2083 3404 in

492 3441 679 3499 Iudaea
732 3444 1103 3509 constitutus,
1159 3460 1224 3499 ac
1255 3444 1509 3498 nonnihil
1548 3443 1878 3497 tributorum
1918 3443 2085 3513 quin-

494 3551 601 3604 que
625 3536 1019 3605 propemodum
1056 3536 1219 3592 annis
1267 3533 1535 3590 indictum
1558 3574 1572 3597 ,
1602 3536 1779 3613 donec
1808 3533 2085 3590 Romano-

494 3642 616 3680 rum
645 3625 840 3681 ditioni
870 3630 1030 3683 cessit
1055 3628 1270 3698 penitus
1296 3668 1310 3693 ,
1346 3635 1400 3682 et
1431 3627 1660 3681 omnino
1683 3628 1967 3697 vectigalis
2001 3636 2084 3682 est

497 3715 661 3779 facta,
694 3732 817 3771 cum
844 3716 957 3787 jam
1000 3717 1279 3788 principes
1312 3733 1342 3771 e
1375 3717 1520 3771 tribu
1545 3714 1701 3772 Iuda:
1728 3717 2080 3785 defecissent,

493 3819 551 3864 et
583 3807 824 3863 Herodes
855 3825 919 3863 ex
949 3810 1224 3880 gentibus,
1267 3808 1362 3863 sed
1398 3817 1578 3865 tamen
1620 3810 1955 3881 prosclytus,
1998 3826 2084 3866 re-

496 3916 663 3965 gnum
695 3900 985 3956 obtineret.
1040 3900 1236 3955 Postea
1271 3916 1399 3955 vero
1448 3901 1706 3959 Christus
1747 3902 2083 3960 Bethleltemi

493 3989 696 4047 ludam
715 4000 879 4048 natus
904 4003 1009 4060 est,
1040 3999 1095 4048 et
1119 3993 1186 4047 ad
1220 3994 1612 4064 auspicandum
1638 3995 2081 4065 pnedicalionem

495 4085 738 4154 prodiit;
806 4100 917 4157 quo
973 4093 1218 4156 tempore
1267 4085 1474 4141 Christi
1531 4084 1701 4142 duces
1770 4089 1931 4159 plane
1988 4088 2085 4144 dc-

568 4225 582 4251 ‘
605 4220 768 4278 Joan.
801 4237 841 4288 ι,
868 4221 958 4277 35.
1035 4222 1057 4254 ¹
1086 4220 1223 4277 Luc.
1260 4238 1342 4287 ιιι,
1362 4222 1456 4280 ‘23.

566 4356 678 4427 (44)
720 4354 1136 4427 Κατηγοοροῦσι
1175 4356 1245 4410 δὲ
1277 4356 1487 4413 πάλιν.
1543 4356 1762 4411 ΝυΙΙιιιιι
1793 4365 1879 4413 εει
1909 4358 1963 4412 in
1996 4359 2084 4414 his

497 4427 655 4482 libris
709 4437 1113 4498 argumentum,
1157 4428 1211 4498 in
1252 4444 1362 4496 quo
1392 4428 1681 4483 tractando
1722 4429 1845 4497 plus
1902 4436 2083 4498 «merae

498 4512 564 4551 ac
597 4498 761 4580 studii
782 4497 1003 4579 pararit
1019 4497 1379 4580 Epiphanius,
1394 4514 1567 4580 nquam
1600 4500 1653 4552 in
1674 4514 1737 4553 ea
1751 4497 2077 4580 quaestione,

2180 1970 2318 2033 ἑνός.
2354 1972 2465 2023 Καὶ
2501 1972 2602 2024 οὐκ
2649 1972 2855 2025 οἴδασιν
2890 1975 2938 2026 oi
2988 1973 3214 2036 ἰδιῶται,
3246 1972 3328 2025 ὅτι
3369 1972 3431 2024 οὐ
3480 1970 3622 2041 μόνον
3647 1968 3720 2021 δύο

2183 2063 2374 2131 Πάσχα
2410 2062 2663 2133 ὁμολογεῖ
2690 2064 2759 2117 τά
2799 2064 3127 2133 Εὐαγγέλια,
3162 2063 3296 2118 ἀλλὰ
3326 2062 3421 2116 δύο
3445 2062 3538 2133 μὲν
3563 2059 3722 2131 πρῶτα

2180 2154 2358 2221 λέγει,
2410 2156 2505 2207 καὶ
2551 2156 2684 2209 αὐτὸ
2718 2156 2774 2210 δὲ
2819 2158 2877 2209 ἐν
2920 2150 2963 2224 ᾧ
3008 2156 3274 2209 πέπονθεν
3308 2158 3337 2208 ὁ
3381 2155 3588 2224 Σωτὴρ.
3621 2150 3722 2222 τρία

2181 2244 2374 2315 Πάσχα
2407 2245 2515 2299 τῶν
2567 2249 2625 2300 ὲν
2669 2247 2748 2318 τῷ
2800 2247 3113 2319 κηρύγματι
3159 2245 3720 2318 πεπραγματευμένον).

2184 2336 2357 2399 Εὐθὺς
2393 2336 2505 2408 γάρ
2534 2337 2642 2391 ἀπὸ
2674 2337 2768 2391 τοῦ
2817 2338 3106 2408 Ἰορδάνου,
3136 2338 3211 2401 ὡς
3250 2340 3279 2391 ὁ
3325 2338 3536 2399 Λουκᾶς
3571 2350 3721 2405 φησιν,

2181 2424 2262 2499 ἦν
2307 2431 2339 2483 ό
2383 2430 2623 2495 Ἰησοῦς
2669 2431 3004 2500 ἀρχόμενος
3077 2426 3231 2484 εἶναι
3276 2430 3361 2496 ὡς
3407 2428 3554 2482 ἐτῶν
3595 2424 3723 2494 τριά-

2183 2538 2387 2586 κοντα,
2430 2522 2515 2575 ὢν
2557 2522 2707 2589 υἱὸς,
2750 2522 3186 2592 ὡςνένομίζετο,
3229 2521 3338 2576 τοῦ
3385 2521 3603 2588 Ἰωσὴφ,
3640 2517 3724 2571 τοῦ

2197 2610 2352 2674 Ἠλὶ,
2406 2611 2501 2665 καὶ
2546 2612 2640 2665 ὲπὶ
2689 2611 2761 2666 τὰ
2803 2613 3082 2684 ἀνωτέρω.
3132 2613 3397 2668 Γεννᾶται
3442 2612 3535 2683 μὲν
3577 2607 3726 2679 γάρό

2183 2699 2373 2775 Σωτὴρ
2413 2701 2491 2773 τῷ
2538 2702 2957 2775 τεσσαρακοστῷ
3005 2704 3244 2777 δευτέρῳ
3296 2703 3412 2758 ἔτει
3455 2700 3724 2772 Αὐγούστου

2187 2792 2449 2862 βασιλέως
2493 2794 2602 2848 τῶν
2647 2795 2973 2866 Ῥωμαίων
3005 2798 3142 2869 ὅπερ
3182 2793 3251 2868 ἦν
3299 2796 3582 2867 Ῥωμαίων
3619 2791 3726 2861 πρὸς

2197 2884 2482 2948 Ἰουδαίους
2506 2885 2798 2954 συναφείας
2825 2886 3070 2940 εἰκοστὸν
3104 2886 3289 2939 ἔνατον
3322 2886 3462 2949 ἔτος.
3488 2879 3727 2937 Βασιλεύει

2189 2975 2287 3046 μὲν
2314 2977 2424 3048 γὰρ
2464 2977 2774 3047 Αὔγουστος
2796 2981 3153 3051 τρισκαίδεκα
3185 2980 3281 3050 ἔτη
3314 2978 3482 3051 πρινὴ
3509 2976 3598 3047 τὴν
3627 2975 3729 3025 Ἰου-

2185 3068 2339 3122 δαίαν
2383 3070 2718 3143 συναορθῆναι
2766 3072 2989 3138 τελείως
3044 3072 3359 3143 Ῥωμαίοις.
3415 3067 3522 3124 Ἦν
3569 3067 3618 3120 δὲ
3655 3063 3727 3118 καὶ

2109 3202 2153 3260 C
2185 3158 2336 3225 ἐξότε
2367 3161 2718 3215 ἐϐασίλευσεν
2747 3161 3057 3233 Αὔγουστος
3097 3162 3236 3235 μετὰ
3267 3161 3367 3234 ἔτη
3404 3162 3628 3229 τέσσαρα
3653 3158 3728 3224 τῆς

2185 3252 2350 3305 αὐτοῦ
2401 3253 2676 3323 βασιλείας
2712 3255 2881 3309 πλείω
2919 3257 2952 3328 ἢ
2998 3257 3232 3322 ἐλάσσω,
3279 3256 3439 3326 φιλία
3487 3253 3579 3326 μὲν
3618 3252 3727 3303 Ῥω·

2189 3343 2363 3414 μαίων
2389 3345 2528 3416 πρὸς
2578 3346 2884 3413 Ἰουδαίους,
2925 3350 3021 3401 καὶ
3075 3348 3367 3420 συμμαχία
3410 3343 3727 3416 πεμπομένην

2185 3435 2281 3488 καὶ
2328 3435 2623 3508 ἐπίτροπος
2652 3435 3081 3510 καθιστάμενος,
3124 3439 3218 3492 καὶ
3267 3439 3415 3510 μέρη
3454 3437 3620 3508 φόρων
3658 3430 3730 3485 ἐπὶ

2186 3529 2349 3581 πέντε
2374 3528 2519 3582 ἔτεσι
2550 3530 2771 3604 πλείωῆ
2803 3530 3018 3586 ἐλάσσω
3039 3550 3052 3564 ·
3084 3531 3188 3597 ἕως
3243 3533 3371 3585 ὅτου
3398 3530 3568 3585 τέλεον
3615 3542 3728 3593 τιαρ-

2185 3619 2340 3691 εδόθη
2388 3622 2421 3692 ἡ
2474 3621 2734 3688 Ἰουδαία,
2767 3625 2862 3679 καὶ
2907 3626 3012 3681 ὑπὸ
3045 3626 3207 3697 φόρον
3248 3626 3545 3697 γεγένηται
3561 3619 3729 3675 τελειό-

2178 3730 2355 3768 τατα¹
2412 3712 2693 3786 ληξάντων
2763 3718 2871 3772 τῶν
2927 3720 3035 3773 ἀπὸ
3093 3719 3261 3773 Ἰούδα
3313 3720 3615 3792 ἀρχόντων,
3655 3710 3729 3765 καὶ

2197 3807 2433 3877 Ἡρώδου
2460 3809 2518 3874 ἐξ
2536 3810 2701 3863 ἐθνῶν
2722 3811 3177 3875 κατασταθέντος,
3200 3812 3539 3883 προσηλύτου
3563 3809 3731 3880 μέντοι·

2182 3915 2269 3967 γε.
2302 3896 2434 3953 Εἶτα
2461 3901 2699 3973 Χριστοῦ
2740 3904 3088 3975 γεννηθέντος
3114 3905 3172 3957 ὲν
3203 3903 3459 3972 Βηθλεὲμ
3493 3904 3587 3971 τῆς
3626 3899 3729 3950 Ἰον·

2183 3990 2367 4055 δαίας,
2398 3993 2642 4059 ἐλθόντος
2692 4012 2752 4047 τε
2797 3996 2889 4048 ἐπὶ
2928 3995 2989 4049 τὸ
3037 3996 3323 4067 κήρυγμα,
3369 3996 3632 4066 ληξάντων
3658 3989 3730 4043 καὶ

2185 4082 2439 4156 Χριστῶν
2467 4086 2810 4158 ἡγουμένων,
2836 4085 3244 4157 διαρκεσάντων
3278 4086 3388 4150 ἕως
3420 4083 3728 4151 Ἀλεξάνδρου

2187 4353 2483 4425 nologicis;
2535 4362 2595 4408 ut
2623 4366 2676 4410 et
2714 4355 2783 4411 de
2808 4354 3165 4410 illustrissimi
3205 4355 3422 4411 Baronii
3450 4350 3727 4425 Auuaiifm.

2188 4440 2252 4479 ac
2280 4423 2494 4482 cieteris
2523 4425 2956 4496 cbronographis
2985 4435 3215 4482 taceam.
3248 4426 3497 4493 Quorum
3523 4423 3727 4478 omnium

2186 4504 2309 4565 post
2334 4504 2444 4549 tam
2469 4497 2799 4565 exquisitam
2837 4505 2891 4551 ct
2945 4505 3194 4551 exactam
3225 4512 3474 4567 operam,
3515 4507 3729 4567 superva-

497 4582 605 4639 qna
644 4565 909 4639 Dominici
939 4561 1161 4639 natalis,
1189 4575 1244 4622 et
1261 4561 1536 4637 passionis
1559 4584 1738 4622 annus
1760 4561 2075 4639 inquiritur.
2114 4561 2156 4616 lt
2187 4561 2416 4639 cuneum
2471 4561 2642 4621 videri
2678 4574 2909 4636 poterat.
2953 4582 2983 4621 a
3022 4569 3181 4621 nobis
3210 4561 3277 4623 ea
3304 4561 3729 4639 disputari—velu-

500 4636 608 4710 Sed
668 4651 769 4710 nec
820 4636 1108 4710 obscurior
1140 4636 1373 4710 usquam
1416 4640 1571 4710 locus
1612 4647 1717 4701 est,
1759 4636 1853 4710 ιιιιί
1887 4639 1939 4692 in
1972 4657 2080 4710 quo

500 4709 684 4760 minus
709 4707 991 4773 interpreti
1019 4707 1392 4776 tergiversari,
1423 4724 1490 4762 ac
1517 4707 1870 4764 dissimulare
1896 4707 2077 4765 liceat.

498 4776 735 4850 Tantum
767 4776 960 4850 abest,
1017 4785 1076 4850 ut
1112 4780 1266 4850 in_eo
1308 4777 1640 4834 declarando
1666 4794 1735 4834 ne
1763 4780 1837 4835 sit
1870 4780 2083 4850 longior

496 4847 673 4903 vereri
697 4846 909 4909 debeat,
942 4854 1035 4900 aut
1064 4847 1312 4902 instituta
1361 4864 1421 4903 se
1460 4860 1714 4903 notarum
1750 4858 1804 4904 et
1833 4846 2081 4905 aniniad-

496 4918 811 4991 versionem
838 4916 1104 4991 brevitate
1146 4917 1457 4991 defendere.
1484 4919 1663 4989 Atque
1689 4934 1752 4973 ea
1778 4936 1910 4975 sane
1934 4936 2082 4991 quaa-

496 4990 603 5061 stio
633 5004 757 5042 cum
811 5002 919 5061 non
946 4989 1151 5061 minus
1174 4990 1275 5044 hac
1304 4998 1645 5059 tempestate,
1679 5006 1841 5059 quam
1879 4989 2079 5061 priscis

498 5060 607 5113 illis
631 5058 993 5127 temporibus.
1021 5060 1267 5115 eruditos
1316 5058 1588 5121 exerceat.
1612 5077 1678 5116 eo
1704 5058 1945 5130 denique
1979 5064 2078 5117 ad-

496 5130 658 5203 ducta
688 5146 776 5203 res
801 5137 989 5203 estqui
1018 5131 1110 5200 qui
1141 5131 1416 5203 inscitiam
1447 5147 1601 5186 suam
1643 5133 1875 5203 ingenue
1900 5133 2078 5187 fassus

500 5199 693 5271 fuerit,
712 5199 1087 5270 pudentiorem
1119 5201 1324 5254 exitum
1357 5210 1585 5271 quaerat.
1641 5199 1803 5271 quam
1850 5204 1894 5256 si
1940 5204 2077 5257 certi

499 5270 726 5339 aliquid,
789 5280 841 5324 et
886 5271 1161 5340 explorati
1196 5270 1385 5327 tenere
1427 5287 1487 5328 se
1520 5270 1681 5341 posse
1720 5274 1979 5327 confidat.
2013 5272 2080 5327 Ut

496 5342 639 5392 enim
675 5341 1132 5413 a_vetustioribus
1180 5342 1398 5397 initium
1450 5351 1730 5413 repetam;
1762 5344 1888 5413 quis
1935 5355 2082 5398 ante.

500 5424 661 5475 quam
703 5408 948 5480 Dionysii
983 5413 1222 5482 vulgaris
1258 5414 1345 5467 illa
1377 5408 1530 5467 ratio'
1560 5408 1985 5481 percrebuisset,
2024 5415 2078 5468 in

498 5487 726 5553 certam,
758 5495 820 5532 ac
844 5483 1197 5537 consalutant
1218 5484 1543 5538 sententiam
1574 5484 1776 5537 includi
1806 5501 1862 5540 se
1884 5500 2078 5553 passus

496 5556 583 5627 est
604 5547 643 5626 ?_
672 5548 915 5617 Longum
967 5564 1090 5614 est,
1135 5563 1189 5607 et
1243 5557 1485 5627 otiosum
1547 5565 1814 5627 veterum
1850 5547 2076 5627 Fatrum

497 5624 788 5694 opiniones
815 5633 1009 5674 omnes
1035 5625 1288 5694 persequi
1315 5642 1330 5685 ;
1364 5625 1529 5693 idque
1542 5627 1611 5679 ab
1628 5625 1752 5679 aliis
1786 5624 2078 5694 diligenter

499 5695 583 5765 est
621 5686 863 5765 factum;
902 5686 1261 5765 pra-sertint'a
1294 5686 1523 5749 Dekerio
1573 5703 1760 5750 nostro
1790 5696 1866 5765 τῷ
1888 5686 2077 5765 ’μακα-

506 5755 665 5836 ait“,
683 5764 736 5808 et
776 5753 985 5836 Joanne
1040 5759 1719 5836 liepleroinatliematiro.
1764 5753 2076 5836 ἱιιέἰηιιιιιιι

508 5826 600 5880 illa
614 5826 1007 5884 dissertatione
1030 5829 1102 5884 De
1125 5826 1262 5887 anno
1290 5833 1567 5901 Natali,ct
1603 5836 1653 5889 in
1692 5835 1897 5907 Erloyis
1927 5837 2078 5890 chro-

2186 4638 2448 4700 mentins,
2471 4653 2601 4712 quae
2633 4631 2796 4692 anxie
2816 4639 2914 4712 _ab_
2943 4639 3051 4712 illis
3079 4645 3231 4712 sunt,
3265 4631 3618 4712 accurateque.
3638 4631 3728 4712 dis-

2184 4722 2372 4769 cussa,
2429 4709 2533 4763 nisi
2605 4724 2706 4764 nos
2766 4707 2832 4762 ad
2865 4709 2916 4762 id
2970 4709 3132 4763 etiam
3178 4708 3378 4764 invitos
3430 4707 3729 4778 Epiphanius

2184 4778 2323 4847 ipse,
2370 4792 2435 4849 ac
2474 4779 2739 4849 suscepti
2782 4781 3028 4835 muneris
3088 4778 3223 4833 fides
3286 4773 3600 4849 impelleret.
3636 4773 3728 4826 Erit

2184 4854 2366 4919 autem
2395 4848 2519 4903 huic
2545 4847 2789 4911 conatui,
2817 4850 3099 4919 laborique
3128 4857 3317 4905 nostro
3350 4847 3526 4903 facilis
3553 4847 3723 4903 leCIor.

2184 4920 2229 4973 si
2263 4918 2364 4971 hoc
2401 4932 2533 4991 ante
2557 4927 2861 4989 spectatum
2880 4920 3190 4991 agnoverit,
3212 4930 3272 4973 ut
3303 4919 3727 4991 infinitamme

2182 4988 2641 5062 controversiam,
2703 4988 3060 5060 omniumque
3095 4989 3309 5062 jud:cio
3363 4988 3723 5062 difﬁcillimam.

2182 5073 2361 5128 neque
2402 5059 2635 5132 brevius
2697 5075 2861 5129 quam
2924 5076 3011 5115 res
3048 5068 3196 5114 tanta
3242 5059 3509 5132 disputari
3563 5059 3724 5126 posstl.

2184 5145 2362 5198 neque
2401 5130 2618 5201 longius
2647 5146 2811 5199 quam
2852 5147 3081 5187 necesse
3110 5133 3204 5191 sit.
3232 5130 3725 5201 suininaiverocuul

2187 5195 2445 5255 facilitate
2499 5195 2935 5270 complecterer:
2996 5211 3050 5256 et
3095 5218 3157 5256 ea
3188 5218 3309 5271 qua:
3360 5202 3431 5254 ab
3463 5195 3727 5271 ingeniosis

2181 5271 2469 5339 doctisque
2507 5271 2644 5324 viris
2690 5271 2759 5325 de
2796 5283 2858 5324 ea
2908 5287 2967 5325 re
3001 5270 3236 5327 solerter
3258 5273 3559 5340 excogitata
3597 5270 3722 5321 sunt.

2182 5338 2524 5416 accessione
2562 5342 2744 5416 aliqua
2806 5351 3003 5416 nostra
3080 5345 3358 5416 cumulata
3401 5338 3721 5416 :proferretn.

2183 5413 2362 5477 Quare
2398 5411 2596 5481 duplex
2647 5412 2750 5466 erit
2806 5411 2908 5465 hoc
2954 5414 3076 5467 loco
3124 5412 3450 5481 disputanda
3489 5411 3721 5481 qtizestiu:

2184 5484 2353 5535 altera
2380 5483 2447 5536 de
2476 5478 2620 5535 anno
2655 5483 2793 5551 ipso,
2812 5497 2920 5551 quo
2942 5491 3105 5537 natus
3135 5478 3229 5538 esti
3251 5484 3531 5543 Christus;
3562 5478 3723 5551 altera.

2182 5553 2251 5621 de
2302 5568 2367 5606 eo
2424 5568 2536 5621 quo
2597 5543 2793 5621 passus
2831 5543 2958 5609 ἐει.
3004 5556 3159 5619 (Qum
3190 5555 3274 5607 hic
3308 5554 3369 5607 de
3403 5568 3537 5604 anno
3564 5543 3722 5599 Natali

2183 5620 2385 5678 Christi
2402 5620 2453 5677 et
2482 5640 2542 5677 eo
2572 5620 2673 5691 quo
2699 5640 2889 5692 passus
2918 5634 2995 5676 est
3029 5626 3311 5691 disputat-it
3345 5620 3599 5677 Petavius.
3626 5627 3721 5692 (ιιιε

2178 5695 2478 5757 prolixiora
2515 5678 2619 5765 sirit
2655 5678 2710 5746 ιιί
2736 5696 2870 5747 inter
2902 5704 3055 5749 notos
3088 5678 3256 5765 locum
3296 5695 3533 5751 habeant,
3577 5678 3721 5765 eant-71

2182 5756 2532 5832 Appendiccm
2566 5764 3008 5818 Dissertationum
3035 5764 3433 5819 amandarimus
3463 5776 3583 5832 quas
3622 5756 3721 5821 Et";

2181 5834 2364 5906 plmm'i
2406 5835 2648 5905 operibus
2678 5834 3016 5903 subjecimus.
3056 5836 3234 5906 Eun.)
