  <div class='ocr_page' id='page_1' title='image "/cluster/home/n/w/nwhite01/storage/ocr_20150623/41:no.1/coo.31924054869387/472.png"; bbox 0 0 3958 6420; ppageno 0'>
   <div class='ocr_carea' id='block_1_1' title="bbox 156 404 378 467">
    <p class='ocr_par' dir='ltr' id='par_1_1' title="bbox 156 404 378 467">
     <span class='ocr_line' id='line_1_1' title="bbox 156 404 378 467; baseline -0.027 0"><span class='ocrx_word' id='word_1_1' title='bbox 156 450 165 467; x_wconf 96' lang='lat'><strong>.</strong></span> <span class='ocrx_word' id='word_1_2' title='bbox 264 404 378 462; x_wconf 66' lang='lat'><strong>99.9</strong></span> 
     </span>
    </p>
   </div>
   <div class='ocr_carea' id='block_1_2' title="bbox 977 398 2858 467">
    <p class='ocr_par' dir='ltr' id='par_1_2' title="bbox 977 398 2858 467">
     <span class='ocr_line' id='line_1_2' title="bbox 977 398 2858 467; baseline 0.003 -8"><span class='ocrx_word' id='word_1_3' title='bbox 977 401 1349 461; x_wconf 80' lang='lat' dir='ltr'><strong>ADVERSUS</strong></span> <span class='ocrx_word' id='word_1_4' title='bbox 1389 398 1735 458; x_wconf 68' lang='lat' dir='ltr'><strong>IIAERESES</strong></span> <span class='ocrx_word' id='word_1_5' title='bbox 1777 399 1903 455; x_wconf 85' lang='lat' dir='ltr'><strong>LIB.</strong></span> <span class='ocrx_word' id='word_1_6' title='bbox 1945 402 2011 458; x_wconf 92' lang='lat' dir='ltr'><strong>II.</strong></span> <span class='ocrx_word' id='word_1_7' title='bbox 2055 400 2220 461; x_wconf 62' lang='lat' dir='ltr'><strong>TOSI.</strong></span> <span class='ocrx_word' id='word_1_8' title='bbox 2264 400 2304 455; x_wconf 90' lang='lat' dir='ltr'><strong>I.</strong></span> <span class='ocrx_word' id='word_1_9' title='bbox 2334 434 2404 443; x_wconf 86' lang='lat'><strong>—-</strong></span> <span class='ocrx_word' id='word_1_10' title='bbox 2444 402 2721 465; x_wconf 68' lang='lat' dir='ltr'><strong>IIAEIIES.</strong></span> <span class='ocrx_word' id='word_1_11' title='bbox 2764 408 2858 467; x_wconf 82' lang='lat' dir='ltr'><strong>LI.</strong></span> 
     </span>
    </p>
   </div>
   <div class='ocr_carea' id='block_1_3' title="bbox 3453 405 3561 464">
    <p class='ocr_par' dir='ltr' id='par_1_3' title="bbox 3453 405 3561 464">
     <span class='ocr_line' id='line_1_3' title="bbox 3453 405 3561 464; baseline 0.009 -2"><span class='ocrx_word' id='word_1_12' title='bbox 3453 405 3561 464; x_wconf 77' lang='lat'><strong>930</strong></span> 
     </span>
    </p>
   </div>
   <div class='ocr_carea' id='block_1_4' title="bbox 262 508 1843 594">
    <p class='ocr_par' dir='ltr' id='par_1_4' title="bbox 262 519 1843 594">
     <span class='ocr_line' id='line_1_4' title="bbox 262 519 1843 594; baseline -0.001 -18"><span class='ocrx_word' id='word_1_13' title='bbox 262 521 601 594; x_wconf 77' lang='grc' dir='ltr'><strong>ἡγουμένου,</strong></span> <span class='ocrx_word' id='word_1_14' title='bbox 627 522 720 575; x_wconf 86' lang='lat' dir='ltr'><strong>xui</strong></span> <span class='ocrx_word' id='word_1_15' title='bbox 745 520 1012 586; x_wconf 83' lang='grc' dir='ltr'><strong>Σααλίνας</strong></span> <span class='ocrx_word' id='word_1_16' title='bbox 1034 522 1132 592; x_wconf 82' lang='grc' dir='ltr'><strong>τῆς</strong></span> <span class='ocrx_word' id='word_1_17' title='bbox 1163 523 1258 576; x_wconf 89' lang='lat' dir='ltr'><strong>xui</strong></span> <span class='ocrx_word' id='word_1_18' title='bbox 1291 519 1646 592; x_wconf 80' lang='grc' dir='ltr'>Ἀλεξάνδρας</span> <span class='ocrx_word' id='word_1_19' title='bbox 1665 538 1678 552; x_wconf 88' lang='grc'><strong>·</strong></span> <span class='ocrx_word' id='word_1_20' title='bbox 1708 521 1843 575; x_wconf 76' lang='grc' dir='ltr'><strong>ἆτινι</strong></span> 
     </span>
    </p>
   </div>
   <div class='ocr_carea' id='block_1_5' title="bbox 1949 508 3563 594">
    <p class='ocr_par' dir='ltr' id='par_1_5' title="bbox 1968 508 3563 594">
     <span class='ocr_line' id='line_1_5' title="bbox 1968 508 3563 594; baseline -0.001 -17"><span class='ocrx_word' id='word_1_21' title='bbox 1968 523 2210 590; x_wconf 86' lang='lat' dir='ltr'><strong>sierant;</strong></span> <span class='ocrx_word' id='word_1_22' title='bbox 2245 524 2338 594; x_wconf 99' lang='lat' dir='ltr'><strong>qui</strong></span> <span class='ocrx_word' id='word_1_23' title='bbox 2386 508 2605 594; x_wconf 84' lang='lat' dir='ltr'><strong>quidem</strong></span> <span class='ocrx_word' id='word_1_24' title='bbox 2639 527 2708 581; x_wconf 91' lang='lat' dir='ltr'><strong>ad</strong></span> <span class='ocrx_word' id='word_1_25' title='bbox 2741 524 3114 583; x_wconf 78' lang='lat' dir='ltr'><strong>Alexandrum</strong></span> <span class='ocrx_word' id='word_1_26' title='bbox 3152 535 3327 592; x_wconf 86' lang='lat' dir='ltr'><strong>usque</strong></span> <span class='ocrx_word' id='word_1_27' title='bbox 3358 520 3563 592; x_wconf 85' lang='lat' dir='ltr'><strong>princi-</strong></span> 
     </span>
    </p>
   </div>
   <div class='ocr_carea' id='block_1_6' title="bbox 265 611 1868 684">
    <p class='ocr_par' dir='ltr' id='par_1_6' title="bbox 265 611 1868 684">
     <span class='ocr_line' id='line_1_6' title="bbox 265 611 1868 684; baseline -0.003 -16"><span class='ocrx_word' id='word_1_28' title='bbox 265 616 443 669; x_wconf 90' lang='grc' dir='ltr'><strong>ταῦτα</strong></span> <span class='ocrx_word' id='word_1_29' title='bbox 472 614 651 666; x_wconf 87' lang='grc' dir='ltr'><strong>πάντα</strong></span> <span class='ocrx_word' id='word_1_30' title='bbox 683 612 936 676; x_wconf 72' lang='grc' dir='ltr'><strong>ἐτελεῖτο,</strong></span> <span class='ocrx_word' id='word_1_31' title='bbox 976 612 1258 684; x_wconf 80' lang='grc' dir='ltr'><strong>ἀρξάμενα</strong></span> <span class='ocrx_word' id='word_1_32' title='bbox 1304 612 1411 665; x_wconf 71' lang='grc' dir='ltr'><strong>ἀπὸ</strong></span> <span class='ocrx_word' id='word_1_33' title='bbox 1435 611 1536 681; x_wconf 80' lang='grc' dir='ltr'><strong>τῆς</strong></span> <span class='ocrx_word' id='word_1_34' title='bbox 1559 613 1868 683; x_wconf 80' lang='grc' dir='ltr'><strong>γεννήσεως</strong></span> 
     </span>
    </p>
   </div>
   <div class='ocr_carea' id='block_1_7' title="bbox 268 701 1871 777">
    <p class='ocr_par' dir='ltr' id='par_1_7' title="bbox 268 701 1871 777">
     <span class='ocr_line' id='line_1_7' title="bbox 268 701 1871 777; baseline -0.003 -18"><span class='ocrx_word' id='word_1_35' title='bbox 268 708 370 776; x_wconf 85' lang='grc' dir='ltr'><strong>τῆς</strong></span> <span class='ocrx_word' id='word_1_36' title='bbox 403 706 461 759; x_wconf 80' lang='grc' dir='ltr'>ὲν</span> <span class='ocrx_word' id='word_1_37' title='bbox 496 704 745 777; x_wconf 84' lang='grc' dir='ltr'><strong>Βηθλεὲμ</strong></span> <span class='ocrx_word' id='word_1_38' title='bbox 776 705 835 758; x_wconf 81' lang='grc' dir='ltr'><strong>ὲν</strong></span> <span class='ocrx_word' id='word_1_39' title='bbox 866 703 1291 775; x_wconf 74' lang='grc' dir='ltr'><strong>τεσσαρακοστῷ</strong></span> <span class='ocrx_word' id='word_1_40' title='bbox 1336 703 1576 775; x_wconf 84' lang='grc' dir='ltr'><strong>δευτέρῳ</strong></span> <span class='ocrx_word' id='word_1_41' title='bbox 1608 701 1720 756; x_wconf 77' lang='grc' dir='ltr'><strong>ἔτει</strong></span> <span class='ocrx_word' id='word_1_42' title='bbox 1769 703 1871 774; x_wconf 77' lang='grc' dir='ltr'><strong>τῆς</strong></span> 
     </span>
    </p>
   </div>
   <div class='ocr_carea' id='block_1_8' title="bbox 270 792 1870 869">
    <p class='ocr_par' dir='ltr' id='par_1_8' title="bbox 270 792 1870 869">
     <span class='ocr_line' id='line_1_8' title="bbox 270 792 1870 869; baseline -0.003 -19"><span class='ocrx_word' id='word_1_43' title='bbox 270 798 456 869; x_wconf 81' lang='grc' dir='ltr'>πάσης</span> <span class='ocrx_word' id='word_1_44' title='bbox 502 795 782 867; x_wconf 82' lang='grc' dir='ltr'>βασιλείας</span> <span class='ocrx_word' id='word_1_45' title='bbox 832 795 1168 866; x_wconf 85' lang='grc' dir='ltr'><strong>Αὐγούστου,</strong></span> <span class='ocrx_word' id='word_1_46' title='bbox 1193 795 1254 860; x_wconf 78' lang='grc' dir='ltr'><strong>ὃς</strong></span> <span class='ocrx_word' id='word_1_47' title='bbox 1290 792 1359 866; x_wconf 82' lang='grc' dir='ltr'><strong>ἦν</strong></span> <span class='ocrx_word' id='word_1_48' title='bbox 1388 794 1579 858; x_wconf 71' lang='grc' dir='ltr'><strong>ἔνατος</strong></span> <span class='ocrx_word' id='word_1_49' title='bbox 1624 794 1870 857; x_wconf 77' lang='grc' dir='ltr'><strong>ἐνιαυτὸς</strong></span> 
     </span>
    </p>
   </div>
   <div class='ocr_carea' id='block_1_9' title="bbox 269 886 1864 960">
    <p class='ocr_par' dir='ltr' id='par_1_9' title="bbox 269 886 1864 960">
     <span class='ocr_line' id='line_1_9' title="bbox 269 886 1864 960; baseline -0.002 -17"><span class='ocrx_word' id='word_1_50' title='bbox 269 889 382 943; x_wconf 83' lang='grc' dir='ltr'><strong>ἀπὸ</strong></span> <span class='ocrx_word' id='word_1_51' title='bbox 402 888 502 957; x_wconf 84' lang='grc' dir='ltr'><strong>τῆς</strong></span> <span class='ocrx_word' id='word_1_52' title='bbox 524 888 828 959; x_wconf 78' lang='grc' dir='ltr'><strong>ἐπιτροπῆς</strong></span> <span class='ocrx_word' id='word_1_53' title='bbox 857 887 1215 960; x_wconf 68' lang='grc' dir='ltr'><strong>Ἀντιπάτρου</strong></span> <span class='ocrx_word' id='word_1_54' title='bbox 1244 887 1340 940; x_wconf 87' lang='grc' dir='ltr'><strong>τοῦ</strong></span> <span class='ocrx_word' id='word_1_55' title='bbox 1369 887 1575 960; x_wconf 84' lang='grc' dir='ltr'><strong>πατρὸς</strong></span> <span class='ocrx_word' id='word_1_56' title='bbox 1602 886 1864 959; x_wconf 84' lang='grc' dir='ltr'><strong>Ἡρώδου,</strong></span> 
     </span>
    </p>
   </div>
   <div class='ocr_carea' id='block_1_10' title="bbox 266 974 1866 1051">
    <p class='ocr_par' dir='ltr' id='par_1_10' title="bbox 266 974 1866 1051">
     <span class='ocr_line' id='line_1_10' title="bbox 266 974 1866 1051; baseline -0.002 -18"><span class='ocrx_word' id='word_1_57' title='bbox 266 981 361 1034; x_wconf 81' lang='grc' dir='ltr'><strong>ὅτε</strong></span> <span class='ocrx_word' id='word_1_58' title='bbox 391 978 542 1049; x_wconf 86' lang='grc' dir='ltr'><strong>φιλία</strong></span> <span class='ocrx_word' id='word_1_59' title='bbox 580 974 649 1050; x_wconf 77' lang='grc' dir='ltr'><strong>ἦν</strong></span> <span class='ocrx_word' id='word_1_60' title='bbox 702 979 991 1049; x_wconf 86' lang='grc' dir='ltr'><strong>Ῥωμαίων</strong></span> <span class='ocrx_word' id='word_1_61' title='bbox 1023 980 1160 1051; x_wconf 84' lang='grc' dir='ltr'><strong>πρὸς</strong></span> <span class='ocrx_word' id='word_1_62' title='bbox 1201 979 1524 1044; x_wconf 82' lang='grc' dir='ltr'><strong>Ἰουδαίους,</strong></span> <span class='ocrx_word' id='word_1_63' title='bbox 1582 980 1679 1032; x_wconf 88' lang='lat' dir='ltr'><strong>xui</strong></span> <span class='ocrx_word' id='word_1_64' title='bbox 1723 978 1866 1050; x_wconf 86' lang='grc' dir='ltr'><strong>μέρη</strong></span> 
     </span>
    </p>
   </div>
   <div class='ocr_carea' id='block_1_11' title="bbox 210 1069 1863 1143">
    <p class='ocr_par' dir='ltr' id='par_1_11' title="bbox 210 1069 1863 1143">
     <span class='ocr_line' id='line_1_11' title="bbox 210 1069 1863 1143; baseline -0.001 -19"><span class='ocrx_word' id='word_1_65' title='bbox 210 1094 223 1101; x_wconf 51' lang='grc' dir='ltr'>λ</span> <span class='ocrx_word' id='word_1_66' title='bbox 265 1072 542 1141; x_wconf 80' lang='grc' dir='ltr'><strong>δομάτων,</strong></span> <span class='ocrx_word' id='word_1_67' title='bbox 569 1071 663 1125; x_wconf 85' lang='lat' dir='ltr'><strong>xui</strong></span> <span class='ocrx_word' id='word_1_68' title='bbox 692 1070 952 1143; x_wconf 88' lang='grc' dir='ltr'><strong>τέταρτον</strong></span> <span class='ocrx_word' id='word_1_69' title='bbox 991 1070 1110 1135; x_wconf 77' lang='grc' dir='ltr'><strong>ἔτος</strong></span> <span class='ocrx_word' id='word_1_70' title='bbox 1157 1069 1592 1134; x_wconf 78' lang='grc' dir='ltr'><strong>κατασταθέντος</strong></span> <span class='ocrx_word' id='word_1_71' title='bbox 1624 1070 1729 1124; x_wconf 86' lang='grc' dir='ltr'><strong>ὑπὸ</strong></span> <span class='ocrx_word' id='word_1_72' title='bbox 1755 1070 1863 1123; x_wconf 82' lang='grc' dir='ltr'><strong>Αὐ-</strong></span> 
     </span>
    </p>
   </div>
   <div class='ocr_carea' id='block_1_12' title="bbox 265 1159 1869 1233">
    <p class='ocr_par' dir='ltr' id='par_1_12' title="bbox 265 1159 1869 1233">
     <span class='ocr_line' id='line_1_12' title="bbox 265 1159 1869 1233; baseline -0.001 -20"><span class='ocrx_word' id='word_1_73' title='bbox 265 1160 523 1230; x_wconf 86' lang='grc' dir='ltr'><strong>γούστου.</strong></span> <span class='ocrx_word' id='word_1_74' title='bbox 558 1161 715 1215; x_wconf 85' lang='grc' dir='ltr'><strong>Μετά</strong></span> <span class='ocrx_word' id='word_1_75' title='bbox 757 1160 815 1214; x_wconf 81' lang='grc' dir='ltr'><strong>δὲ</strong></span> <span class='ocrx_word' id='word_1_76' title='bbox 845 1161 908 1214; x_wconf 83' lang='grc' dir='ltr'><strong>τὸ</strong></span> <span class='ocrx_word' id='word_1_77' title='bbox 951 1160 1214 1233; x_wconf 87' lang='grc' dir='ltr'><strong>τέταρτον</strong></span> <span class='ocrx_word' id='word_1_78' title='bbox 1259 1160 1378 1224; x_wconf 74' lang='grc' dir='ltr'><strong>ἔτος</strong></span> <span class='ocrx_word' id='word_1_79' title='bbox 1429 1159 1690 1231; x_wconf 79' lang='grc' dir='ltr'><strong>Ἡρώδου,</strong></span> <span class='ocrx_word' id='word_1_80' title='bbox 1748 1161 1869 1213; x_wconf 68' lang='grc' dir='ltr'><strong>ἔπι-</strong></span> 
     </span>
    </p>
   </div>
   <div class='ocr_carea' id='block_1_13' title="bbox 264 1249 1863 1324">
    <p class='ocr_par' dir='ltr' id='par_1_13' title="bbox 264 1249 1863 1324">
     <span class='ocr_line' id='line_1_13' title="bbox 264 1249 1863 1324; baseline 0.001 -21"><span class='ocrx_word' id='word_1_81' title='bbox 264 1249 482 1323; x_wconf 82' lang='grc' dir='ltr'><strong>τροπῆς</strong></span> <span class='ocrx_word' id='word_1_82' title='bbox 508 1269 569 1305; x_wconf 88' lang='grc' dir='ltr'><strong>τε</strong></span> <span class='ocrx_word' id='word_1_83' title='bbox 600 1252 765 1305; x_wconf 80' lang='grc' dir='ltr'><strong>πέντε</strong></span> <span class='ocrx_word' id='word_1_84' title='bbox 800 1251 937 1306; x_wconf 77' lang='grc' dir='ltr'><strong>ἐτῶν</strong></span> <span class='ocrx_word' id='word_1_85' title='bbox 981 1251 1210 1323; x_wconf 81' lang='grc' dir='ltr'><strong>πλείωῆ</strong></span> <span class='ocrx_word' id='word_1_86' title='bbox 1245 1252 1460 1306; x_wconf 80' lang='grc' dir='ltr'>ἐλάσσω</span> <span class='ocrx_word' id='word_1_87' title='bbox 1504 1252 1863 1324; x_wconf 80' lang='grc' dir='ltr'><strong>Ἀντιπάτρου</strong></span> 
     </span>
    </p>
   </div>
   <div class='ocr_carea' id='block_1_14' title="bbox 263 1343 1865 1416">
    <p class='ocr_par' dir='ltr' id='par_1_14' title="bbox 263 1343 1865 1416">
     <span class='ocr_line' id='line_1_14' title="bbox 263 1343 1865 1416; baseline 0.001 -20"><span class='ocrx_word' id='word_1_88' title='bbox 263 1343 366 1397; x_wconf 87' lang='grc' dir='ltr'><strong>τοῦ</strong></span> <span class='ocrx_word' id='word_1_89' title='bbox 395 1344 602 1415; x_wconf 79' lang='grc' dir='ltr'><strong>πατρὸς</strong></span> <span class='ocrx_word' id='word_1_90' title='bbox 624 1344 812 1409; x_wconf 87' lang='grc' dir='ltr'><strong>αὑτοῦ,</strong></span> <span class='ocrx_word' id='word_1_91' title='bbox 835 1343 1021 1399; x_wconf 83' lang='grc' dir='ltr'><strong>λοιπὸν</strong></span> <span class='ocrx_word' id='word_1_92' title='bbox 1042 1344 1443 1416; x_wconf 83' lang='grc' dir='ltr'><strong>παραδοθείσης</strong></span> <span class='ocrx_word' id='word_1_93' title='bbox 1465 1346 1564 1415; x_wconf 80' lang='grc' dir='ltr'><strong>τῆς</strong></span> <span class='ocrx_word' id='word_1_94' title='bbox 1600 1344 1865 1409; x_wconf 75' lang='grc' dir='ltr'><strong>Ἰουδαίας</strong></span> 
     </span>
    </p>
   </div>
   <div class='ocr_carea' id='block_1_15' title="bbox 262 1426 1862 1508">
    <p class='ocr_par' dir='ltr' id='par_1_15' title="bbox 262 1426 1862 1508">
     <span class='ocr_line' id='line_1_15' title="bbox 262 1426 1862 1508; baseline 0.001 -19"><span class='ocrx_word' id='word_1_95' title='bbox 262 1436 513 1499; x_wconf 82' lang='grc' dir='ltr'><strong>τελείως,</strong></span> <span class='ocrx_word' id='word_1_96' title='bbox 543 1436 649 1499; x_wconf 79' lang='grc' dir='ltr'><strong>ἓως</strong></span> <span class='ocrx_word' id='word_1_97' title='bbox 685 1434 1011 1507; x_wconf 85' lang='grc' dir='ltr'><strong>τριακοστοῦ</strong></span> <span class='ocrx_word' id='word_1_98' title='bbox 1038 1436 1223 1508; x_wconf 87' lang='grc' dir='ltr'><strong>τρίτου</strong></span> <span class='ocrx_word' id='word_1_99' title='bbox 1254 1435 1406 1500; x_wconf 77' lang='grc' dir='ltr'><strong>ἔτους</strong></span> <span class='ocrx_word' id='word_1_100' title='bbox 1448 1436 1710 1508; x_wconf 82' lang='grc' dir='ltr'><strong>Ἡρώδου,</strong></span> <span class='ocrx_word' id='word_1_101' title='bbox 1740 1426 1862 1490; x_wconf 87' lang='grc' dir='ltr'><strong>τεσ-</strong></span> 
     </span>
    </p>
   </div>
   <div class='ocr_carea' id='block_1_16' title="bbox 264 1527 1858 1602">
    <p class='ocr_par' dir='ltr' id='par_1_16' title="bbox 264 1527 1858 1602">
     <span class='ocr_line' id='line_1_16' title="bbox 264 1527 1858 1602; baseline -0.001 -20"><span class='ocrx_word' id='word_1_102' title='bbox 264 1528 615 1602; x_wconf 82' lang='grc' dir='ltr'><strong>σαρακοστοῦ</strong></span> <span class='ocrx_word' id='word_1_103' title='bbox 646 1527 902 1599; x_wconf 82' lang='grc' dir='ltr'><strong>δευτέρου</strong></span> <span class='ocrx_word' id='word_1_104' title='bbox 930 1527 1086 1591; x_wconf 77' lang='grc' dir='ltr'><strong>ἔτους</strong></span> <span class='ocrx_word' id='word_1_105' title='bbox 1112 1527 1423 1595; x_wconf 79' lang='grc' dir='ltr'><strong>Αὐγούστου</strong></span> <span class='ocrx_word' id='word_1_106' title='bbox 1453 1527 1858 1599; x_wconf 74' lang='grc' dir='ltr'><strong>πληρώσαντας,</strong></span> 
     </span>
    </p>
   </div>
   <div class='ocr_carea' id='block_1_17' title="bbox 262 1618 1859 1693">
    <p class='ocr_par' dir='ltr' id='par_1_17' title="bbox 262 1618 1859 1693">
     <span class='ocr_line' id='line_1_17' title="bbox 262 1618 1859 1693; baseline -0.001 -18"><span class='ocrx_word' id='word_1_107' title='bbox 262 1620 642 1693; x_wconf 79' lang='grc' dir='ltr'><strong>κρατηθείσης</strong></span> <span class='ocrx_word' id='word_1_108' title='bbox 678 1620 778 1689; x_wconf 82' lang='grc' dir='ltr'><strong>τῆς</strong></span> <span class='ocrx_word' id='word_1_109' title='bbox 828 1620 1010 1687; x_wconf 82' lang='grc' dir='ltr'><strong>πάσης</strong></span> <span class='ocrx_word' id='word_1_110' title='bbox 1054 1619 1339 1683; x_wconf 81' lang='grc' dir='ltr'><strong>Ἰουδαίας,</strong></span> <span class='ocrx_word' id='word_1_111' title='bbox 1374 1618 1459 1681; x_wconf 78' lang='grc' dir='ltr'><strong>ὼς</strong></span> <span class='ocrx_word' id='word_1_112' title='bbox 1506 1619 1662 1689; x_wconf 71' lang='grc' dir='ltr'><strong>έιρην,</strong></span> <span class='ocrx_word' id='word_1_113' title='bbox 1720 1619 1859 1691; x_wconf 84' lang='grc' dir='ltr'><strong>μετά</strong></span> 
     </span>
    </p>
   </div>
   <div class='ocr_carea' id='block_1_18' title="bbox 259 1710 1860 1782">
    <p class='ocr_par' dir='ltr' id='par_1_18' title="bbox 259 1710 1860 1782">
     <span class='ocr_line' id='line_1_18' title="bbox 259 1710 1860 1782; baseline -0.002 -16"><span class='ocrx_word' id='word_1_114' title='bbox 259 1713 329 1766; x_wconf 80' lang='grc' dir='ltr'><strong>τὸ</strong></span> <span class='ocrx_word' id='word_1_115' title='bbox 379 1713 602 1782; x_wconf 80' lang='grc' dir='ltr'><strong>ποιῆσαι</strong></span> <span class='ocrx_word' id='word_1_116' title='bbox 670 1710 838 1782; x_wconf 83' lang='grc' dir='ltr'><strong>αὐτὴν</strong></span> <span class='ocrx_word' id='word_1_117' title='bbox 875 1711 1208 1765; x_wconf 79' lang='grc' dir='ltr'><strong>εἰκοσιεννέα</strong></span> <span class='ocrx_word' id='word_1_118' title='bbox 1257 1712 1353 1782; x_wconf 80' lang='grc' dir='ltr'><strong>ἔτη</strong></span> <span class='ocrx_word' id='word_1_119' title='bbox 1401 1712 1677 1782; x_wconf 74' lang='grc' dir='ltr'><strong>ὑπόφορον</strong></span> <span class='ocrx_word' id='word_1_120' title='bbox 1726 1712 1860 1763; x_wconf 82' lang='grc' dir='ltr'><strong>Ῥω-</strong></span> 
     </span>
    </p>
   </div>
   <div class='ocr_carea' id='block_1_19' title="bbox 1970 611 3562 687">
    <p class='ocr_par' dir='ltr' id='par_1_19' title="bbox 1970 611 3562 687">
     <span class='ocr_line' id='line_1_19' title="bbox 1970 611 3562 687; baseline -0.001 -20"><span class='ocrx_word' id='word_1_121' title='bbox 1970 629 2114 684; x_wconf 90' lang='lat' dir='ltr'><strong>pem,</strong></span> <span class='ocrx_word' id='word_1_122' title='bbox 2150 624 2203 668; x_wconf 84' lang='lat' dir='ltr'><strong>et</strong></span> <span class='ocrx_word' id='word_1_123' title='bbox 2229 614 2529 680; x_wconf 85' lang='lat' dir='ltr'><strong>Saalinam.</strong></span> <span class='ocrx_word' id='word_1_124' title='bbox 2559 632 2681 687; x_wconf 66' lang='lat' dir='ltr'><strong>quae</strong></span> <span class='ocrx_word' id='word_1_125' title='bbox 2705 625 2759 671; x_wconf 88' lang='lat' dir='ltr'><strong>et</strong></span> <span class='ocrx_word' id='word_1_126' title='bbox 2786 618 2932 672; x_wconf 88' lang='lat' dir='ltr'><strong>dicta</strong></span> <span class='ocrx_word' id='word_1_127' title='bbox 2962 622 3047 671; x_wconf 88' lang='lat' dir='ltr'><strong>est</strong></span> <span class='ocrx_word' id='word_1_128' title='bbox 3072 611 3404 679; x_wconf 77' lang='lat' dir='ltr'><strong>Alexandra,</strong></span> <span class='ocrx_word' id='word_1_129' title='bbox 3436 627 3562 682; x_wconf 87' lang='lat' dir='ltr'><strong>per-</strong></span> 
     </span>
    </p>
   </div>
   <div class='ocr_carea' id='block_1_20' title="bbox 1969 704 3560 776">
    <p class='ocr_par' dir='ltr' id='par_1_20' title="bbox 1969 704 3560 776">
     <span class='ocr_line' id='line_1_20' title="bbox 1969 704 3560 776; baseline 0.006 -17"><span class='ocrx_word' id='word_1_130' title='bbox 1969 704 2244 760; x_wconf 85' lang='lat' dir='ltr'><strong>stiterunt.</strong></span> <span class='ocrx_word' id='word_1_131' title='bbox 2303 705 2378 761; x_wconf 90' lang='lat' dir='ltr'><strong>Ea</strong></span> <span class='ocrx_word' id='word_1_132' title='bbox 2413 722 2544 763; x_wconf 88' lang='lat' dir='ltr'><strong>vero</strong></span> <span class='ocrx_word' id='word_1_133' title='bbox 2577 717 2777 764; x_wconf 90' lang='lat' dir='ltr'><strong>cuncta</strong></span> <span class='ocrx_word' id='word_1_134' title='bbox 2818 708 2888 763; x_wconf 89' lang='lat' dir='ltr'><strong>ab</strong></span> <span class='ocrx_word' id='word_1_135' title='bbox 2934 722 3001 763; x_wconf 91' lang='lat' dir='ltr'><strong>eo</strong></span> <span class='ocrx_word' id='word_1_136' title='bbox 3038 715 3286 776; x_wconf 90' lang='lat' dir='ltr'><strong>tempore</strong></span> <span class='ocrx_word' id='word_1_137' title='bbox 3320 718 3560 774; x_wconf 74' lang='lat' dir='ltr'><strong>ccepew.</strong></span> 
     </span>
    </p>
   </div>
   <div class='ocr_carea' id='block_1_21' title="bbox 1969 796 3563 868">
    <p class='ocr_par' dir='ltr' id='par_1_21' title="bbox 1969 796 3563 868">
     <span class='ocr_line' id='line_1_21' title="bbox 1969 796 3563 868; baseline 0.001 -17"><span class='ocrx_word' id='word_1_138' title='bbox 1969 812 2083 868; x_wconf 91' lang='lat' dir='ltr'><strong>quo</strong></span> <span class='ocrx_word' id='word_1_139' title='bbox 2133 798 2390 854; x_wconf 82' lang='lat' dir='ltr'><strong>Christus</strong></span> <span class='ocrx_word' id='word_1_140' title='bbox 2434 799 2772 857; x_wconf 87' lang='lat' dir='ltr'><strong>Bethlehemi</strong></span> <span class='ocrx_word' id='word_1_141' title='bbox 2817 808 2981 856; x_wconf 88' lang='lat' dir='ltr'><strong>natus</strong></span> <span class='ocrx_word' id='word_1_142' title='bbox 3030 808 3151 866; x_wconf 89' lang='lat' dir='ltr'><strong>est;</strong></span> <span class='ocrx_word' id='word_1_143' title='bbox 3188 814 3334 853; x_wconf 85' lang='lat' dir='ltr'><strong>anno</strong></span> <span class='ocrx_word' id='word_1_144' title='bbox 3389 796 3563 853; x_wconf 82' lang='lat' dir='ltr'><strong>totius</strong></span> 
     </span>
    </p>
   </div>
   <div class='ocr_carea' id='block_1_22' title="bbox 1968 890 3566 963">
    <p class='ocr_par' dir='ltr' id='par_1_22' title="bbox 1968 890 3566 963">
     <span class='ocr_line' id='line_1_22' title="bbox 1968 890 3566 963; baseline -0.003 -18"><span class='ocrx_word' id='word_1_145' title='bbox 1968 891 2183 960; x_wconf 87' lang='lat' dir='ltr'><strong>imperii</strong></span> <span class='ocrx_word' id='word_1_146' title='bbox 2217 890 2448 961; x_wconf 75' lang='lat' dir='ltr'><strong>Augusti</strong></span> <span class='ocrx_word' id='word_1_147' title='bbox 2501 909 2612 947; x_wconf 76' lang='lat' dir='ltr'><strong>xui</strong></span> <span class='ocrx_word' id='word_1_148' title='bbox 2637 933 2651 957; x_wconf 95' lang='lat'><strong>,</strong></span> <span class='ocrx_word' id='word_1_149' title='bbox 2697 893 2791 963; x_wconf 90' lang='lat' dir='ltr'><strong>qui</strong></span> <span class='ocrx_word' id='word_1_150' title='bbox 2830 899 2949 947; x_wconf 89' lang='lat' dir='ltr'><strong>erat</strong></span> <span class='ocrx_word' id='word_1_151' title='bbox 3004 906 3185 947; x_wconf 87' lang='lat' dir='ltr'><strong>nonus</strong></span> <span class='ocrx_word' id='word_1_152' title='bbox 3226 906 3257 944; x_wconf 86' lang='lat' dir='ltr'><strong>a</strong></span> <span class='ocrx_word' id='word_1_153' title='bbox 3299 903 3566 960; x_wconf 85' lang='lat' dir='ltr'><strong>procura-</strong></span> 
     </span>
    </p>
   </div>
   <div class='ocr_carea' id='block_1_23' title="bbox 1968 981 3563 1055">
    <p class='ocr_par' dir='ltr' id='par_1_23' title="bbox 1968 981 3563 1055">
     <span class='ocr_line' id='line_1_23' title="bbox 1968 981 3563 1055; baseline -0.001 -21"><span class='ocrx_word' id='word_1_154' title='bbox 1968 982 2120 1037; x_wconf 89' lang='lat' dir='ltr'><strong>tione</strong></span> <span class='ocrx_word' id='word_1_155' title='bbox 2169 981 2445 1054; x_wconf 80' lang='lat' dir='ltr'><strong>Antipatri</strong></span> <span class='ocrx_word' id='word_1_156' title='bbox 2498 983 2731 1040; x_wconf 83' lang='lat' dir='ltr'><strong>Herodis</strong></span> <span class='ocrx_word' id='word_1_157' title='bbox 2785 985 3072 1055; x_wconf 88' lang='lat' dir='ltr'><strong>parentis,</strong></span> <span class='ocrx_word' id='word_1_158' title='bbox 3114 998 3238 1037; x_wconf 89' lang='lat' dir='ltr'><strong>cum</strong></span> <span class='ocrx_word' id='word_1_159' title='bbox 3282 981 3563 1047; x_wconf 79' lang='lat' dir='ltr'><strong>ltomanos</strong></span> 
     </span>
    </p>
   </div>
   <div class='ocr_carea' id='block_1_24' title="bbox 1966 1071 3560 1140">
    <p class='ocr_par' dir='ltr' id='par_1_24' title="bbox 1966 1071 3560 1140">
     <span class='ocr_line' id='line_1_24' title="bbox 1966 1071 3560 1140; baseline -0.001 -14"><span class='ocrx_word' id='word_1_160' title='bbox 1966 1072 2111 1127; x_wconf 88' lang='lat' dir='ltr'><strong>inter</strong></span> <span class='ocrx_word' id='word_1_161' title='bbox 2157 1088 2221 1129; x_wconf 87' lang='lat' dir='ltr'><strong>ac</strong></span> <span class='ocrx_word' id='word_1_162' title='bbox 2257 1073 2478 1131; x_wconf 66' lang='lat' dir='ltr'><strong>Iudaeos</strong></span> <span class='ocrx_word' id='word_1_163' title='bbox 2539 1077 2776 1131; x_wconf 81' lang='lat' dir='ltr'><strong>amicitia</strong></span> <span class='ocrx_word' id='word_1_164' title='bbox 2817 1075 2996 1140; x_wconf 72' lang='lat' dir='ltr'><strong>foret&#39;,</strong></span> <span class='ocrx_word' id='word_1_165' title='bbox 3045 1088 3111 1128; x_wconf 88' lang='lat' dir='ltr'><strong>ac</strong></span> <span class='ocrx_word' id='word_1_166' title='bbox 3160 1072 3422 1127; x_wconf 88' lang='lat' dir='ltr'><strong>nonnulla</strong></span> <span class='ocrx_word' id='word_1_167' title='bbox 3456 1071 3560 1124; x_wconf 87' lang='lat' dir='ltr'><strong>tri-</strong></span> 
     </span>
    </p>
   </div>
   <div class='ocr_carea' id='block_1_25' title="bbox 1965 1164 3561 1240">
    <p class='ocr_par' dir='ltr' id='par_1_25' title="bbox 1965 1164 3561 1240">
     <span class='ocr_line' id='line_1_25' title="bbox 1965 1164 3561 1240; baseline -0.003 -20"><span class='ocrx_word' id='word_1_168' title='bbox 1965 1166 2095 1220; x_wconf 89' lang='lat' dir='ltr'><strong>buta</strong></span> <span class='ocrx_word' id='word_1_169' title='bbox 2157 1167 2569 1237; x_wconf 85' lang='lat' dir='ltr'><strong>penderentur,</strong></span> <span class='ocrx_word' id='word_1_170' title='bbox 2636 1167 2800 1240; x_wconf 68' lang='grc'><strong>445</strong></span> <span class='ocrx_word' id='word_1_171' title='bbox 2873 1177 2928 1223; x_wconf 86' lang='lat' dir='ltr'><strong>et</strong></span> <span class='ocrx_word' id='word_1_172' title='bbox 2984 1175 3180 1237; x_wconf 86' lang='lat' dir='ltr'><strong>quarto</strong></span> <span class='ocrx_word' id='word_1_173' title='bbox 3236 1164 3350 1233; x_wconf 87' lang='lat' dir='ltr'><strong>jam</strong></span> <span class='ocrx_word' id='word_1_174' title='bbox 3411 1177 3561 1217; x_wconf 89' lang='lat' dir='ltr'><strong>anno</strong></span> 
     </span>
    </p>
   </div>
   <div class='ocr_carea' id='block_1_26' title="bbox 1963 1256 3558 1331">
    <p class='ocr_par' dir='ltr' id='par_1_26' title="bbox 1963 1256 3558 1331">
     <span class='ocr_line' id='line_1_26' title="bbox 1963 1256 3558 1331; baseline -0.001 -18"><span class='ocrx_word' id='word_1_175' title='bbox 1963 1257 2208 1315; x_wconf 83' lang='lat' dir='ltr'><strong>Herodes</strong></span> <span class='ocrx_word' id='word_1_176' title='bbox 2265 1268 2412 1316; x_wconf 87' lang='lat' dir='ltr'><strong>esset</strong></span> <span class='ocrx_word' id='word_1_177' title='bbox 2458 1261 2527 1316; x_wconf 91' lang='lat' dir='ltr'><strong>ab</strong></span> <span class='ocrx_word' id='word_1_178' title='bbox 2582 1263 2830 1331; x_wconf 83' lang='lat' dir='ltr'><strong>Augusto</strong></span> <span class='ocrx_word' id='word_1_179' title='bbox 2879 1261 3227 1331; x_wconf 70' lang='lat' dir='ltr'><strong>praepositus.</strong></span> <span class='ocrx_word' id='word_1_180' title='bbox 3270 1256 3377 1324; x_wconf 85' lang='lat' dir='ltr'><strong>Qui</strong></span> <span class='ocrx_word' id='word_1_181' title='bbox 3428 1271 3558 1312; x_wconf 86' lang='lat' dir='ltr'><strong>eum</strong></span> 
     </span>
    </p>
   </div>
   <div class='ocr_carea' id='block_1_27' title="bbox 1963 1346 3556 1422">
    <p class='ocr_par' dir='ltr' id='par_1_27' title="bbox 1963 1346 3556 1422">
     <span class='ocr_line' id='line_1_27' title="bbox 1963 1346 3556 1422; baseline -0.002 -17"><span class='ocrx_word' id='word_1_182' title='bbox 1963 1366 2141 1408; x_wconf 89' lang='lat' dir='ltr'><strong>annos</strong></span> <span class='ocrx_word' id='word_1_183' title='bbox 2198 1351 2253 1406; x_wconf 89' lang='lat' dir='ltr'><strong>in</strong></span> <span class='ocrx_word' id='word_1_184' title='bbox 2302 1368 2363 1407; x_wconf 86' lang='lat' dir='ltr'><strong>ea</strong></span> <span class='ocrx_word' id='word_1_185' title='bbox 2429 1346 2913 1408; x_wconf 61' lang='lat' dir='ltr'><strong>administratione</strong></span> <span class='ocrx_word' id='word_1_186' title='bbox 2966 1360 3205 1422; x_wconf 83' lang='lat' dir='ltr'><strong>quatuor</strong></span> <span class='ocrx_word' id='word_1_187' title='bbox 3254 1348 3556 1419; x_wconf 83' lang='lat' dir='ltr'><strong>exegisset.</strong></span> 
     </span>
    </p>
   </div>
   <div class='ocr_carea' id='block_1_28' title="bbox 1961 1426 3674 1514">
    <p class='ocr_par' dir='ltr' id='par_1_28' title="bbox 1961 1426 3674 1514">
     <span class='ocr_line' id='line_1_28' title="bbox 1961 1426 3674 1514; baseline -0.001 -18"><span class='ocrx_word' id='word_1_188' title='bbox 1961 1443 2248 1513; x_wconf 85' lang='lat' dir='ltr'><strong>Antipater</strong></span> <span class='ocrx_word' id='word_1_189' title='bbox 2289 1459 2419 1499; x_wconf 85' lang='lat' dir='ltr'><strong>vero</strong></span> <span class='ocrx_word' id='word_1_190' title='bbox 2467 1443 2617 1499; x_wconf 90' lang='lat' dir='ltr'><strong>illius</strong></span> <span class='ocrx_word' id='word_1_191' title='bbox 2662 1453 2817 1513; x_wconf 90' lang='lat' dir='ltr'><strong>pater</strong></span> <span class='ocrx_word' id='word_1_192' title='bbox 2846 1426 3242 1514; x_wconf 51' lang='lat' dir='ltr'><strong>quinque&#39;lere</strong></span> <span class='ocrx_word' id='word_1_193' title='bbox 3291 1455 3558 1512; x_wconf 86' lang='lat' dir='ltr'><strong>procura-</strong></span> <span class='ocrx_word' id='word_1_194' title='bbox 3668 1461 3674 1468; x_wconf 70' lang='grc'><em>’</em></span> 
     </span>
    </p>
   </div>
   <div class='ocr_carea' id='block_1_29' title="bbox 1961 1532 3559 1608">
    <p class='ocr_par' dir='ltr' id='par_1_29' title="bbox 1961 1532 3559 1608">
     <span class='ocr_line' id='line_1_29' title="bbox 1961 1532 3559 1608; baseline -0.001 -20"><span class='ocrx_word' id='word_1_195' title='bbox 1961 1535 2109 1590; x_wconf 86' lang='lat' dir='ltr'><strong>tione</strong></span> <span class='ocrx_word' id='word_1_196' title='bbox 2141 1538 2469 1608; x_wconf 78' lang='lat' dir='ltr'><strong>perfunctus</strong></span> <span class='ocrx_word' id='word_1_197' title='bbox 2499 1547 2667 1601; x_wconf 87' lang='lat' dir='ltr'><strong>esset,</strong></span> <span class='ocrx_word' id='word_1_198' title='bbox 2702 1538 2921 1592; x_wconf 84' lang='lat' dir='ltr'><strong>tandem</strong></span> <span class='ocrx_word' id='word_1_199' title='bbox 2951 1536 3139 1591; x_wconf 63' lang='lat' dir='ltr'><strong>Iudaea</strong></span> <span class='ocrx_word' id='word_1_200' title='bbox 3176 1549 3408 1606; x_wconf 87' lang='lat' dir='ltr'><strong>prorsus</strong></span> <span class='ocrx_word' id='word_1_201' title='bbox 3449 1532 3559 1588; x_wconf 82' lang='lat' dir='ltr'><strong>Ro-</strong></span> 
     </span>
    </p>
   </div>
   <div class='ocr_carea' id='block_1_30' title="bbox 1958 1629 3556 1701">
    <p class='ocr_par' dir='ltr' id='par_1_30' title="bbox 1958 1629 3556 1701">
     <span class='ocr_line' id='line_1_30' title="bbox 1958 1629 3556 1701; baseline 0.001 -20"><span class='ocrx_word' id='word_1_202' title='bbox 1958 1643 2249 1683; x_wconf 90' lang='lat' dir='ltr'><strong>manorum</strong></span> <span class='ocrx_word' id='word_1_203' title='bbox 2274 1631 2530 1701; x_wconf 89' lang='lat' dir='ltr'><strong>potestati</strong></span> <span class='ocrx_word' id='word_1_204' title='bbox 2560 1631 2750 1695; x_wconf 89' lang='lat' dir='ltr'><strong>cessit,</strong></span> <span class='ocrx_word' id='word_1_205' title='bbox 2784 1630 2850 1684; x_wconf 89' lang='lat' dir='ltr'><strong>ad</strong></span> <span class='ocrx_word' id='word_1_206' title='bbox 2875 1629 3109 1685; x_wconf 85' lang='lat' dir='ltr'><strong>Ilerodis</strong></span> <span class='ocrx_word' id='word_1_207' title='bbox 3131 1644 3334 1683; x_wconf 89' lang='lat' dir='ltr'><strong>annum</strong></span> <span class='ocrx_word' id='word_1_208' title='bbox 3360 1642 3556 1692; x_wconf 74' lang='lat' dir='ltr'><strong>xum,</strong></span> 
     </span>
    </p>
   </div>
   <div class='ocr_carea' id='block_1_31' title="bbox 1957 1720 3559 1791">
    <p class='ocr_par' dir='ltr' id='par_1_31' title="bbox 1957 1720 3559 1791">
     <span class='ocr_line' id='line_1_31' title="bbox 1957 1720 3559 1791; baseline 0.002 -18"><span class='ocrx_word' id='word_1_209' title='bbox 1957 1720 2190 1791; x_wconf 81' lang='lat' dir='ltr'><strong>Augusti</strong></span> <span class='ocrx_word' id='word_1_210' title='bbox 2221 1738 2355 1777; x_wconf 85' lang='lat' dir='ltr'><strong>vero</strong></span> <span class='ocrx_word' id='word_1_211' title='bbox 2397 1738 2530 1786; x_wconf 76' lang='lat' dir='ltr'><strong>ml,</strong></span> <span class='ocrx_word' id='word_1_212' title='bbox 2586 1738 2709 1777; x_wconf 93' lang='lat' dir='ltr'><strong>cum</strong></span> <span class='ocrx_word' id='word_1_213' title='bbox 2735 1761 2749 1786; x_wconf 94' lang='lat'><strong>,</strong></span> <span class='ocrx_word' id='word_1_214' title='bbox 2785 1731 2841 1776; x_wconf 89' lang='lat' dir='ltr'><strong>ut</strong></span> <span class='ocrx_word' id='word_1_215' title='bbox 2874 1723 3120 1777; x_wconf 80' lang='lat' dir='ltr'><strong>diximus</strong></span> <span class='ocrx_word' id='word_1_216' title='bbox 3141 1764 3157 1788; x_wconf 96' lang='lat'><strong>,</strong></span> <span class='ocrx_word' id='word_1_217' title='bbox 3191 1721 3559 1776; x_wconf 63' lang='lat' dir='ltr'><strong>Judaaesset</strong></span> 
     </span>
    </p>
   </div>
   <div class='ocr_carea' id='block_1_32' title="bbox 262 1801 1843 1885">
    <p class='ocr_par' dir='ltr' id='par_1_32' title="bbox 262 1801 1843 1875">
     <span class='ocr_line' id='line_1_32' title="bbox 262 1801 1843 1875; baseline 0 -20"><span class='ocrx_word' id='word_1_218' title='bbox 262 1803 480 1875; x_wconf 84' lang='grc' dir='ltr'><strong>μαίοις,</strong></span> <span class='ocrx_word' id='word_1_219' title='bbox 539 1803 634 1856; x_wconf 87' lang='lat' dir='ltr'><strong>xui</strong></span> <span class='ocrx_word' id='word_1_220' title='bbox 680 1801 820 1873; x_wconf 87' lang='grc' dir='ltr'><strong>μετά</strong></span> <span class='ocrx_word' id='word_1_221' title='bbox 864 1801 924 1854; x_wconf 79' lang='grc' dir='ltr'><strong>τὸ</strong></span> <span class='ocrx_word' id='word_1_222' title='bbox 961 1802 1371 1870; x_wconf 80' lang='grc' dir='ltr'><strong>κατασταθῆναι</strong></span> <span class='ocrx_word' id='word_1_223' title='bbox 1419 1802 1714 1873; x_wconf 73' lang='grc' dir='ltr'><strong>ἐπίτροπον</strong></span> <span class='ocrx_word' id='word_1_224' title='bbox 1764 1801 1843 1855; x_wconf 67' lang='grc' dir='ltr'><strong>τὺι</strong></span> 
     </span>
    </p>
   </div>
   <div class='ocr_carea' id='block_1_33' title="bbox 1949 1801 3555 1885">
    <p class='ocr_par' dir='ltr' id='par_1_33' title="bbox 1957 1812 3555 1885">
     <span class='ocr_line' id='line_1_33' title="bbox 1957 1812 3555 1885; baseline 0 -20"><span class='ocrx_word' id='word_1_225' title='bbox 1957 1813 2138 1868; x_wconf 88' lang='lat' dir='ltr'><strong>omnis</strong></span> <span class='ocrx_word' id='word_1_226' title='bbox 2173 1823 2439 1885; x_wconf 89' lang='lat' dir='ltr'><strong>occupata</strong></span> <span class='ocrx_word' id='word_1_227' title='bbox 2467 1854 2481 1879; x_wconf 91' lang='lat'><strong>,</strong></span> <span class='ocrx_word' id='word_1_228' title='bbox 2518 1829 2581 1868; x_wconf 89' lang='lat' dir='ltr'><strong>ac</strong></span> <span class='ocrx_word' id='word_1_229' title='bbox 2607 1815 2720 1885; x_wconf 88' lang='lat' dir='ltr'><strong>jam</strong></span> <span class='ocrx_word' id='word_1_230' title='bbox 2754 1830 2881 1867; x_wconf 68' lang='lat' dir='ltr'><strong>nix</strong></span> <span class='ocrx_word' id='word_1_231' title='bbox 2917 1815 3077 1869; x_wconf 88' lang='lat' dir='ltr'><strong>annis</strong></span> <span class='ocrx_word' id='word_1_232' title='bbox 3114 1815 3379 1869; x_wconf 80' lang='lat' dir='ltr'><strong>Romanis</strong></span> <span class='ocrx_word' id='word_1_233' title='bbox 3410 1812 3555 1867; x_wconf 84' lang='lat' dir='ltr'><strong>facta</strong></span> 
     </span>
    </p>
   </div>
   <div class='ocr_carea' id='block_1_34' title="bbox 270 1886 1843 1975">
    <p class='ocr_par' dir='ltr' id='par_1_34' title="bbox 270 1892 1843 1966">
     <span class='ocr_line' id='line_1_34' title="bbox 270 1892 1843 1966; baseline -0.001 -19"><span class='ocrx_word' id='word_1_234' title='bbox 270 1897 635 1966; x_wconf 84' lang='grc' dir='ltr'><strong>Ἀντίπατρον</strong></span> <span class='ocrx_word' id='word_1_235' title='bbox 670 1892 911 1965; x_wconf 87' lang='grc' dir='ltr'><strong>Ἡρώδου</strong></span> <span class='ocrx_word' id='word_1_236' title='bbox 947 1893 1181 1964; x_wconf 79' lang='grc' dir='ltr'><strong>πατέρα,</strong></span> <span class='ocrx_word' id='word_1_237' title='bbox 1230 1893 1348 1965; x_wconf 87' lang='grc' dir='ltr'><strong>μετ’</strong></span> <span class='ocrx_word' id='word_1_238' title='bbox 1380 1894 1540 1946; x_wconf 78' lang='grc' dir='ltr'><strong>αὐτὸν</strong></span> <span class='ocrx_word' id='word_1_239' title='bbox 1586 1894 1643 1947; x_wconf 80' lang='grc' dir='ltr'><strong>δὲ</strong></span> <span class='ocrx_word' id='word_1_240' title='bbox 1678 1892 1843 1964; x_wconf 86' lang='grc' dir='ltr'><strong>Ἦρώ-</strong></span> 
     </span>
    </p>
   </div>
   <div class='ocr_carea' id='block_1_35' title="bbox 1949 1886 3556 1975">
    <p class='ocr_par' dir='ltr' id='par_1_35' title="bbox 1959 1901 3556 1975">
     <span class='ocr_line' id='line_1_35' title="bbox 1959 1901 3556 1975; baseline -0.003 -20"><span class='ocrx_word' id='word_1_241' title='bbox 1959 1904 2271 1974; x_wconf 75' lang='lat' dir='ltr'><strong>vectigalis;</strong></span> <span class='ocrx_word' id='word_1_242' title='bbox 2329 1911 2619 1975; x_wconf 76' lang='lat' dir='ltr'><strong>postquam</strong></span> <span class='ocrx_word' id='word_1_243' title='bbox 2666 1910 2720 1957; x_wconf 85' lang='lat' dir='ltr'><strong>et</strong></span> <span class='ocrx_word' id='word_1_244' title='bbox 2756 1902 3047 1972; x_wconf 84' lang='lat' dir='ltr'><strong>Antipater</strong></span> <span class='ocrx_word' id='word_1_245' title='bbox 3085 1901 3317 1956; x_wconf 88' lang='lat' dir='ltr'><strong>Ilerodis</strong></span> <span class='ocrx_word' id='word_1_246' title='bbox 3356 1913 3556 1969; x_wconf 87' lang='lat' dir='ltr'><strong>parens</strong></span> 
     </span>
    </p>
   </div>
   <div class='ocr_carea' id='block_1_36' title="bbox 252 1984 1843 2067">
    <p class='ocr_par' dir='ltr' id='par_1_36' title="bbox 252 1984 1843 2059">
     <span class='ocr_line' id='line_1_36' title="bbox 252 1984 1843 2059; baseline -0.003 -18"><span class='ocrx_word' id='word_1_247' title='bbox 252 1987 362 2059; x_wconf 87' lang='grc' dir='ltr'><strong>δην</strong></span> <span class='ocrx_word' id='word_1_248' title='bbox 411 1986 636 2058; x_wconf 83' lang='grc' dir='ltr'><strong>βασιλέα</strong></span> <span class='ocrx_word' id='word_1_249' title='bbox 685 1985 1097 2039; x_wconf 74' lang='grc' dir='ltr'><strong>κατασταθῆναι</strong></span> <span class='ocrx_word' id='word_1_250' title='bbox 1127 1985 1232 2038; x_wconf 85' lang='grc' dir='ltr'><strong>ὑπὸ</strong></span> <span class='ocrx_word' id='word_1_251' title='bbox 1268 1984 1578 2054; x_wconf 76' lang='grc' dir='ltr'><strong>Αὐγούστου</strong></span> <span class='ocrx_word' id='word_1_252' title='bbox 1618 1984 1712 2039; x_wconf 69' lang='grc' dir='ltr'><strong>ἐπὶ</strong></span> <span class='ocrx_word' id='word_1_253' title='bbox 1755 1986 1843 2057; x_wconf 80' lang='grc' dir='ltr'><strong>τῆς</strong></span> 
     </span>
    </p>
   </div>
   <div class='ocr_carea' id='block_1_37' title="bbox 1949 1984 3556 2067">
    <p class='ocr_par' dir='ltr' id='par_1_37' title="bbox 1957 1989 3556 2067">
     <span class='ocr_line' id='line_1_37' title="bbox 1957 1989 3556 2067; baseline -0.003 -18"><span class='ocrx_word' id='word_1_254' title='bbox 1957 1998 2400 2067; x_wconf 82' lang='lat' dir='ltr'><strong>procurationem</strong></span> <span class='ocrx_word' id='word_1_255' title='bbox 2434 1996 2625 2067; x_wconf 80' lang='lat' dir='ltr'><strong>gessit,</strong></span> <span class='ocrx_word' id='word_1_256' title='bbox 2659 2002 2711 2050; x_wconf 91' lang='lat' dir='ltr'><strong>et</strong></span> <span class='ocrx_word' id='word_1_257' title='bbox 2744 1994 2987 2051; x_wconf 81' lang='lat' dir='ltr'><strong>Herodes</strong></span> <span class='ocrx_word' id='word_1_258' title='bbox 3012 2004 3136 2065; x_wconf 90' lang='lat' dir='ltr'><strong>post</strong></span> <span class='ocrx_word' id='word_1_259' title='bbox 3163 1994 3320 2046; x_wconf 91' lang='lat' dir='ltr'><strong>illum</strong></span> <span class='ocrx_word' id='word_1_260' title='bbox 3353 1989 3556 2045; x_wconf 56' lang='lat' dir='ltr'><strong>Iudaea:</strong></span> 
     </span>
    </p>
   </div>
   <div class='ocr_carea' id='block_1_38' title="bbox 265 2079 549 2142">
    <p class='ocr_par' dir='ltr' id='par_1_38' title="bbox 265 2079 549 2142">
     <span class='ocr_line' id='line_1_38' title="bbox 265 2079 549 2142; baseline -0.004 -9"><span class='ocrx_word' id='word_1_261' title='bbox 265 2079 549 2142; x_wconf 85' lang='grc' dir='ltr'><strong>Ἰουδαίας.</strong></span> 
     </span>
    </p>
   </div>
   <div class='ocr_carea' id='block_1_39' title="bbox 252 2212 1851 2286">
    <p class='ocr_par' dir='ltr' id='par_1_39' title="bbox 252 2212 1851 2286">
     <span class='ocr_line' id='line_1_39' title="bbox 252 2212 1851 2286; baseline 0.001 -19"><span class='ocrx_word' id='word_1_262' title='bbox 252 2215 316 2267; x_wconf 80' lang='lat' dir='ltr'><strong>A&#39;</strong></span> <span class='ocrx_word' id='word_1_263' title='bbox 402 2212 586 2286; x_wconf 88' lang='grc' dir='ltr'><strong>Ταῦτα</strong></span> <span class='ocrx_word' id='word_1_264' title='bbox 620 2212 676 2286; x_wconf 84' lang='grc' dir='ltr'><strong>δὲ</strong></span> <span class='ocrx_word' id='word_1_265' title='bbox 710 2212 1137 2286; x_wconf 79' lang='grc' dir='ltr'><strong>ἐπραγματεύθη</strong></span> <span class='ocrx_word' id='word_1_266' title='bbox 1186 2214 1243 2266; x_wconf 81' lang='grc' dir='ltr'><strong>ὲν</strong></span> <span class='ocrx_word' id='word_1_267' title='bbox 1285 2213 1525 2286; x_wconf 70' lang='grc' dir='ltr'><strong>ὑπατεία</strong></span> <span class='ocrx_word' id='word_1_268' title='bbox 1565 2216 1851 2269; x_wconf 84' lang='grc' dir='ltr'><strong>Ὀκταυῖου</strong></span> 
     </span>
    </p>
   </div>
   <div class='ocr_carea' id='block_1_40' title="bbox 472 2283 1852 2373">
    <p class='ocr_par' dir='ltr' id='par_1_40' title="bbox 472 2283 1852 2373">
     <span class='ocr_line' id='line_1_40' title="bbox 472 2283 1852 2373; baseline 0.003 -38"><span class='ocrx_word' id='word_1_269' title='bbox 472 2283 781 2373; x_wconf 60' lang='grc' dir='ltr'><strong>Αὐγούστου</strong></span> <span class='ocrx_word' id='word_1_270' title='bbox 816 2283 1290 2373; x_wconf 61' lang='grc' dir='ltr'><strong>τρισκαιδέκατον,</strong></span> <span class='ocrx_word' id='word_1_271' title='bbox 1301 2286 1422 2373; x_wconf 45' lang='grc' dir='ltr'><strong>’καὶ</strong></span> <span class='ocrx_word' id='word_1_272' title='bbox 1452 2283 1678 2373; x_wconf 66' lang='grc' dir='ltr'><strong>Σιλανοῦ</strong></span> <span class='ocrx_word' id='word_1_273' title='bbox 1712 2288 1852 2340; x_wconf 85' lang='grc' dir='ltr'><strong>ὑπά-</strong></span> 
     </span>
    </p>
   </div>
   <div class='ocr_carea' id='block_1_41' title="bbox 470 2354 1851 2425">
    <p class='ocr_par' dir='ltr' id='par_1_41' title="bbox 470 2354 1851 2425">
     <span class='ocr_line' id='line_1_41' title="bbox 470 2354 1851 2425; baseline 0.003 -18"><span class='ocrx_word' id='word_1_274' title='bbox 470 2371 587 2417; x_wconf 88' lang='grc' dir='ltr'><strong>του,</strong></span> <span class='ocrx_word' id='word_1_275' title='bbox 623 2355 814 2425; x_wconf 71' lang='grc' dir='ltr'><strong>ἤντινα</strong></span> <span class='ocrx_word' id='word_1_276' title='bbox 840 2354 1108 2407; x_wconf 81' lang='grc' dir='ltr'><strong>ὑπατείαν</strong></span> <span class='ocrx_word' id='word_1_277' title='bbox 1152 2354 1459 2425; x_wconf 83' lang='grc' dir='ltr'><strong>διεδέξαντο</strong></span> <span class='ocrx_word' id='word_1_278' title='bbox 1485 2357 1542 2409; x_wconf 78' lang='lat' dir='ltr'><strong>ui</strong></span> <span class='ocrx_word' id='word_1_279' title='bbox 1582 2360 1851 2411; x_wconf 78' lang='grc' dir='ltr'><strong>ὑποτετα-</strong></span> 
     </span>
    </p>
   </div>
   <div class='ocr_carea' id='block_1_42' title="bbox 474 2424 1540 2496">
    <p class='ocr_par' dir='ltr' id='par_1_42' title="bbox 474 2424 1540 2496">
     <span class='ocr_line' id='line_1_42' title="bbox 474 2424 1540 2496; baseline 0.003 -19"><span class='ocrx_word' id='word_1_280' title='bbox 474 2424 674 2496; x_wconf 87' lang='grc' dir='ltr'><strong>γμέναι</strong></span> <span class='ocrx_word' id='word_1_281' title='bbox 707 2425 962 2479; x_wconf 83' lang='grc' dir='ltr'><strong>ὑπατεῖαι</strong></span> <span class='ocrx_word' id='word_1_282' title='bbox 988 2424 1297 2489; x_wconf 82' lang='grc' dir='ltr'><strong>ἀκολούθως</strong></span> <span class='ocrx_word' id='word_1_283' title='bbox 1326 2425 1499 2489; x_wconf 74' lang='grc' dir='ltr'><strong>οὕτως</strong></span> <span class='ocrx_word' id='word_1_284' title='bbox 1526 2442 1540 2457; x_wconf 76' lang='grc'><strong><em>⁸</em></strong></span> 
     </span>
    </p>
   </div>
   <div class='ocr_carea' id='block_1_43' title="bbox 252 2515 1514 2589">
    <p class='ocr_par' dir='ltr' id='par_1_43' title="bbox 252 2515 1514 2589">
     <span class='ocr_line' id='line_1_43' title="bbox 252 2515 1514 2589; baseline -0.001 -17"><span class='ocrx_word' id='word_1_285' title='bbox 252 2515 315 2572; x_wconf 83' lang='lat' dir='ltr'><strong>B&#39;</strong></span> <span class='ocrx_word' id='word_1_286' title='bbox 396 2517 694 2571; x_wconf 90' lang='grc' dir='ltr'><strong>Λεντούλου</strong></span> <span class='ocrx_word' id='word_1_287' title='bbox 725 2517 818 2589; x_wconf 88' lang='lat' dir='ltr'><strong>xui</strong></span> <span class='ocrx_word' id='word_1_288' title='bbox 852 2517 1131 2589; x_wconf 88' lang='grc' dir='ltr'><strong>Πίσσωνος</strong></span> <span class='ocrx_word' id='word_1_289' title='bbox 1154 2515 1514 2589; x_wconf 87' lang='grc' dir='ltr'><strong>τὸδεύτερον,</strong></span> 
     </span>
    </p>
   </div>
   <div class='ocr_carea' id='block_1_44' title="bbox 252 2588 1463 2652">
    <p class='ocr_par' dir='ltr' id='par_1_44' title="bbox 252 2588 1463 2652">
     <span class='ocr_line' id='line_1_44' title="bbox 252 2588 1463 2652; baseline 0.013 -16"><span class='ocrx_word' id='word_1_290' title='bbox 252 2591 310 2644; x_wconf 83' lang='grc' dir='ltr'><strong>Γ’</strong></span> <span class='ocrx_word' id='word_1_291' title='bbox 396 2589 630 2641; x_wconf 88' lang='grc' dir='ltr'><strong>Λουκίου</strong></span> <span class='ocrx_word' id='word_1_292' title='bbox 664 2588 940 2652; x_wconf 88' lang='grc' dir='ltr'><strong>Καίσαρος</strong></span> <span class='ocrx_word' id='word_1_293' title='bbox 971 2588 1064 2639; x_wconf 79' lang='grc' dir='ltr'><strong>καὶ</strong></span> <span class='ocrx_word' id='word_1_294' title='bbox 1099 2588 1347 2648; x_wconf 70' lang='grc' dir='ltr'><strong>Παύλους</strong></span> <span class='ocrx_word' id='word_1_295' title='bbox 1398 2588 1405 2589; x_wconf 19' lang='grc' dir='ltr'><strong>ί</strong></span> <span class='ocrx_word' id='word_1_296' title='bbox 1456 2646 1463 2652; x_wconf 88' lang='grc'><strong>.</strong></span> 
     </span>
    </p>
   </div>
   <div class='ocr_carea' id='block_1_45' title="bbox 250 2658 1139 2729">
    <p class='ocr_par' dir='ltr' id='par_1_45' title="bbox 250 2658 1139 2729">
     <span class='ocr_line' id='line_1_45' title="bbox 250 2658 1139 2729; baseline -0.004 -16"><span class='ocrx_word' id='word_1_297' title='bbox 250 2664 310 2713; x_wconf 78' lang='grc' dir='ltr'><strong>Δ¹</strong></span> <span class='ocrx_word' id='word_1_298' title='bbox 396 2658 739 2712; x_wconf 81' lang='grc' dir='ltr'><strong>Οὑῐνδουκίου</strong></span> <span class='ocrx_word' id='word_1_299' title='bbox 776 2658 870 2711; x_wconf 71' lang='grc' dir='ltr'><strong>καὶ</strong></span> <span class='ocrx_word' id='word_1_300' title='bbox 904 2659 1139 2729; x_wconf 79' lang='grc' dir='ltr'><strong>Οὐάρου,</strong></span> 
     </span>
    </p>
   </div>
   <div class='ocr_carea' id='block_1_46' title="bbox 250 2727 1456 2800">
    <p class='ocr_par' dir='ltr' id='par_1_46' title="bbox 250 2727 1456 2800">
     <span class='ocr_line' id='line_1_46' title="bbox 250 2727 1456 2800; baseline -0.001 -16"><span class='ocrx_word' id='word_1_301' title='bbox 250 2731 311 2784; x_wconf 84' lang='grc' dir='ltr'><strong>Ε·</strong></span> <span class='ocrx_word' id='word_1_302' title='bbox 393 2730 625 2799; x_wconf 78' lang='grc' dir='ltr'><strong>Λαμμία</strong></span> <span class='ocrx_word' id='word_1_303' title='bbox 644 2730 741 2782; x_wconf 81' lang='lat' dir='ltr'><strong>xui</strong></span> <span class='ocrx_word' id='word_1_304' title='bbox 782 2727 1155 2800; x_wconf 85' lang='grc' dir='ltr'><strong>Σερουῖουλίου</strong></span> <span class='ocrx_word' id='word_1_305' title='bbox 1180 2727 1456 2800; x_wconf 80' lang='grc' dir='ltr'><strong>Νομμίου,</strong></span> 
     </span>
    </p>
   </div>
   <div class='ocr_carea' id='block_1_47' title="bbox 251 2798 1419 2869">
    <p class='ocr_par' dir='ltr' id='par_1_47' title="bbox 251 2798 1419 2869">
     <span class='ocr_line' id='line_1_47' title="bbox 251 2798 1419 2869; baseline -0.003 -16"><span class='ocrx_word' id='word_1_306' title='bbox 251 2803 330 2868; x_wconf 72' lang='grc' dir='ltr'><strong>ς’</strong></span> <span class='ocrx_word' id='word_1_307' title='bbox 397 2798 620 2867; x_wconf 83' lang='grc' dir='ltr'><strong>Μάγνου</strong></span> <span class='ocrx_word' id='word_1_308' title='bbox 651 2798 940 2869; x_wconf 76' lang='grc' dir='ltr'><strong>Πομπηΐου</strong></span> <span class='ocrx_word' id='word_1_309' title='bbox 974 2800 1071 2852; x_wconf 86' lang='lat' dir='ltr'><strong>xui</strong></span> <span class='ocrx_word' id='word_1_310' title='bbox 1101 2798 1419 2869; x_wconf 88' lang='grc' dir='ltr'><strong>Οὐαλερίου,</strong></span> 
     </span>
    </p>
   </div>
   <div class='ocr_carea' id='block_1_48' title="bbox 248 2869 1122 2941">
    <p class='ocr_par' dir='ltr' id='par_1_48' title="bbox 248 2869 1122 2941">
     <span class='ocr_line' id='line_1_48' title="bbox 248 2869 1122 2941; baseline -0.006 -15"><span class='ocrx_word' id='word_1_311' title='bbox 248 2872 310 2926; x_wconf 90' lang='lat' dir='ltr'><strong>Z&#39;</strong></span> <span class='ocrx_word' id='word_1_312' title='bbox 395 2870 627 2923; x_wconf 87' lang='grc' dir='ltr'><strong>Λεπίδου</strong></span> <span class='ocrx_word' id='word_1_313' title='bbox 654 2874 765 2941; x_wconf 83' lang='lat' dir='ltr'><strong>xui</strong></span> <span class='ocrx_word' id='word_1_314' title='bbox 786 2869 1122 2941; x_wconf 80' lang='grc' dir='ltr'><strong>Ἀρουνκίου,</strong></span> 
     </span>
    </p>
   </div>
   <div class='ocr_carea' id='block_1_49' title="bbox 250 2940 1158 3013">
    <p class='ocr_par' dir='ltr' id='par_1_49' title="bbox 250 2940 1158 3013">
     <span class='ocr_line' id='line_1_49' title="bbox 250 2940 1158 3013; baseline -0.004 -18"><span class='ocrx_word' id='word_1_315' title='bbox 250 2944 318 3013; x_wconf 79' lang='lat' dir='ltr'><strong>H’</strong></span> <span class='ocrx_word' id='word_1_316' title='bbox 387 2941 675 3013; x_wconf 7' lang='grc' dir='ltr'><strong>Καίσαρος,</strong></span> <span class='ocrx_word' id='word_1_317' title='bbox 690 2940 793 3013; x_wconf 83' lang='lat' dir='ltr'><strong>xui</strong></span> <span class='ocrx_word' id='word_1_318' title='bbox 811 2940 1158 3013; x_wconf 80' lang='grc' dir='ltr'><strong>Καπίτωνος,</strong></span> 
     </span>
    </p>
   </div>
   <div class='ocr_carea' id='block_1_50' title="bbox 248 3009 1070 3082">
    <p class='ocr_par' dir='ltr' id='par_1_50' title="bbox 248 3009 1070 3082">
     <span class='ocr_line' id='line_1_50' title="bbox 248 3009 1070 3082; baseline 0 -19"><span class='ocrx_word' id='word_1_319' title='bbox 248 3012 310 3066; x_wconf 77' lang='lat'><strong>6&#39;</strong></span> <span class='ocrx_word' id='word_1_320' title='bbox 397 3009 679 3082; x_wconf 71' lang='grc' dir='ltr'><strong>Κρητικοῦ</strong></span> <span class='ocrx_word' id='word_1_321' title='bbox 714 3011 807 3064; x_wconf 87' lang='lat' dir='ltr'><strong>xui</strong></span> <span class='ocrx_word' id='word_1_322' title='bbox 835 3009 1070 3082; x_wconf 71' lang='grc' dir='ltr'><strong>Νερούα,</strong></span> 
     </span>
    </p>
   </div>
   <div class='ocr_carea' id='block_1_51' title="bbox 249 3079 1272 3152">
    <p class='ocr_par' dir='ltr' id='par_1_51' title="bbox 249 3079 1272 3152">
     <span class='ocr_line' id='line_1_51' title="bbox 249 3079 1272 3152; baseline -0.003 -16"><span class='ocrx_word' id='word_1_323' title='bbox 249 3086 288 3137; x_wconf 92' lang='lat' dir='ltr'><strong>l&#39;</strong></span> <span class='ocrx_word' id='word_1_324' title='bbox 394 3079 679 3152; x_wconf 81' lang='grc' dir='ltr'><strong>Καμίλλου</strong></span> <span class='ocrx_word' id='word_1_325' title='bbox 710 3082 803 3135; x_wconf 83' lang='lat' dir='ltr'><strong>xui</strong></span> <span class='ocrx_word' id='word_1_326' title='bbox 836 3079 1272 3146; x_wconf 82' lang='grc' dir='ltr'><strong>Κυῖντιλλιανοῦ,</strong></span> 
     </span>
    </p>
   </div>
   <div class='ocr_carea' id='block_1_52' title="bbox 248 3152 1078 3223">
    <p class='ocr_par' dir='ltr' id='par_1_52' title="bbox 248 3152 1078 3223">
     <span class='ocr_line' id='line_1_52' title="bbox 248 3152 1078 3223; baseline -0.005 -16"><span class='ocrx_word' id='word_1_327' title='bbox 248 3155 336 3207; x_wconf 84' lang='lat' dir='ltr'><strong>IA&#39;</strong></span> <span class='ocrx_word' id='word_1_328' title='bbox 396 3154 667 3223; x_wconf 81' lang='grc' dir='ltr'><strong>Καμὴρου</strong></span> <span class='ocrx_word' id='word_1_329' title='bbox 703 3154 796 3205; x_wconf 80' lang='grc' dir='ltr'><strong>καὶ</strong></span> <span class='ocrx_word' id='word_1_330' title='bbox 829 3152 1078 3223; x_wconf 76' lang='grc' dir='ltr'><strong>Σαϐίνου,</strong></span> 
     </span>
    </p>
   </div>
   <div class='ocr_carea' id='block_1_53' title="bbox 250 3219 1166 3286">
    <p class='ocr_par' dir='ltr' id='par_1_53' title="bbox 250 3219 1166 3286">
     <span class='ocr_line' id='line_1_53' title="bbox 250 3219 1166 3286; baseline -0.005 -8"><span class='ocrx_word' id='word_1_331' title='bbox 250 3226 332 3278; x_wconf 83' lang='lat' dir='ltr'><strong>IB&#39;</strong></span> <span class='ocrx_word' id='word_1_332' title='bbox 394 3219 699 3276; x_wconf 75' lang='grc' dir='ltr'><strong>Δολαϐέλλα</strong></span> <span class='ocrx_word' id='word_1_333' title='bbox 730 3225 823 3276; x_wconf 80' lang='grc' dir='ltr'><strong>καὶ</strong></span> <span class='ocrx_word' id='word_1_334' title='bbox 854 3219 1166 3286; x_wconf 79' lang='grc' dir='ltr'><strong>Σιλουανοῦ,</strong></span> 
     </span>
    </p>
   </div>
   <div class='ocr_carea' id='block_1_54' title="bbox 248 3294 1005 3364">
    <p class='ocr_par' dir='ltr' id='par_1_54' title="bbox 248 3294 1005 3364">
     <span class='ocr_line' id='line_1_54' title="bbox 248 3294 1005 3364; baseline -0.005 -15"><span class='ocrx_word' id='word_1_335' title='bbox 248 3297 330 3349; x_wconf 84' lang='grc' dir='ltr'><strong>1ῐ“¹</strong></span> <span class='ocrx_word' id='word_1_336' title='bbox 388 3294 620 3347; x_wconf 86' lang='grc' dir='ltr'><strong>Λεπίδου</strong></span> <span class='ocrx_word' id='word_1_337' title='bbox 649 3294 744 3347; x_wconf 87' lang='lat' dir='ltr'><strong>xui</strong></span> <span class='ocrx_word' id='word_1_338' title='bbox 768 3294 1005 3364; x_wconf 86' lang='grc' dir='ltr'><strong>Ταύρου,</strong></span> 
     </span>
    </p>
   </div>
   <div class='ocr_carea' id='block_1_55' title="bbox 248 3364 1105 3429">
    <p class='ocr_par' dir='ltr' id='par_1_55' title="bbox 248 3364 1105 3429">
     <span class='ocr_line' id='line_1_55' title="bbox 248 3364 1105 3429; baseline -0.002 -9"><span class='ocrx_word' id='word_1_339' title='bbox 248 3364 329 3420; x_wconf 79' lang='grc' dir='ltr'><strong>1Δ¹</strong></span> <span class='ocrx_word' id='word_1_340' title='bbox 391 3366 642 3417; x_wconf 78' lang='grc' dir='ltr'><strong>Φλάκκου</strong></span> <span class='ocrx_word' id='word_1_341' title='bbox 668 3366 763 3418; x_wconf 83' lang='lat' dir='ltr'><strong>xui</strong></span> <span class='ocrx_word' id='word_1_342' title='bbox 793 3365 1105 3429; x_wconf 80' lang='grc' dir='ltr'><strong>Σιλουανοῦ,</strong></span> 
     </span>
    </p>
   </div>
   <div class='ocr_carea' id='block_1_56' title="bbox 246 3435 928 3491">
    <p class='ocr_par' dir='ltr' id='par_1_56' title="bbox 246 3435 928 3491">
     <span class='ocr_line' id='line_1_56' title="bbox 246 3435 928 3491; baseline -0.006 0"><span class='ocrx_word' id='word_1_343' title='bbox 246 3439 330 3491; x_wconf 85' lang='lat' dir='ltr'><strong>IE&#39;</strong></span> <span class='ocrx_word' id='word_1_344' title='bbox 385 3435 505 3489; x_wconf 80' lang='grc' dir='ltr'><strong>Τῶν</strong></span> <span class='ocrx_word' id='word_1_345' title='bbox 534 3435 627 3488; x_wconf 85' lang='grc' dir='ltr'><strong>δύο</strong></span> <span class='ocrx_word' id='word_1_346' title='bbox 657 3435 928 3487; x_wconf 86' lang='grc' dir='ltr'><strong>Σέκστων.</strong></span> 
     </span>
    </p>
   </div>
   <div class='ocr_carea' id='block_1_57' title="bbox 247 3504 1439 3577">
    <p class='ocr_par' dir='ltr' id='par_1_57' title="bbox 247 3504 1439 3577">
     <span class='ocr_line' id='line_1_57' title="bbox 247 3504 1439 3577; baseline -0.004 -16"><span class='ocrx_word' id='word_1_347' title='bbox 247 3510 349 3575; x_wconf 72' lang='lat' dir='ltr'><strong>1G&quot;</strong></span> <span class='ocrx_word' id='word_1_348' title='bbox 391 3508 678 3577; x_wconf 76' lang='grc' dir='ltr'><strong>Πομπηίου</strong></span> <span class='ocrx_word' id='word_1_349' title='bbox 708 3508 933 3573; x_wconf 83' lang='grc' dir='ltr'><strong>Μάγνου</strong></span> <span class='ocrx_word' id='word_1_350' title='bbox 959 3507 1055 3558; x_wconf 87' lang='lat' dir='ltr'><strong>xui</strong></span> <span class='ocrx_word' id='word_1_351' title='bbox 1098 3504 1439 3576; x_wconf 79' lang='grc' dir='ltr'><strong>Ἀπουληῒου,</strong></span> 
     </span>
    </p>
   </div>
   <div class='ocr_carea' id='block_1_58' title="bbox 248 3577 1058 3648">
    <p class='ocr_par' dir='ltr' id='par_1_58' title="bbox 248 3577 1058 3648">
     <span class='ocr_line' id='line_1_58' title="bbox 248 3577 1058 3648; baseline -0.006 -16"><span class='ocrx_word' id='word_1_352' title='bbox 248 3581 338 3648; x_wconf 69' lang='grc' dir='ltr'><strong>ΙΖῆ</strong></span> <span class='ocrx_word' id='word_1_353' title='bbox 388 3578 626 3648; x_wconf 79' lang='grc' dir='ltr'><strong>Βρούτου</strong></span> <span class='ocrx_word' id='word_1_354' title='bbox 658 3578 751 3629; x_wconf 86' lang='lat' dir='ltr'><strong>xui</strong></span> <span class='ocrx_word' id='word_1_355' title='bbox 782 3577 1058 3648; x_wconf 76' lang='grc' dir='ltr'><strong>Φλάγκου,</strong></span> 
     </span>
    </p>
   </div>
   <div class='ocr_carea' id='block_1_59' title="bbox 248 3646 1023 3719">
    <p class='ocr_par' dir='ltr' id='par_1_59' title="bbox 248 3646 1023 3719">
     <span class='ocr_line' id='line_1_59' title="bbox 248 3646 1023 3719; baseline -0.005 -17"><span class='ocrx_word' id='word_1_356' title='bbox 248 3646 339 3702; x_wconf 83' lang='lat' dir='ltr'><strong>IH&#39;</strong></span> <span class='ocrx_word' id='word_1_357' title='bbox 393 3646 607 3719; x_wconf 76' lang='grc' dir='ltr'><strong>Ταύρου</strong></span> <span class='ocrx_word' id='word_1_358' title='bbox 640 3647 1023 3719; x_wconf 17' lang='grc' dir='ltr'><strong>καὶᾼΛίξωνος,</strong></span> 
     </span>
    </p>
   </div>
   <div class='ocr_carea' id='block_1_60' title="bbox 247 3717 1070 3789">
    <p class='ocr_par' dir='ltr' id='par_1_60' title="bbox 247 3717 1070 3789">
     <span class='ocr_line' id='line_1_60' title="bbox 247 3717 1070 3789; baseline -0.005 -16"><span class='ocrx_word' id='word_1_359' title='bbox 247 3719 327 3773; x_wconf 76' lang='grc'><strong>18¹</strong></span> <span class='ocrx_word' id='word_1_360' title='bbox 387 3717 644 3789; x_wconf 80' lang='grc' dir='ltr'><strong>Κράσσου</strong></span> <span class='ocrx_word' id='word_1_361' title='bbox 674 3717 769 3771; x_wconf 74' lang='grc' dir='ltr'><strong>καὶ</strong></span> <span class='ocrx_word' id='word_1_362' title='bbox 801 3717 1070 3789; x_wconf 63' lang='grc' dir='ltr'><strong>ΔῬούφου,</strong></span> 
     </span>
    </p>
   </div>
   <div class='ocr_carea' id='block_1_61' title="bbox 246 3786 1840 3861">
    <p class='ocr_par' dir='ltr' id='par_1_61' title="bbox 246 3786 1840 3861">
     <span class='ocr_line' id='line_1_61' title="bbox 246 3786 1840 3861; baseline -0.003 -16"><span class='ocrx_word' id='word_1_363' title='bbox 246 3792 312 3845; x_wconf 77' lang='grc' dir='ltr'><strong>Κ¹</strong></span> <span class='ocrx_word' id='word_1_364' title='bbox 387 3786 640 3861; x_wconf 76' lang='grc' dir='ltr'><strong>Τιϐερίου</strong></span> <span class='ocrx_word' id='word_1_365' title='bbox 702 3786 979 3861; x_wconf 70' lang='grc' dir='ltr'><strong>Καίσαρος</strong></span> <span class='ocrx_word' id='word_1_366' title='bbox 1026 3788 1087 3841; x_wconf 84' lang='grc' dir='ltr'><strong>τὸ</strong></span> <span class='ocrx_word' id='word_1_367' title='bbox 1136 3788 1408 3861; x_wconf 82' lang='grc' dir='ltr'><strong>δεύτερον,</strong></span> <span class='ocrx_word' id='word_1_368' title='bbox 1461 3789 1557 3842; x_wconf 81' lang='lat' dir='ltr'><strong>xui</strong></span> <span class='ocrx_word' id='word_1_369' title='bbox 1601 3789 1840 3860; x_wconf 82' lang='grc' dir='ltr'><strong>Δρούσου</strong></span> 
     </span>
    </p>
   </div>
   <div class='ocr_carea' id='block_1_62' title="bbox 463 3857 1124 3930">
    <p class='ocr_par' dir='ltr' id='par_1_62' title="bbox 463 3857 1124 3930">
     <span class='ocr_line' id='line_1_62' title="bbox 463 3857 1124 3930; baseline 0 -19"><span class='ocrx_word' id='word_1_370' title='bbox 463 3861 501 3911; x_wconf 84' lang='grc' dir='ltr'><strong>Γ</strong></span> <span class='ocrx_word' id='word_1_371' title='bbox 505 3857 745 3930; x_wconf 63' lang='grc' dir='ltr'><strong>ἑρμανοῦ</strong></span> <span class='ocrx_word' id='word_1_372' title='bbox 768 3858 827 3910; x_wconf 80' lang='grc' dir='ltr'><strong>τὸ</strong></span> <span class='ocrx_word' id='word_1_373' title='bbox 845 3857 1001 3930; x_wconf 77' lang='grc' dir='ltr'><strong>δεῦτε</strong></span> <span class='ocrx_word' id='word_1_374' title='bbox 1011 3876 1124 3930; x_wconf 82' lang='grc' dir='ltr'><strong>ρον,</strong></span> 
     </span>
    </p>
   </div>
   <div class='ocr_carea' id='block_1_63' title="bbox 244 3929 1071 3995">
    <p class='ocr_par' dir='ltr' id='par_1_63' title="bbox 244 3929 1071 3995">
     <span class='ocr_line' id='line_1_63' title="bbox 244 3929 1071 3995; baseline -0.001 -12"><span class='ocrx_word' id='word_1_375' title='bbox 244 3931 360 3983; x_wconf 81' lang='lat' dir='ltr'><strong>KA&#39;</strong></span> <span class='ocrx_word' id='word_1_376' title='bbox 392 3929 681 3983; x_wconf 77' lang='grc' dir='ltr'><strong>Σιλουανοῦ</strong></span> <span class='ocrx_word' id='word_1_377' title='bbox 717 3931 811 3982; x_wconf 85' lang='grc' dir='ltr'><strong>καὶ</strong></span> <span class='ocrx_word' id='word_1_378' title='bbox 840 3929 1071 3995; x_wconf 79' lang='grc' dir='ltr'><strong>Βάλϐου,</strong></span> 
     </span>
    </p>
   </div>
   <div class='ocr_carea' id='block_1_64' title="bbox 244 4001 1041 4072">
    <p class='ocr_par' dir='ltr' id='par_1_64' title="bbox 244 4001 1041 4072">
     <span class='ocr_line' id='line_1_64' title="bbox 244 4001 1041 4072; baseline 0 -19"><span class='ocrx_word' id='word_1_379' title='bbox 244 4002 357 4053; x_wconf 85' lang='grc' dir='ltr'><strong>ΚΒ¹</strong></span> <span class='ocrx_word' id='word_1_380' title='bbox 390 4002 654 4055; x_wconf 85' lang='grc' dir='ltr'><strong>Μεσσαλᾶ</strong></span> <span class='ocrx_word' id='word_1_381' title='bbox 680 4002 780 4057; x_wconf 79' lang='grc' dir='ltr'><strong>καὶ</strong></span> <span class='ocrx_word' id='word_1_382' title='bbox 808 4001 1041 4072; x_wconf 86' lang='grc' dir='ltr'><strong>Γράτου,</strong></span> 
     </span>
    </p>
   </div>
   <div class='ocr_carea' id='block_1_65' title="bbox 240 4068 1842 4144">
    <p class='ocr_par' dir='ltr' id='par_1_65' title="bbox 240 4068 1842 4144">
     <span class='ocr_line' id='line_1_65' title="bbox 240 4068 1842 4144; baseline -0.004 -18"><span class='ocrx_word' id='word_1_383' title='bbox 240 4072 355 4126; x_wconf 82' lang='lat' dir='ltr'><strong>KI&quot;</strong></span> <span class='ocrx_word' id='word_1_384' title='bbox 394 4072 646 4144; x_wconf 79' lang='grc' dir='ltr'><strong>Τιϐερίου</strong></span> <span class='ocrx_word' id='word_1_385' title='bbox 674 4068 955 4144; x_wconf 76' lang='grc' dir='ltr'><strong>Καίσαρος</strong></span> <span class='ocrx_word' id='word_1_386' title='bbox 988 4072 1048 4125; x_wconf 78' lang='grc' dir='ltr'><strong>τὸ</strong></span> <span class='ocrx_word' id='word_1_387' title='bbox 1076 4071 1279 4144; x_wconf 90' lang='grc' dir='ltr'><strong>τρίτον,</strong></span> <span class='ocrx_word' id='word_1_388' title='bbox 1308 4069 1405 4125; x_wconf 77' lang='grc' dir='ltr'><strong>καὶ</strong></span> <span class='ocrx_word' id='word_1_389' title='bbox 1433 4069 1672 4141; x_wconf 75' lang='grc' dir='ltr'><strong>Δρούσου</strong></span> <span class='ocrx_word' id='word_1_390' title='bbox 1709 4068 1842 4142; x_wconf 80' lang='grc' dir='ltr'><strong>Γερ⁴</strong></span> 
     </span>
    </p>
   </div>
   <div class='ocr_carea' id='block_1_66' title="bbox 466 4142 971 4213">
    <p class='ocr_par' dir='ltr' id='par_1_66' title="bbox 466 4142 971 4213">
     <span class='ocr_line' id='line_1_66' title="bbox 466 4142 971 4213; baseline 0 -20"><span class='ocrx_word' id='word_1_391' title='bbox 466 4142 638 4213; x_wconf 83' lang='grc' dir='ltr'><strong>μανοῦ</strong></span> <span class='ocrx_word' id='word_1_392' title='bbox 678 4142 738 4194; x_wconf 84' lang='grc' dir='ltr'><strong>τὸ</strong></span> <span class='ocrx_word' id='word_1_393' title='bbox 770 4142 971 4213; x_wconf 89' lang='grc' dir='ltr'><strong>τρίτον,</strong></span> 
     </span>
    </p>
   </div>
   <div class='ocr_carea' id='block_1_67' title="bbox 242 4213 1079 4285">
    <p class='ocr_par' dir='ltr' id='par_1_67' title="bbox 242 4213 1079 4285">
     <span class='ocr_line' id='line_1_67' title="bbox 242 4213 1079 4285; baseline -0.002 -18"><span class='ocrx_word' id='word_1_394' title='bbox 242 4215 352 4267; x_wconf 85' lang='grc' dir='ltr'><strong>ΚΔ¹</strong></span> <span class='ocrx_word' id='word_1_395' title='bbox 398 4214 703 4285; x_wconf 84' lang='grc' dir='ltr'><strong>’Λγρίππου</strong></span> <span class='ocrx_word' id='word_1_396' title='bbox 729 4215 824 4285; x_wconf 86' lang='lat' dir='ltr'><strong>xui</strong></span> <span class='ocrx_word' id='word_1_397' title='bbox 850 4213 1079 4285; x_wconf 77' lang='grc' dir='ltr'><strong>Βάλϐου,</strong></span> 
     </span>
    </p>
   </div>
   <div class='ocr_carea' id='block_1_68' title="bbox 242 4284 1137 4355">
    <p class='ocr_par' dir='ltr' id='par_1_68' title="bbox 242 4284 1137 4355">
     <span class='ocr_line' id='line_1_68' title="bbox 242 4284 1137 4355; baseline -0.002 -18"><span class='ocrx_word' id='word_1_398' title='bbox 242 4286 355 4337; x_wconf 79' lang='lat' dir='ltr'><strong>KE’</strong></span> <span class='ocrx_word' id='word_1_399' title='bbox 388 4284 691 4347; x_wconf 79' lang='grc' dir='ltr'><strong>Πολλίωνος</strong></span> <span class='ocrx_word' id='word_1_400' title='bbox 729 4284 824 4336; x_wconf 80' lang='grc' dir='ltr'><strong>καὶ</strong></span> <span class='ocrx_word' id='word_1_401' title='bbox 852 4284 1137 4355; x_wconf 71' lang='grc' dir='ltr'><strong>Οὐέτερος,</strong></span> 
     </span>
    </p>
   </div>
   <div class='ocr_carea' id='block_1_69' title="bbox 239 4354 1114 4426">
    <p class='ocr_par' dir='ltr' id='par_1_69' title="bbox 239 4354 1114 4426">
     <span class='ocr_line' id='line_1_69' title="bbox 239 4354 1114 4426; baseline -0.002 -17"><span class='ocrx_word' id='word_1_402' title='bbox 239 4356 370 4420; x_wconf 59' lang='lat' dir='ltr'><strong>KC?</strong></span> <span class='ocrx_word' id='word_1_403' title='bbox 393 4355 646 4426; x_wconf 80' lang='grc' dir='ltr'><strong>Κεθήγου</strong></span> <span class='ocrx_word' id='word_1_404' title='bbox 681 4356 776 4407; x_wconf 83' lang='lat' dir='ltr'><strong>xui</strong></span> <span class='ocrx_word' id='word_1_405' title='bbox 809 4354 1045 4426; x_wconf 80' lang='grc' dir='ltr'><strong>Οὐάρου,</strong></span> <span class='ocrx_word' id='word_1_406' title='bbox 1106 4366 1114 4373; x_wconf 92' lang='grc'><strong>·</strong></span> 
     </span>
    </p>
   </div>
   <div class='ocr_carea' id='block_1_70' title="bbox 240 4421 1781 4498">
    <p class='ocr_par' dir='ltr' id='par_1_70' title="bbox 240 4421 1781 4498">
     <span class='ocr_line' id='line_1_70' title="bbox 240 4421 1781 4498; baseline -0.001 -21"><span class='ocrx_word' id='word_1_407' title='bbox 240 4427 353 4498; x_wconf 46' lang='lat' dir='ltr'><strong>KZ]</strong></span> <span class='ocrx_word' id='word_1_408' title='bbox 396 4421 710 4498; x_wconf 68' lang='grc' dir='ltr'><strong>’Λγρίππου</strong></span> <span class='ocrx_word' id='word_1_409' title='bbox 734 4426 795 4477; x_wconf 65' lang='grc' dir='ltr'>τῦ</span> <span class='ocrx_word' id='word_1_410' title='bbox 817 4421 1079 4498; x_wconf 80' lang='grc' dir='ltr'><strong>δεύτερον</strong></span> <span class='ocrx_word' id='word_1_411' title='bbox 1109 4423 1203 4477; x_wconf 88' lang='lat' dir='ltr'><strong>xui</strong></span> <span class='ocrx_word' id='word_1_412' title='bbox 1228 4421 1526 4477; x_wconf 87' lang='grc' dir='ltr'><strong>Λεντούλου</strong></span> <span class='ocrx_word' id='word_1_413' title='bbox 1552 4422 1781 4490; x_wconf 65' lang='grc' dir='ltr'><strong>Γάλϐου,</strong></span> 
     </span>
    </p>
   </div>
   <div class='ocr_carea' id='block_1_71' title="bbox 240 4494 1087 4557">
    <p class='ocr_par' dir='ltr' id='par_1_71' title="bbox 240 4494 1087 4557">
     <span class='ocr_line' id='line_1_71' title="bbox 240 4494 1087 4557; baseline 0 -10"><span class='ocrx_word' id='word_1_414' title='bbox 240 4497 360 4548; x_wconf 83' lang='grc' dir='ltr'><strong>ΚΗ’</strong></span> <span class='ocrx_word' id='word_1_415' title='bbox 395 4494 711 4548; x_wconf 70' lang='grc' dir='ltr'><strong>Γετουλικοῦ</strong></span> <span class='ocrx_word' id='word_1_416' title='bbox 743 4496 838 4548; x_wconf 85' lang='lat' dir='ltr'><strong>xui</strong></span> <span class='ocrx_word' id='word_1_417' title='bbox 867 4494 1087 4557; x_wconf 79' lang='grc' dir='ltr'><strong>Σαϐίου,</strong></span> 
     </span>
    </p>
   </div>
   <div class='ocr_carea' id='block_1_72' title="bbox 237 4567 1133 4638">
    <p class='ocr_par' dir='ltr' id='par_1_72' title="bbox 237 4567 1133 4638">
     <span class='ocr_line' id='line_1_72' title="bbox 237 4567 1133 4638; baseline -0.004 -19"><span class='ocrx_word' id='word_1_418' title='bbox 237 4567 352 4619; x_wconf 74' lang='grc' dir='ltr'><strong>Κθ¹</strong></span> <span class='ocrx_word' id='word_1_419' title='bbox 383 4567 761 4638; x_wconf 17' lang='grc' dir='ltr'><strong>Κράσσουᾼκαὶ</strong></span> <span class='ocrx_word' id='word_1_420' title='bbox 790 4568 1081 4638; x_wconf 77' lang='grc' dir='ltr'><strong>Πείσωνος,</strong></span> <span class='ocrx_word' id='word_1_421' title='bbox 1126 4610 1133 4615; x_wconf 86' lang='lat'><strong>.</strong></span> 
     </span>
    </p>
   </div>
   <div class='ocr_carea' id='block_1_73' title="bbox 234 4636 1068 4708">
    <p class='ocr_par' dir='ltr' id='par_1_73' title="bbox 234 4636 1068 4708">
     <span class='ocr_line' id='line_1_73' title="bbox 234 4636 1068 4708; baseline 0 -17"><span class='ocrx_word' id='word_1_422' title='bbox 234 4639 300 4691; x_wconf 85' lang='lat' dir='ltr'><strong>A&#39;</strong></span> <span class='ocrx_word' id='word_1_423' title='bbox 388 4636 674 4690; x_wconf 78' lang='grc' dir='ltr'><strong>Σιλουανοῦ</strong></span> <span class='ocrx_word' id='word_1_424' title='bbox 705 4638 799 4691; x_wconf 85' lang='lat' dir='ltr'><strong>xui</strong></span> <span class='ocrx_word' id='word_1_425' title='bbox 830 4636 1068 4708; x_wconf 80' lang='grc' dir='ltr'><strong>Νερούα,</strong></span> 
     </span>
    </p>
   </div>
   <div class='ocr_carea' id='block_1_74' title="bbox 310 4746 1833 4824">
    <p class='ocr_par' dir='ltr' id='par_1_74' title="bbox 310 4746 1833 4824">
     <span class='ocr_line' id='line_1_74' title="bbox 310 4746 1833 4824; baseline -0.003 -19"><span class='ocrx_word' id='word_1_426' title='bbox 310 4752 407 4805; x_wconf 89' lang='grc' dir='ltr'><strong>ΚΓ</strong></span> <span class='ocrx_word' id='word_1_427' title='bbox 407 4758 441 4806; x_wconf 88' lang='grc'><strong>’.</strong></span> <span class='ocrx_word' id='word_1_428' title='bbox 477 4752 585 4806; x_wconf 75' lang='grc' dir='ltr'><strong>Καὶ</strong></span> <span class='ocrx_word' id='word_1_429' title='bbox 610 4753 765 4823; x_wconf 79' lang='grc' dir='ltr'><strong>ὁρᾷς,</strong></span> <span class='ocrx_word' id='word_1_430' title='bbox 798 4752 881 4805; x_wconf 86' lang='grc' dir='ltr'><strong>ὃτι</strong></span> <span class='ocrx_word' id='word_1_431' title='bbox 910 4747 1337 4824; x_wconf 80' lang='grc' dir='ltr'><strong>τριακονταετὴς</strong></span> <span class='ocrx_word' id='word_1_432' title='bbox 1363 4749 1480 4803; x_wconf 71' lang='grc' dir='ltr'><strong>ἐστὶ</strong></span> <span class='ocrx_word' id='word_1_433' title='bbox 1501 4749 1711 4821; x_wconf 83' lang='grc' dir='ltr'><strong>χρόνος.</strong></span> <span class='ocrx_word' id='word_1_434' title='bbox 1740 4746 1833 4801; x_wconf 83' lang='grc' dir='ltr'><strong>Διὸ</strong></span> 
     </span>
    </p>
   </div>
   <div class='ocr_carea' id='block_1_75' title="bbox 229 4839 1835 4915">
    <p class='ocr_par' dir='ltr' id='par_1_75' title="bbox 229 4839 1835 4915">
     <span class='ocr_line' id='line_1_75' title="bbox 229 4839 1835 4915; baseline -0.002 -17"><span class='ocrx_word' id='word_1_435' title='bbox 229 4843 751 4915; x_wconf 73' lang='grc' dir='ltr'><strong>ἐφιλπιμησάμεθα</strong></span> <span class='ocrx_word' id='word_1_436' title='bbox 783 4845 880 4907; x_wconf 78' lang='grc' dir='ltr'><strong>τὰς</strong></span> <span class='ocrx_word' id='word_1_437' title='bbox 909 4844 1144 4914; x_wconf 79' lang='grc' dir='ltr'><strong>καθεξῆς</strong></span> <span class='ocrx_word' id='word_1_438' title='bbox 1178 4843 1441 4907; x_wconf 87' lang='grc' dir='ltr'><strong>ὑπατείας</strong></span> <span class='ocrx_word' id='word_1_439' title='bbox 1471 4841 1715 4914; x_wconf 75' lang='grc' dir='ltr'><strong>ἀκριϐῶς</strong></span> <span class='ocrx_word' id='word_1_440' title='bbox 1747 4839 1835 4895; x_wconf 81' lang='grc' dir='ltr'><strong>θέ-</strong></span> 
     </span>
    </p>
   </div>
   <div class='ocr_carea' id='block_1_76' title="bbox 232 4916 1832 5007">
    <p class='ocr_par' dir='ltr' id='par_1_76' title="bbox 232 4916 1832 5007">
     <span class='ocr_line' id='line_1_76' title="bbox 232 4916 1832 5007; baseline -0.003 -16"><span class='ocrx_word' id='word_1_441' title='bbox 232 4937 388 5003; x_wconf 83' lang='grc' dir='ltr'><strong>σθαι,</strong></span> <span class='ocrx_word' id='word_1_442' title='bbox 418 4939 497 5001; x_wconf 84' lang='grc' dir='ltr'><strong>είς</strong></span> <span class='ocrx_word' id='word_1_443' title='bbox 530 4935 592 4990; x_wconf 80' lang='grc' dir='ltr'><strong>τὺ</strong></span> <span class='ocrx_word' id='word_1_444' title='bbox 632 4938 757 4999; x_wconf 77' lang='grc' dir='ltr'><strong>τοὺς</strong></span> <span class='ocrx_word' id='word_1_445' title='bbox 788 4937 1169 5007; x_wconf 80' lang='grc' dir='ltr'><strong>διερχομένους</strong></span> <span class='ocrx_word' id='word_1_446' title='bbox 1211 4936 1362 4999; x_wconf 70' lang='grc' dir='ltr'><strong>ἰδεῖν,</strong></span> <span class='ocrx_word' id='word_1_447' title='bbox 1391 4935 1472 4987; x_wconf 86' lang='grc' dir='ltr'><strong>ὅτι</strong></span> <span class='ocrx_word' id='word_1_448' title='bbox 1506 4935 1608 4987; x_wconf 89' lang='grc' dir='ltr'><strong>οὐκ</strong></span> <span class='ocrx_word' id='word_1_449' title='bbox 1636 4916 1751 4987; x_wconf 60' lang='grc' dir='ltr'><strong>ἐστι</strong></span> <span class='ocrx_word' id='word_1_450' title='bbox 1781 4951 1832 4986; x_wconf 93' lang='grc' dir='ltr'><strong>τι</strong></span> 
     </span>
    </p>
   </div>
   <div class='ocr_carea' id='block_1_77' title="bbox 229 5024 1829 5099">
    <p class='ocr_par' dir='ltr' id='par_1_77' title="bbox 229 5024 1829 5099">
     <span class='ocr_line' id='line_1_77' title="bbox 229 5024 1829 5099; baseline -0.003 -18"><span class='ocrx_word' id='word_1_451' title='bbox 229 5028 764 5099; x_wconf 81' lang='grc' dir='ltr'><strong>παραπεποιημένον</strong></span> <span class='ocrx_word' id='word_1_452' title='bbox 795 5030 851 5080; x_wconf 82' lang='grc' dir='ltr'><strong>ὲν</strong></span> <span class='ocrx_word' id='word_1_453' title='bbox 893 5027 972 5098; x_wconf 77' lang='grc' dir='ltr'><strong>τῷ</strong></span> <span class='ocrx_word' id='word_1_454' title='bbox 1004 5027 1132 5097; x_wconf 82' lang='grc' dir='ltr'><strong>θείῳ</strong></span> <span class='ocrx_word' id='word_1_455' title='bbox 1162 5026 1393 5097; x_wconf 66' lang='grc' dir='ltr'><strong>δόγματι</strong></span> <span class='ocrx_word' id='word_1_456' title='bbox 1425 5024 1527 5095; x_wconf 84' lang='grc' dir='ltr'><strong>τῆς</strong></span> <span class='ocrx_word' id='word_1_457' title='bbox 1552 5024 1829 5096; x_wconf 83' lang='grc' dir='ltr'><strong>ἀληθείας,</strong></span> 
     </span>
    </p>
   </div>
   <div class='ocr_carea' id='block_1_78' title="bbox 225 5117 1831 5192">
    <p class='ocr_par' dir='ltr' id='par_1_78' title="bbox 225 5117 1831 5192">
     <span class='ocr_line' id='line_1_78' title="bbox 225 5117 1831 5192; baseline -0.002 -17"><span class='ocrx_word' id='word_1_458' title='bbox 225 5117 378 5175; x_wconf 80' lang='grc' dir='ltr'><strong>ἀλλὰ</strong></span> <span class='ocrx_word' id='word_1_459' title='bbox 409 5124 545 5189; x_wconf 89' lang='grc' dir='ltr'><strong>μετά</strong></span> <span class='ocrx_word' id='word_1_460' title='bbox 572 5119 861 5192; x_wconf 76' lang='grc' dir='ltr'><strong>ἀκριϐείας</strong></span> <span class='ocrx_word' id='word_1_461' title='bbox 904 5120 974 5171; x_wconf 80' lang='grc' dir='ltr'><strong>τὰ</strong></span> <span class='ocrx_word' id='word_1_462' title='bbox 1015 5120 1192 5174; x_wconf 85' lang='grc' dir='ltr'><strong>πάντα</strong></span> <span class='ocrx_word' id='word_1_463' title='bbox 1217 5121 1284 5189; x_wconf 86' lang='grc' dir='ltr'><strong>τῇ</strong></span> <span class='ocrx_word' id='word_1_464' title='bbox 1324 5117 1623 5190; x_wconf 77' lang='grc' dir='ltr'><strong>Ἐκκλησία</strong></span> <span class='ocrx_word' id='word_1_465' title='bbox 1665 5119 1831 5189; x_wconf 87' lang='grc' dir='ltr'><strong>κεκή-</strong></span> 
     </span>
    </p>
   </div>
   <div class='ocr_carea' id='block_1_79' title="bbox 234 5211 1832 5286">
    <p class='ocr_par' dir='ltr' id='par_1_79' title="bbox 234 5211 1832 5286">
     <span class='ocr_line' id='line_1_79' title="bbox 234 5211 1832 5286; baseline -0.002 -20"><span class='ocrx_word' id='word_1_466' title='bbox 234 5229 458 5286; x_wconf 84' lang='grc' dir='ltr'><strong>ρυκται.</strong></span> <span class='ocrx_word' id='word_1_467' title='bbox 490 5213 588 5276; x_wconf 86' lang='grc' dir='ltr'><strong>Τίς</strong></span> <span class='ocrx_word' id='word_1_468' title='bbox 616 5212 748 5285; x_wconf 83' lang='grc' dir='ltr'><strong>γὰρ,</strong></span> <span class='ocrx_word' id='word_1_469' title='bbox 777 5212 1090 5285; x_wconf 79' lang='grc' dir='ltr'><strong>ἀριθμήσας</strong></span> <span class='ocrx_word' id='word_1_470' title='bbox 1130 5213 1234 5274; x_wconf 80' lang='grc' dir='ltr'><strong>τὰς</strong></span> <span class='ocrx_word' id='word_1_471' title='bbox 1268 5211 1342 5281; x_wconf 80' lang='grc' dir='ltr'><strong>μὴ</strong></span> <span class='ocrx_word' id='word_1_472' title='bbox 1367 5211 1672 5281; x_wconf 85' lang='grc' dir='ltr'><strong>δυναμένας</strong></span> <span class='ocrx_word' id='word_1_473' title='bbox 1702 5228 1832 5280; x_wconf 84' lang='grc' dir='ltr'><strong>σφα-</strong></span> 
     </span>
    </p>
   </div>
   <div class='ocr_carea' id='block_1_80' title="bbox 225 5301 1829 5378">
    <p class='ocr_par' dir='ltr' id='par_1_80' title="bbox 225 5301 1829 5378">
     <span class='ocr_line' id='line_1_80' title="bbox 225 5301 1829 5378; baseline -0.001 -20"><span class='ocrx_word' id='word_1_474' title='bbox 225 5307 397 5378; x_wconf 82' lang='grc' dir='ltr'><strong>λῆναι</strong></span> <span class='ocrx_word' id='word_1_475' title='bbox 430 5305 551 5359; x_wconf 83' lang='grc' dir='ltr'><strong>καθ’</strong></span> <span class='ocrx_word' id='word_1_476' title='bbox 574 5306 764 5376; x_wconf 80' lang='grc' dir='ltr'><strong>εἱρμὸν</strong></span> <span class='ocrx_word' id='word_1_477' title='bbox 817 5304 1103 5367; x_wconf 86' lang='grc' dir='ltr'><strong>ὑπατείας,</strong></span> <span class='ocrx_word' id='word_1_478' title='bbox 1145 5303 1205 5356; x_wconf 92' lang='grc' dir='ltr'><strong>οὐ</strong></span> <span class='ocrx_word' id='word_1_479' title='bbox 1258 5302 1671 5373; x_wconf 84' lang='grc' dir='ltr'><strong>καταγνώσεται</strong></span> <span class='ocrx_word' id='word_1_480' title='bbox 1721 5301 1829 5356; x_wconf 82' lang='grc' dir='ltr'><strong>τῶν</strong></span> 
     </span>
    </p>
   </div>
   <div class='ocr_carea' id='block_1_81' title="bbox 223 5392 1825 5468">
    <p class='ocr_par' dir='ltr' id='par_1_81' title="bbox 223 5392 1825 5468">
     <span class='ocr_line' id='line_1_81' title="bbox 223 5392 1825 5468; baseline -0.005 -16"><span class='ocrx_word' id='word_1_481' title='bbox 223 5397 566 5468; x_wconf 80' lang='grc' dir='ltr'><strong>νομιζόντων</strong></span> <span class='ocrx_word' id='word_1_482' title='bbox 592 5396 890 5465; x_wconf 78' lang='grc' dir='ltr'><strong>διαφωνίαν</strong></span> <span class='ocrx_word' id='word_1_483' title='bbox 911 5392 1047 5449; x_wconf 80' lang='grc' dir='ltr'><strong>εἶναι</strong></span> <span class='ocrx_word' id='word_1_484' title='bbox 1076 5398 1133 5448; x_wconf 86' lang='grc' dir='ltr'><strong>ὲν</strong></span> <span class='ocrx_word' id='word_1_485' title='bbox 1164 5394 1241 5466; x_wconf 83' lang='grc' dir='ltr'><strong>τῷ</strong></span> <span class='ocrx_word' id='word_1_486' title='bbox 1265 5394 1376 5448; x_wconf 84' lang='grc' dir='ltr'><strong>τῶν</strong></span> <span class='ocrx_word' id='word_1_487' title='bbox 1415 5392 1553 5447; x_wconf 80' lang='grc' dir='ltr'><strong>ἐτῶν</strong></span> <span class='ocrx_word' id='word_1_488' title='bbox 1584 5392 1825 5464; x_wconf 83' lang='grc' dir='ltr'><strong>ἀριθμῷ,</strong></span> 
     </span>
    </p>
   </div>
   <div class='ocr_carea' id='block_1_82' title="bbox 222 5484 1825 5561">
    <p class='ocr_par' dir='ltr' id='par_1_82' title="bbox 222 5484 1825 5561">
     <span class='ocr_line' id='line_1_82' title="bbox 222 5484 1825 5561; baseline -0.003 -18"><span class='ocrx_word' id='word_1_489' title='bbox 222 5491 312 5561; x_wconf 85' lang='grc' dir='ltr'><strong>τῷ</strong></span> <span class='ocrx_word' id='word_1_490' title='bbox 343 5490 492 5561; x_wconf 80' lang='grc' dir='ltr'><strong>παρά</strong></span> <span class='ocrx_word' id='word_1_491' title='bbox 517 5492 630 5552; x_wconf 83' lang='grc' dir='ltr'><strong>τοῖς</strong></span> <span class='ocrx_word' id='word_1_492' title='bbox 658 5489 1072 5558; x_wconf 85' lang='grc' dir='ltr'><strong>εὐαγγελισταῖς</strong></span> <span class='ocrx_word' id='word_1_493' title='bbox 1101 5488 1374 5559; x_wconf 80' lang='grc' dir='ltr'><strong>ᾁδομένῳ;</strong></span> <span class='ocrx_word' id='word_1_494' title='bbox 1406 5486 1505 5540; x_wconf 84' lang='grc' dir='ltr'><strong>Διά</strong></span> <span class='ocrx_word' id='word_1_495' title='bbox 1530 5485 1689 5539; x_wconf 86' lang='grc' dir='ltr'><strong>τοῦτο</strong></span> <span class='ocrx_word' id='word_1_496' title='bbox 1718 5484 1825 5556; x_wconf 84' lang='grc' dir='ltr'><strong>γὰρ</strong></span> 
     </span>
    </p>
   </div>
   <div class='ocr_carea' id='block_1_83' title="bbox 224 5577 1823 5653">
    <p class='ocr_par' dir='ltr' id='par_1_83' title="bbox 224 5577 1823 5653">
     <span class='ocr_line' id='line_1_83' title="bbox 224 5577 1823 5653; baseline -0.003 -16"><span class='ocrx_word' id='word_1_497' title='bbox 224 5582 331 5636; x_wconf 80' lang='grc' dir='ltr'><strong>καὶ</strong></span> <span class='ocrx_word' id='word_1_498' title='bbox 358 5581 558 5634; x_wconf 78' lang='grc' dir='ltr'><strong>ἔπεσαν</strong></span> <span class='ocrx_word' id='word_1_499' title='bbox 598 5582 657 5634; x_wconf 83' lang='grc' dir='ltr'><strong>αἱ</strong></span> <span class='ocrx_word' id='word_1_500' title='bbox 686 5582 953 5653; x_wconf 87' lang='grc' dir='ltr'><strong>πρότερον</strong></span> <span class='ocrx_word' id='word_1_501' title='bbox 982 5580 1242 5653; x_wconf 82' lang='grc' dir='ltr'><strong>αἱρέσεις,</strong></span> <span class='ocrx_word' id='word_1_502' title='bbox 1289 5582 1344 5633; x_wconf 85' lang='lat' dir='ltr'><strong>ui</strong></span> <span class='ocrx_word' id='word_1_503' title='bbox 1393 5577 1657 5649; x_wconf 84' lang='grc' dir='ltr'><strong>μυθωδῶς</strong></span> <span class='ocrx_word' id='word_1_504' title='bbox 1694 5578 1823 5633; x_wconf 87' lang='grc' dir='ltr'><strong>ἀνα-</strong></span> 
     </span>
    </p>
   </div>
   <div class='ocr_carea' id='block_1_84' title="bbox 223 5670 1824 5746">
    <p class='ocr_par' dir='ltr' id='par_1_84' title="bbox 223 5670 1824 5746">
     <span class='ocr_line' id='line_1_84' title="bbox 223 5670 1824 5746; baseline -0.001 -19"><span class='ocrx_word' id='word_1_505' title='bbox 223 5673 589 5744; x_wconf 76' lang='grc' dir='ltr'><strong>γραψάμεναι</strong></span> <span class='ocrx_word' id='word_1_506' title='bbox 610 5674 738 5737; x_wconf 79' lang='grc' dir='ltr'><strong>τοὺς</strong></span> <span class='ocrx_word' id='word_1_507' title='bbox 768 5674 1066 5746; x_wconf 87' lang='grc' dir='ltr'><strong>τριάκοντα</strong></span> <span class='ocrx_word' id='word_1_508' title='bbox 1097 5672 1321 5735; x_wconf 87' lang='grc' dir='ltr'><strong>αίῶνας,</strong></span> <span class='ocrx_word' id='word_1_509' title='bbox 1355 5671 1451 5725; x_wconf 86' lang='lat' dir='ltr'><strong>xui</strong></span> <span class='ocrx_word' id='word_1_510' title='bbox 1484 5671 1553 5725; x_wconf 84' lang='grc' dir='ltr'><strong>τά</strong></span> <span class='ocrx_word' id='word_1_511' title='bbox 1580 5672 1688 5725; x_wconf 81' lang='grc' dir='ltr'><strong>ἀπὸ</strong></span> <span class='ocrx_word' id='word_1_512' title='bbox 1714 5670 1824 5725; x_wconf 82' lang='grc' dir='ltr'><strong>τῶν</strong></span> 
     </span>
    </p>
   </div>
   <div class='ocr_carea' id='block_1_85' title="bbox 224 5765 1824 5839">
    <p class='ocr_par' dir='ltr' id='par_1_85' title="bbox 224 5765 1824 5839">
     <span class='ocr_line' id='line_1_85' title="bbox 224 5765 1824 5839; baseline 0 -20"><span class='ocrx_word' id='word_1_513' title='bbox 224 5766 529 5838; x_wconf 79' lang='grc' dir='ltr'><strong>τριάκοντα</strong></span> <span class='ocrx_word' id='word_1_514' title='bbox 567 5766 706 5821; x_wconf 79' lang='grc' dir='ltr'><strong>ὲτῶν</strong></span> <span class='ocrx_word' id='word_1_515' title='bbox 731 5767 823 5820; x_wconf 88' lang='grc' dir='ltr'><strong>τοῦ</strong></span> <span class='ocrx_word' id='word_1_516' title='bbox 858 5768 1108 5839; x_wconf 82' lang='grc' dir='ltr'><strong>Σωτῆρος</strong></span> <span class='ocrx_word' id='word_1_517' title='bbox 1147 5767 1278 5839; x_wconf 77' lang='grc' dir='ltr'><strong>παρ’</strong></span> <span class='ocrx_word' id='word_1_518' title='bbox 1301 5765 1480 5819; x_wconf 86' lang='grc' dir='ltr'><strong>αὐτῶν</strong></span> <span class='ocrx_word' id='word_1_519' title='bbox 1518 5766 1824 5838; x_wconf 83' lang='grc' dir='ltr'><strong>ἁλληγορη-</strong></span> 
     </span>
    </p>
   </div>
   <div class='ocr_carea' id='block_1_86' title="bbox 227 5858 1820 5935">
    <p class='ocr_par' dir='ltr' id='par_1_86' title="bbox 227 5858 1820 5935">
     <span class='ocr_line' id='line_1_86' title="bbox 227 5858 1820 5935; baseline -0.002 -18"><span class='ocrx_word' id='word_1_520' title='bbox 227 5862 394 5935; x_wconf 74' lang='grc' dir='ltr'><strong>θέντα</strong></span> <span class='ocrx_word' id='word_1_521' title='bbox 414 5876 429 5891; x_wconf 76' lang='grc'><strong><em>⁸</em></strong></span> <span class='ocrx_word' id='word_1_522' title='bbox 470 5860 559 5914; x_wconf 78' lang='grc' dir='ltr'><strong>ἵνα</strong></span> <span class='ocrx_word' id='word_1_523' title='bbox 585 5859 747 5931; x_wconf 80' lang='grc' dir='ltr'><strong>δῆθεν</strong></span> <span class='ocrx_word' id='word_1_524' title='bbox 774 5860 1043 5933; x_wconf 73' lang='grc' dir='ltr'><strong>δυνηθῶσι</strong></span> <span class='ocrx_word' id='word_1_525' title='bbox 1083 5863 1191 5915; x_wconf 81' lang='grc' dir='ltr'><strong>τῶν</strong></span> <span class='ocrx_word' id='word_1_526' title='bbox 1230 5863 1361 5932; x_wconf 87' lang='grc' dir='ltr'><strong>παρ’</strong></span> <span class='ocrx_word' id='word_1_527' title='bbox 1387 5860 1569 5923; x_wconf 85' lang='grc' dir='ltr'><strong>αὐτοῖς</strong></span> <span class='ocrx_word' id='word_1_528' title='bbox 1609 5858 1820 5914; x_wconf 80' lang='grc' dir='ltr'><strong>αἰώνων</strong></span> 
     </span>
    </p>
   </div>
   <div class='ocr_carea' id='block_1_87' title="bbox 1955 2088 2810 2160">
    <p class='ocr_par' dir='ltr' id='par_1_87' title="bbox 1955 2088 2810 2160">
     <span class='ocr_line' id='line_1_87' title="bbox 1955 2088 2810 2160; baseline -0.005 -17"><span class='ocrx_word' id='word_1_529' title='bbox 1955 2104 2048 2144; x_wconf 79' lang='lat' dir='ltr'><strong>rex</strong></span> <span class='ocrx_word' id='word_1_530' title='bbox 2085 2089 2153 2145; x_wconf 90' lang='lat' dir='ltr'><strong>ab</strong></span> <span class='ocrx_word' id='word_1_531' title='bbox 2181 2088 2429 2160; x_wconf 84' lang='lat' dir='ltr'><strong>Augusto</strong></span> <span class='ocrx_word' id='word_1_532' title='bbox 2453 2097 2673 2143; x_wconf 87' lang='lat' dir='ltr'><strong>creatus</strong></span> <span class='ocrx_word' id='word_1_533' title='bbox 2705 2094 2810 2142; x_wconf 90' lang='lat' dir='ltr'><strong>est.</strong></span> 
     </span>
    </p>
   </div>
   <div class='ocr_carea' id='block_1_88' title="bbox 1954 2218 3554 2289">
    <p class='ocr_par' dir='ltr' id='par_1_88' title="bbox 1954 2218 3554 2289">
     <span class='ocr_line' id='line_1_88' title="bbox 1954 2218 3554 2289; baseline -0.004 -8"><span class='ocrx_word' id='word_1_534' title='bbox 1954 2227 1975 2281; x_wconf 87' lang='grc' dir='ltr'><strong>Ι</strong></span> <span class='ocrx_word' id='word_1_535' title='bbox 2230 2224 2365 2279; x_wconf 88' lang='lat' dir='ltr'><strong>Acta</strong></span> <span class='ocrx_word' id='word_1_536' title='bbox 2396 2225 2511 2279; x_wconf 63' lang='lat' dir='ltr'><strong>haec</strong></span> <span class='ocrx_word' id='word_1_537' title='bbox 2552 2232 2682 2278; x_wconf 88' lang='lat' dir='ltr'><strong>sunt</strong></span> <span class='ocrx_word' id='word_1_538' title='bbox 2714 2220 2938 2276; x_wconf 78' lang='lat' dir='ltr'><strong>Octavio</strong></span> <span class='ocrx_word' id='word_1_539' title='bbox 2969 2219 3214 2289; x_wconf 80' lang='lat' dir='ltr'><strong>Augusto</strong></span> <span class='ocrx_word' id='word_1_540' title='bbox 3250 2218 3365 2273; x_wconf 61' lang='lat' dir='ltr'><strong>XIII</strong></span> <span class='ocrx_word' id='word_1_541' title='bbox 3388 2228 3435 2275; x_wconf 90' lang='lat' dir='ltr'><strong>et</strong></span> <span class='ocrx_word' id='word_1_542' title='bbox 3468 2220 3554 2275; x_wconf 85' lang='lat' dir='ltr'><strong>Si-</strong></span> 
     </span>
    </p>
   </div>
   <div class='ocr_carea' id='block_1_89' title="bbox 2300 2291 3553 2363">
    <p class='ocr_par' dir='ltr' id='par_1_89' title="bbox 2300 2291 3553 2363">
     <span class='ocr_line' id='line_1_89' title="bbox 2300 2291 3553 2363; baseline -0.002 -14"><span class='ocrx_word' id='word_1_543' title='bbox 2300 2298 2425 2350; x_wconf 88' lang='lat' dir='ltr'><strong>lano</strong></span> <span class='ocrx_word' id='word_1_544' title='bbox 2459 2310 2605 2349; x_wconf 89' lang='lat' dir='ltr'><strong>coss.</strong></span> <span class='ocrx_word' id='word_1_545' title='bbox 2628 2334 2642 2359; x_wconf 92' lang='lat'><strong>,</strong></span> <span class='ocrx_word' id='word_1_546' title='bbox 2686 2292 2989 2347; x_wconf 79' lang='lat' dir='ltr'><strong>secundum</strong></span> <span class='ocrx_word' id='word_1_547' title='bbox 3020 2307 3161 2361; x_wconf 86' lang='lat' dir='ltr'><strong>quos</strong></span> <span class='ocrx_word' id='word_1_548' title='bbox 3193 2291 3247 2344; x_wconf 90' lang='lat' dir='ltr'><strong>hi</strong></span> <span class='ocrx_word' id='word_1_549' title='bbox 3288 2294 3553 2363; x_wconf 79' lang='lat' dir='ltr'><strong>deinceps</strong></span> 
     </span>
    </p>
   </div>
   <div class='ocr_carea' id='block_1_90' title="bbox 2302 2364 2874 2421">
    <p class='ocr_par' dir='ltr' id='par_1_90' title="bbox 2302 2364 2874 2421">
     <span class='ocr_line' id='line_1_90' title="bbox 2302 2364 2874 2421; baseline -0.009 0"><span class='ocrx_word' id='word_1_550' title='bbox 2302 2369 2565 2421; x_wconf 84' lang='lat' dir='ltr'><strong>exstitere</strong></span> <span class='ocrx_word' id='word_1_551' title='bbox 2591 2364 2874 2419; x_wconf 87' lang='lat' dir='ltr'><strong>consules.</strong></span> 
     </span>
    </p>
   </div>
   <div class='ocr_carea' id='block_1_91' title="bbox 1952 2517 2835 2581">
    <p class='ocr_par' dir='ltr' id='par_1_91' title="bbox 1952 2517 2835 2581">
     <span class='ocr_line' id='line_1_91' title="bbox 1952 2517 2835 2581; baseline -0.001 -7"><span class='ocrx_word' id='word_1_552' title='bbox 1952 2519 1995 2574; x_wconf 92' lang='lat' dir='ltr'><strong>II</strong></span> <span class='ocrx_word' id='word_1_553' title='bbox 2216 2519 2482 2576; x_wconf 85' lang='lat' dir='ltr'><strong>Lentulus</strong></span> <span class='ocrx_word' id='word_1_554' title='bbox 2508 2527 2563 2575; x_wconf 84' lang='lat' dir='ltr'><strong>et</strong></span> <span class='ocrx_word' id='word_1_555' title='bbox 2600 2517 2732 2573; x_wconf 88' lang='lat' dir='ltr'><strong>Piso</strong></span> <span class='ocrx_word' id='word_1_556' title='bbox 2762 2517 2835 2581; x_wconf 94' lang='lat' dir='ltr'><strong>II,</strong></span> 
     </span>
    </p>
   </div>
   <div class='ocr_carea' id='block_1_92' title="bbox 1952 2589 2860 2652">
    <p class='ocr_par' dir='ltr' id='par_1_92' title="bbox 1952 2589 2860 2652">
     <span class='ocr_line' id='line_1_92' title="bbox 1952 2589 2860 2652; baseline -0.004 -6"><span class='ocrx_word' id='word_1_557' title='bbox 1952 2590 2021 2646; x_wconf 91' lang='lat' dir='ltr'><strong>III</strong></span> <span class='ocrx_word' id='word_1_558' title='bbox 2214 2590 2277 2645; x_wconf 90' lang='lat' dir='ltr'><strong>L.</strong></span> <span class='ocrx_word' id='word_1_559' title='bbox 2313 2592 2497 2646; x_wconf 83' lang='lat' dir='ltr'><strong>Caesar</strong></span> <span class='ocrx_word' id='word_1_560' title='bbox 2528 2598 2583 2644; x_wconf 89' lang='lat' dir='ltr'><strong>et</strong></span> <span class='ocrx_word' id='word_1_561' title='bbox 2615 2589 2820 2643; x_wconf 90' lang='lat' dir='ltr'><strong>Paulus</strong></span> <span class='ocrx_word' id='word_1_562' title='bbox 2845 2626 2860 2652; x_wconf 91' lang='lat'><strong>,</strong></span> 
     </span>
    </p>
   </div>
   <div class='ocr_carea' id='block_1_93' title="bbox 1953 2658 2823 2723">
    <p class='ocr_par' dir='ltr' id='par_1_93' title="bbox 1953 2658 2823 2723">
     <span class='ocr_line' id='line_1_93' title="bbox 1953 2658 2823 2723; baseline -0.002 -7"><span class='ocrx_word' id='word_1_563' title='bbox 1953 2660 2023 2716; x_wconf 99' lang='lat' dir='ltr'><strong>IV</strong></span> <span class='ocrx_word' id='word_1_564' title='bbox 2206 2660 2512 2716; x_wconf 88' lang='lat' dir='ltr'><strong>Vinducius</strong></span> <span class='ocrx_word' id='word_1_565' title='bbox 2535 2669 2587 2715; x_wconf 87' lang='lat' dir='ltr'><strong>ct</strong></span> <span class='ocrx_word' id='word_1_566' title='bbox 2612 2658 2791 2714; x_wconf 82' lang='lat' dir='ltr'><strong>Varus</strong></span> <span class='ocrx_word' id='word_1_567' title='bbox 2808 2698 2823 2723; x_wconf 64' lang='grc' dir='ltr'><em>ρ</em></span> 
     </span>
    </p>
   </div>
   <div class='ocr_carea' id='block_1_94' title="bbox 1954 2726 3160 2790">
    <p class='ocr_par' dir='ltr' id='par_1_94' title="bbox 1954 2726 3160 2790">
     <span class='ocr_line' id='line_1_94' title="bbox 1954 2726 3160 2790; baseline -0.004 -5"><span class='ocrx_word' id='word_1_568' title='bbox 1954 2731 1998 2785; x_wconf 92' lang='lat' dir='ltr'><strong>V</strong></span> <span class='ocrx_word' id='word_1_569' title='bbox 2125 2767 2137 2782; x_wconf 58' lang='grc' dir='ltr'>η</span> <span class='ocrx_word' id='word_1_570' title='bbox 2210 2732 2399 2787; x_wconf 84' lang='lat' dir='ltr'><strong>Lamia</strong></span> <span class='ocrx_word' id='word_1_571' title='bbox 2430 2741 2484 2785; x_wconf 86' lang='lat' dir='ltr'><strong>et</strong></span> <span class='ocrx_word' id='word_1_572' title='bbox 2523 2731 2793 2785; x_wconf 79' lang='lat' dir='ltr'><strong>Servilius</strong></span> <span class='ocrx_word' id='word_1_573' title='bbox 2827 2726 3119 2782; x_wconf 88' lang='lat' dir='ltr'><strong>Nommius</strong></span> <span class='ocrx_word' id='word_1_574' title='bbox 3144 2766 3160 2790; x_wconf 94' lang='lat'><strong>,</strong></span> 
     </span>
    </p>
   </div>
   <div class='ocr_carea' id='block_1_95' title="bbox 1952 2797 3177 2873">
    <p class='ocr_par' dir='ltr' id='par_1_95' title="bbox 1952 2797 3177 2873">
     <span class='ocr_line' id='line_1_95' title="bbox 1952 2797 3177 2873; baseline -0.007 -15"><span class='ocrx_word' id='word_1_575' title='bbox 1952 2799 2022 2873; x_wconf 58' lang='lat' dir='ltr'><strong>VI</strong></span> <span class='ocrx_word' id='word_1_576' title='bbox 2211 2802 2444 2873; x_wconf 84' lang='lat' dir='ltr'><strong>Magnus</strong></span> <span class='ocrx_word' id='word_1_577' title='bbox 2467 2801 2768 2873; x_wconf 82' lang='lat' dir='ltr'><strong>Pompeius</strong></span> <span class='ocrx_word' id='word_1_578' title='bbox 2800 2808 2855 2854; x_wconf 89' lang='lat' dir='ltr'><strong>et</strong></span> <span class='ocrx_word' id='word_1_579' title='bbox 2892 2797 3177 2862; x_wconf 73' lang='lat' dir='ltr'><strong>Valerius,</strong></span> 
     </span>
    </p>
   </div>
   <div class='ocr_carea' id='block_1_96' title="bbox 1892 2869 2868 2943">
    <p class='ocr_par' dir='ltr' id='par_1_96' title="bbox 1892 2869 2868 2943">
     <span class='ocr_line' id='line_1_96' title="bbox 1892 2869 2868 2943; baseline 0 -18"><span class='ocrx_word' id='word_1_580' title='bbox 1892 2902 1895 2907; x_wconf 92' lang='lat'><strong><em>-</em></strong></span> <span class='ocrx_word' id='word_1_581' title='bbox 1950 2869 2065 2943; x_wconf 62' lang='lat' dir='ltr'><strong>VII</strong></span> <span class='ocrx_word' id='word_1_582' title='bbox 2216 2869 2455 2943; x_wconf 71' lang='lat' dir='ltr'><strong>Lepidus</strong></span> <span class='ocrx_word' id='word_1_583' title='bbox 2491 2883 2545 2926; x_wconf 87' lang='lat' dir='ltr'><strong>et</strong></span> <span class='ocrx_word' id='word_1_584' title='bbox 2574 2869 2868 2934; x_wconf 79' lang='lat' dir='ltr'><strong>Aruntius,</strong></span> 
     </span>
    </p>
   </div>
   <div class='ocr_carea' id='block_1_97' title="bbox 1950 2940 2725 3006">
    <p class='ocr_par' dir='ltr' id='par_1_97' title="bbox 1950 2940 2725 3006">
     <span class='ocr_line' id='line_1_97' title="bbox 1950 2940 2725 3006; baseline -0.001 -10"><span class='ocrx_word' id='word_1_585' title='bbox 1950 2940 2067 2996; x_wconf 85' lang='lat' dir='ltr'><strong>VIII</strong></span> <span class='ocrx_word' id='word_1_586' title='bbox 2209 2940 2396 2998; x_wconf 55' lang='lat' dir='ltr'><strong>cesar</strong></span> <span class='ocrx_word' id='word_1_587' title='bbox 2425 2951 2480 2996; x_wconf 86' lang='lat' dir='ltr'><strong>et</strong></span> <span class='ocrx_word' id='word_1_588' title='bbox 2510 2944 2725 3006; x_wconf 82' lang='lat' dir='ltr'><strong>Capito,</strong></span> 
     </span>
    </p>
   </div>
   <div class='ocr_carea' id='block_1_98' title="bbox 1950 3013 2779 3074">
    <p class='ocr_par' dir='ltr' id='par_1_98' title="bbox 1950 3013 2779 3074">
     <span class='ocr_line' id='line_1_98' title="bbox 1950 3013 2779 3074; baseline -0.005 -8"><span class='ocrx_word' id='word_1_589' title='bbox 1950 3013 2023 3066; x_wconf 77' lang='lat' dir='ltr'><strong>IX</strong></span> <span class='ocrx_word' id='word_1_590' title='bbox 2208 3014 2461 3069; x_wconf 87' lang='lat' dir='ltr'><strong>Creticus</strong></span> <span class='ocrx_word' id='word_1_591' title='bbox 2482 3020 2534 3066; x_wconf 85' lang='lat' dir='ltr'><strong>ct</strong></span> <span class='ocrx_word' id='word_1_592' title='bbox 2567 3013 2742 3066; x_wconf 77' lang='lat' dir='ltr'><strong>Nerva</strong></span> <span class='ocrx_word' id='word_1_593' title='bbox 2764 3051 2779 3074; x_wconf 92' lang='lat'><strong>,</strong></span> 
     </span>
    </p>
   </div>
   <div class='ocr_carea' id='block_1_99' title="bbox 1953 3079 2994 3146">
    <p class='ocr_par' dir='ltr' id='par_1_99' title="bbox 1953 3079 2994 3146">
     <span class='ocr_line' id='line_1_99' title="bbox 1953 3079 2994 3146; baseline -0.006 -9"><span class='ocrx_word' id='word_1_594' title='bbox 1953 3082 1995 3137; x_wconf 83' lang='lat' dir='ltr'><strong>X</strong></span> <span class='ocrx_word' id='word_1_595' title='bbox 2207 3085 2471 3138; x_wconf 81' lang='lat' dir='ltr'><strong>Camillus</strong></span> <span class='ocrx_word' id='word_1_596' title='bbox 2501 3090 2554 3135; x_wconf 84' lang='lat' dir='ltr'><strong>et</strong></span> <span class='ocrx_word' id='word_1_597' title='bbox 2578 3079 2994 3146; x_wconf 85' lang='lat' dir='ltr'><strong>Quintillianus,</strong></span> 
     </span>
    </p>
   </div>
   <div class='ocr_carea' id='block_1_100' title="bbox 1949 3151 2932 3213">
    <p class='ocr_par' dir='ltr' id='par_1_100' title="bbox 1949 3151 2932 3213">
     <span class='ocr_line' id='line_1_100' title="bbox 1949 3151 2932 3213; baseline -0.007 -4"><span class='ocrx_word' id='word_1_598' title='bbox 1949 3152 2023 3209; x_wconf 80' lang='lat' dir='ltr'><strong>XI</strong></span> <span class='ocrx_word' id='word_1_599' title='bbox 2215 3154 2540 3209; x_wconf 88' lang='lat' dir='ltr'><strong>Camerinus</strong></span> <span class='ocrx_word' id='word_1_600' title='bbox 2576 3162 2632 3207; x_wconf 91' lang='lat' dir='ltr'><strong>et</strong></span> <span class='ocrx_word' id='word_1_601' title='bbox 2656 3151 2896 3205; x_wconf 84' lang='lat' dir='ltr'><strong>Sabinus</strong></span> <span class='ocrx_word' id='word_1_602' title='bbox 2918 3188 2932 3213; x_wconf 92' lang='lat'><strong>,</strong></span> 
     </span>
    </p>
   </div>
   <div class='ocr_carea' id='block_1_101' title="bbox 1873 3222 2896 3286">
    <p class='ocr_par' dir='ltr' id='par_1_101' title="bbox 1873 3222 2896 3286">
     <span class='ocr_line' id='line_1_101' title="bbox 1873 3222 2896 3286; baseline -0.003 -8"><span class='ocrx_word' id='word_1_603' title='bbox 1873 3228 1916 3286; x_wconf 89' lang='lat' dir='ltr'><strong>C</strong></span> <span class='ocrx_word' id='word_1_604' title='bbox 1950 3223 2044 3279; x_wconf 82' lang='lat' dir='ltr'><strong>XII</strong></span> <span class='ocrx_word' id='word_1_605' title='bbox 2214 3223 2493 3278; x_wconf 83' lang='lat' dir='ltr'><strong>Dolabella</strong></span> <span class='ocrx_word' id='word_1_606' title='bbox 2529 3230 2582 3277; x_wconf 87' lang='lat' dir='ltr'><strong>et</strong></span> <span class='ocrx_word' id='word_1_607' title='bbox 2618 3222 2896 3285; x_wconf 87' lang='lat' dir='ltr'><strong>Silvanus,</strong></span> 
     </span>
    </p>
   </div>
   <div class='ocr_carea' id='block_1_102' title="bbox 1950 3292 2069 3350">
    <p class='ocr_par' dir='ltr' id='par_1_102' title="bbox 1950 3292 2069 3350">
     <span class='ocr_line' id='line_1_102' title="bbox 1950 3292 2069 3350; baseline -0.034 0"><span class='ocrx_word' id='word_1_608' title='bbox 1950 3292 2069 3350; x_wconf 79' lang='lat' dir='ltr'><strong>XIII</strong></span> 
     </span>
    </p>
   </div>
   <div class='ocr_carea' id='block_1_103' title="bbox 2207 3292 2814 3365">
    <p class='ocr_par' dir='ltr' id='par_1_103' title="bbox 2207 3292 2814 3365">
     <span class='ocr_line' id='line_1_103' title="bbox 2207 3292 2814 3365; baseline -0.007 -16"><span class='ocrx_word' id='word_1_609' title='bbox 2207 3294 2448 3365; x_wconf 37' lang='lat' dir='ltr'><strong>[lepidus</strong></span> <span class='ocrx_word' id='word_1_610' title='bbox 2477 3302 2531 3348; x_wconf 90' lang='lat' dir='ltr'><strong>et</strong></span> <span class='ocrx_word' id='word_1_611' title='bbox 2556 3292 2814 3365; x_wconf 87' lang='lat' dir='ltr'><strong>_Taurus.</strong></span> 
     </span>
    </p>
   </div>
   <div class='ocr_carea' id='block_1_104' title="bbox 1947 3363 2069 3420">
    <p class='ocr_par' dir='ltr' id='par_1_104' title="bbox 1947 3363 2069 3420">
     <span class='ocr_line' id='line_1_104' title="bbox 1947 3363 2069 3420; baseline -0.033 0"><span class='ocrx_word' id='word_1_612' title='bbox 1947 3363 2069 3420; x_wconf 78' lang='lat' dir='ltr'><strong>XIV</strong></span> 
     </span>
    </p>
   </div>
   <div class='ocr_carea' id='block_1_105' title="bbox 2206 3363 2842 3425">
    <p class='ocr_par' dir='ltr' id='par_1_105' title="bbox 2206 3363 2842 3425">
     <span class='ocr_line' id='line_1_105' title="bbox 2206 3363 2842 3425; baseline -0.002 -6"><span class='ocrx_word' id='word_1_613' title='bbox 2206 3363 2440 3419; x_wconf 81' lang='lat' dir='ltr'><strong>Flaccus</strong></span> <span class='ocrx_word' id='word_1_614' title='bbox 2465 3373 2520 3419; x_wconf 91' lang='lat' dir='ltr'><strong>et</strong></span> <span class='ocrx_word' id='word_1_615' title='bbox 2549 3363 2809 3418; x_wconf 89' lang='lat' dir='ltr'><strong>Silvanus</strong></span> <span class='ocrx_word' id='word_1_616' title='bbox 2827 3401 2842 3425; x_wconf 96' lang='lat'><strong>,</strong></span> 
     </span>
    </p>
   </div>
   <div class='ocr_carea' id='block_1_106' title="bbox 1948 3435 2553 3495">
    <p class='ocr_par' dir='ltr' id='par_1_106' title="bbox 1948 3435 2553 3495">
     <span class='ocr_line' id='line_1_106' title="bbox 1948 3435 2553 3495; baseline -0.005 -4"><span class='ocrx_word' id='word_1_617' title='bbox 1948 3435 2045 3491; x_wconf 78' lang='grc' dir='ltr'><strong>Χν</strong></span> <span class='ocrx_word' id='word_1_618' title='bbox 2212 3438 2368 3491; x_wconf 83' lang='lat' dir='ltr'><strong>Sexti</strong></span> <span class='ocrx_word' id='word_1_619' title='bbox 2404 3435 2513 3488; x_wconf 89' lang='lat' dir='ltr'><strong>duo</strong></span> <span class='ocrx_word' id='word_1_620' title='bbox 2540 3475 2553 3495; x_wconf 90' lang='lat'><strong>,</strong></span> 
     </span>
    </p>
   </div>
   <div class='ocr_carea' id='block_1_107' title="bbox 1948 3501 3022 3576">
    <p class='ocr_par' dir='ltr' id='par_1_107' title="bbox 1948 3501 3022 3576">
     <span class='ocr_line' id='line_1_107' title="bbox 1948 3501 3022 3576; baseline -0.006 -15"><span class='ocrx_word' id='word_1_621' title='bbox 1948 3507 2066 3561; x_wconf 80' lang='lat' dir='ltr'><strong>XVI</strong></span> <span class='ocrx_word' id='word_1_622' title='bbox 2213 3506 2507 3576; x_wconf 87' lang='lat' dir='ltr'><strong>Pompeius</strong></span> <span class='ocrx_word' id='word_1_623' title='bbox 2543 3504 2612 3576; x_wconf 52' lang='lat' dir='ltr'><strong>ﬂ.</strong></span> <span class='ocrx_word' id='word_1_624' title='bbox 2646 3512 2700 3558; x_wconf 90' lang='lat' dir='ltr'><strong>et</strong></span> <span class='ocrx_word' id='word_1_625' title='bbox 2723 3501 3022 3574; x_wconf 83' lang='lat' dir='ltr'><strong>Apuleius,</strong></span> 
     </span>
    </p>
   </div>
   <div class='ocr_carea' id='block_1_108' title="bbox 1946 3574 2814 3640">
    <p class='ocr_par' dir='ltr' id='par_1_108' title="bbox 1946 3574 2814 3640">
     <span class='ocr_line' id='line_1_108' title="bbox 1946 3574 2814 3640; baseline -0.002 -7"><span class='ocrx_word' id='word_1_626' title='bbox 1946 3576 2095 3633; x_wconf 76' lang='lat' dir='ltr'><strong>XVII</strong></span> <span class='ocrx_word' id='word_1_627' title='bbox 2220 3574 2419 3631; x_wconf 78' lang='lat' dir='ltr'><strong>Brutus</strong></span> <span class='ocrx_word' id='word_1_628' title='bbox 2461 3585 2515 3630; x_wconf 90' lang='lat' dir='ltr'><strong>et</strong></span> <span class='ocrx_word' id='word_1_629' title='bbox 2542 3574 2814 3640; x_wconf 87' lang='lat' dir='ltr'><strong>Flaccus,</strong></span> 
     </span>
    </p>
   </div>
   <div class='ocr_carea' id='block_1_109' title="bbox 1946 3647 2709 3710">
    <p class='ocr_par' dir='ltr' id='par_1_109' title="bbox 1946 3647 2709 3710">
     <span class='ocr_line' id='line_1_109' title="bbox 1946 3647 2709 3710; baseline -0.003 -7"><span class='ocrx_word' id='word_1_630' title='bbox 1946 3648 2115 3703; x_wconf 79' lang='lat' dir='ltr'><strong>XVIII</strong></span> <span class='ocrx_word' id='word_1_631' title='bbox 2205 3648 2423 3703; x_wconf 88' lang='lat' dir='ltr'><strong>Taurus</strong></span> <span class='ocrx_word' id='word_1_632' title='bbox 2453 3658 2505 3702; x_wconf 87' lang='lat' dir='ltr'><strong>et</strong></span> <span class='ocrx_word' id='word_1_633' title='bbox 2538 3647 2709 3710; x_wconf 88' lang='lat' dir='ltr'><strong>Libo,</strong></span> 
     </span>
    </p>
   </div>
   <div class='ocr_carea' id='block_1_110' title="bbox 1946 3716 2776 3779">
    <p class='ocr_par' dir='ltr' id='par_1_110' title="bbox 1946 3716 2776 3779">
     <span class='ocr_line' id='line_1_110' title="bbox 1946 3716 2776 3779; baseline -0.005 -6"><span class='ocrx_word' id='word_1_634' title='bbox 1946 3718 2070 3773; x_wconf 81' lang='lat' dir='ltr'><strong>XIX</strong></span> <span class='ocrx_word' id='word_1_635' title='bbox 2217 3721 2458 3774; x_wconf 83' lang='lat' dir='ltr'><strong>Crassus</strong></span> <span class='ocrx_word' id='word_1_636' title='bbox 2492 3727 2545 3771; x_wconf 89' lang='lat' dir='ltr'><strong>et</strong></span> <span class='ocrx_word' id='word_1_637' title='bbox 2580 3716 2776 3779; x_wconf 81' lang='lat' dir='ltr'><strong>Rufus,</strong></span> 
     </span>
    </p>
   </div>
   <div class='ocr_carea' id='block_1_111' title="bbox 1944 3784 3541 3911">
    <p class='ocr_par' dir='ltr' id='par_1_111' title="bbox 1944 3784 3541 3911">
     <span class='ocr_line' id='line_1_111' title="bbox 1944 3784 3541 3911; baseline 0 -68"><span class='ocrx_word' id='word_1_638' title='bbox 1944 3788 2045 3843; x_wconf 80' lang='lat' dir='ltr'><strong>XX</strong></span> <span class='ocrx_word' id='word_1_639' title='bbox 2210 3789 2462 3911; x_wconf 53' lang='lat' dir='ltr'><strong>Tiberius</strong></span> <span class='ocrx_word' id='word_1_640' title='bbox 2510 3786 2695 3844; x_wconf 62' lang='lat' dir='ltr'><strong>Caesar</strong></span> <span class='ocrx_word' id='word_1_641' title='bbox 2754 3786 2797 3841; x_wconf 93' lang='lat' dir='ltr'><strong>Il</strong></span> <span class='ocrx_word' id='word_1_642' title='bbox 2849 3794 2903 3842; x_wconf 90' lang='lat' dir='ltr'><strong>et</strong></span> <span class='ocrx_word' id='word_1_643' title='bbox 2965 3785 3180 3844; x_wconf 89' lang='lat' dir='ltr'><strong>Drusus</strong></span> <span class='ocrx_word' id='word_1_644' title='bbox 3244 3784 3541 3843; x_wconf 83' lang='lat' dir='ltr'><strong>Germani-</strong></span> 
     </span>
     <span class='ocr_line' id='line_1_112' title="bbox 2286 3877 2482 3911; baseline 0 0"><span class='ocrx_word' id='word_1_645' title='bbox 2286 3877 2386 3911; x_wconf 82' lang='lat' dir='ltr'><strong>CIIS</strong></span> <span class='ocrx_word' id='word_1_646' title='bbox 2468 3899 2482 3911; x_wconf 87' lang='lat'><em>.</em></span> 
     </span>
    </p>
   </div>
   <div class='ocr_carea' id='block_1_112' title="bbox 2286 3877 2482 3923">
    <p class='ocr_par' dir='ltr' id='par_1_112' title="bbox 2286 3877 2482 3923">
     <span class='ocr_line' id='line_1_113' title="bbox 2286 3877 2482 3923; baseline -0.015 -9"><span class='ocrx_word' id='word_1_647' title='bbox 2286 3877 2386 3915; x_wconf 87' lang='lat' dir='ltr'><strong>cus</strong></span> <span class='ocrx_word' id='word_1_648' title='bbox 2410 3877 2482 3923; x_wconf 88' lang='grc' dir='ltr'><strong>ιι,</strong></span> 
     </span>
    </p>
   </div>
   <div class='ocr_carea' id='block_1_113' title="bbox 1944 3929 2771 3993">
    <p class='ocr_par' dir='ltr' id='par_1_113' title="bbox 1944 3929 2771 3993">
     <span class='ocr_line' id='line_1_114' title="bbox 1944 3929 2771 3993; baseline -0.002 -9"><span class='ocrx_word' id='word_1_649' title='bbox 1944 3929 2064 3984; x_wconf 73' lang='lat' dir='ltr'><strong>XXI</strong></span> <span class='ocrx_word' id='word_1_650' title='bbox 2218 3931 2441 3985; x_wconf 83' lang='lat' dir='ltr'><strong>Silanus</strong></span> <span class='ocrx_word' id='word_1_651' title='bbox 2465 3939 2517 3985; x_wconf 89' lang='lat' dir='ltr'><strong>et</strong></span> <span class='ocrx_word' id='word_1_652' title='bbox 2546 3929 2771 3993; x_wconf 86' lang='lat' dir='ltr'><strong>Balbus,</strong></span> 
     </span>
    </p>
   </div>
   <div class='ocr_carea' id='block_1_114' title="bbox 1944 3997 2821 4060">
    <p class='ocr_par' dir='ltr' id='par_1_114' title="bbox 1944 3997 2821 4060">
     <span class='ocr_line' id='line_1_115' title="bbox 1944 3997 2821 4060; baseline -0.002 -5"><span class='ocrx_word' id='word_1_653' title='bbox 1944 3997 2087 4055; x_wconf 73' lang='lat' dir='ltr'><strong>XXII</strong></span> <span class='ocrx_word' id='word_1_654' title='bbox 2219 4000 2450 4055; x_wconf 86' lang='lat' dir='ltr'><strong>Messala</strong></span> <span class='ocrx_word' id='word_1_655' title='bbox 2484 4008 2538 4054; x_wconf 86' lang='lat' dir='ltr'><strong>et</strong></span> <span class='ocrx_word' id='word_1_656' title='bbox 2580 3999 2780 4054; x_wconf 89' lang='lat' dir='ltr'><strong>Gratus</strong></span> <span class='ocrx_word' id='word_1_657' title='bbox 2806 4036 2821 4060; x_wconf 89' lang='lat'><strong>,</strong></span> 
     </span>
    </p>
   </div>
   <div class='ocr_carea' id='block_1_115' title="bbox 1941 4066 3532 4193">
    <p class='ocr_par' dir='ltr' id='par_1_115' title="bbox 1941 4066 3532 4193">
     <span class='ocr_line' id='line_1_116' title="bbox 1941 4066 3532 4193; baseline 0.001 -68"><span class='ocrx_word' id='word_1_658' title='bbox 1941 4071 2110 4125; x_wconf 75' lang='lat' dir='ltr'><strong>XXIII</strong></span> <span class='ocrx_word' id='word_1_659' title='bbox 2221 4071 2490 4193; x_wconf 58' lang='grc' dir='ltr'><strong>Τὼιτιῆῗῗι</strong></span> <span class='ocrx_word' id='word_1_660' title='bbox 2532 4070 2716 4127; x_wconf 78' lang='lat' dir='ltr'><strong>Caesar</strong></span> <span class='ocrx_word' id='word_1_661' title='bbox 2766 4069 2830 4123; x_wconf 87' lang='lat' dir='ltr'><strong>Ill</strong></span> <span class='ocrx_word' id='word_1_662' title='bbox 2885 4074 2940 4124; x_wconf 90' lang='lat' dir='ltr'><strong>et</strong></span> <span class='ocrx_word' id='word_1_663' title='bbox 2991 4074 3203 4126; x_wconf 75' lang='lat' dir='ltr'><strong>Jrusus</strong></span> <span class='ocrx_word' id='word_1_664' title='bbox 3244 4066 3532 4128; x_wconf 53' lang='lat' dir='ltr'><strong>Germanb</strong></span> 
     </span>
     <span class='ocr_line' id='line_1_117' title="bbox 2287 4158 2385 4193; baseline 0 0"><span class='ocrx_word' id='word_1_665' title='bbox 2287 4158 2385 4193; x_wconf 83' lang='lat' dir='ltr'><strong>CIIS</strong></span> 
     </span>
    </p>
   </div>
   <div class='ocr_carea' id='block_1_116' title="bbox 2287 4143 2439 4197">
    <p class='ocr_par' dir='ltr' id='par_1_116' title="bbox 2287 4143 2439 4197">
     <span class='ocr_line' id='line_1_118' title="bbox 2287 4143 2439 4197; baseline -0.02 -1"><span class='ocrx_word' id='word_1_666' title='bbox 2287 4158 2385 4197; x_wconf 90' lang='lat' dir='ltr'><strong>cus</strong></span> <span class='ocrx_word' id='word_1_667' title='bbox 2427 4143 2439 4193; x_wconf 97' lang='grc' dir='ltr'><strong>Ι</strong></span> 
     </span>
    </p>
   </div>
   <div class='ocr_carea' id='block_1_117' title="bbox 1942 4210 2807 4284">
    <p class='ocr_par' dir='ltr' id='par_1_117' title="bbox 1942 4210 2807 4284">
     <span class='ocr_line' id='line_1_119' title="bbox 1942 4210 2807 4284; baseline 0.006 -21"><span class='ocrx_word' id='word_1_668' title='bbox 2215 4212 2455 4284; x_wconf 74' lang='lat' dir='ltr'><strong>Agrippa</strong></span> <span class='ocrx_word' id='word_1_669' title='bbox 2480 4221 2549 4284; x_wconf 29' lang='lat' dir='ltr'><strong>et:</strong></span> <span class='ocrx_word' id='word_1_670' title='bbox 2568 4212 2772 4269; x_wconf 87' lang='lat' dir='ltr'><strong>Balous</strong></span> <span class='ocrx_word' id='word_1_671' title='bbox 2792 4253 2807 4279; x_wconf 96' lang='lat'><strong>,</strong></span> 
     </span>
    </p>
   </div>
   <div class='ocr_carea' id='block_1_118' title="bbox 1940 4281 2711 4346">
    <p class='ocr_par' dir='ltr' id='par_1_118' title="bbox 1940 4281 2711 4346">
     <span class='ocr_line' id='line_1_120' title="bbox 1940 4281 2711 4346; baseline 0.005 -11"><span class='ocrx_word' id='word_1_672' title='bbox 1940 4281 2088 4336; x_wconf 78' lang='lat' dir='ltr'><strong>XXV</strong></span> <span class='ocrx_word' id='word_1_673' title='bbox 2217 4281 2478 4337; x_wconf 58' lang='lat' dir='ltr'><strong>romae:</strong></span> <span class='ocrx_word' id='word_1_674' title='bbox 2511 4282 2711 4346; x_wconf 86' lang='lat' dir='ltr'><strong>Vetus,</strong></span> 
     </span>
    </p>
   </div>
   <div class='ocr_carea' id='block_1_119' title="bbox 1940 4351 2811 4423">
    <p class='ocr_par' dir='ltr' id='par_1_119' title="bbox 1940 4351 2811 4423">
     <span class='ocr_line' id='line_1_121' title="bbox 1940 4351 2811 4423; baseline 0.005 -18"><span class='ocrx_word' id='word_1_675' title='bbox 1940 4351 2131 4423; x_wconf 15' lang='lat' dir='ltr'><strong>XXVI,</strong></span> <span class='ocrx_word' id='word_1_676' title='bbox 2209 4355 2486 4423; x_wconf 77' lang='lat' dir='ltr'><strong>Cethegus</strong></span> <span class='ocrx_word' id='word_1_677' title='bbox 2510 4365 2562 4409; x_wconf 88' lang='lat' dir='ltr'><strong>et</strong></span> <span class='ocrx_word' id='word_1_678' title='bbox 2592 4352 2771 4409; x_wconf 80' lang='lat' dir='ltr'><strong>Varus</strong></span> <span class='ocrx_word' id='word_1_679' title='bbox 2797 4395 2811 4418; x_wconf 92' lang='lat'><strong>,</strong></span> 
     </span>
    </p>
   </div>
   <div class='ocr_carea' id='block_1_120' title="bbox 1940 4422 3130 4493">
    <p class='ocr_par' dir='ltr' id='par_1_120' title="bbox 1940 4422 3130 4493">
     <span class='ocr_line' id='line_1_122' title="bbox 1940 4422 3130 4493; baseline 0.003 -18"><span class='ocrx_word' id='word_1_680' title='bbox 1940 4422 2133 4493; x_wconf 56' lang='lat' dir='ltr'><strong>XXVII</strong></span> <span class='ocrx_word' id='word_1_681' title='bbox 2206 4422 2445 4493; x_wconf 76' lang='lat' dir='ltr'><strong>Agrippa</strong></span> <span class='ocrx_word' id='word_1_682' title='bbox 2476 4422 2516 4476; x_wconf 92' lang='lat' dir='ltr'><strong>Il</strong></span> <span class='ocrx_word' id='word_1_683' title='bbox 2541 4435 2594 4479; x_wconf 92' lang='lat' dir='ltr'><strong>et</strong></span> <span class='ocrx_word' id='word_1_684' title='bbox 2624 4425 2888 4479; x_wconf 88' lang='lat' dir='ltr'><strong>Lentulus</strong></span> <span class='ocrx_word' id='word_1_685' title='bbox 2922 4424 3130 4489; x_wconf 82' lang='lat' dir='ltr'><strong>Galba,</strong></span> 
     </span>
    </p>
   </div>
   <div class='ocr_carea' id='block_1_121' title="bbox 1942 4492 3100 4567">
    <p class='ocr_par' dir='ltr' id='par_1_121' title="bbox 1942 4492 3100 4567">
     <span class='ocr_line' id='line_1_123' title="bbox 1942 4492 3100 4567; baseline 0.004 -21"><span class='ocrx_word' id='word_1_686' title='bbox 1942 4492 2158 4567; x_wconf 41' lang='lat' dir='ltr'><strong>XXVIII</strong></span> <span class='ocrx_word' id='word_1_687' title='bbox 2208 4492 2389 4567; x_wconf 66' lang='grc'><strong>446</strong></span> <span class='ocrx_word' id='word_1_688' title='bbox 2413 4495 2695 4567; x_wconf 78' lang='lat' dir='ltr'><strong>Getulicus</strong></span> <span class='ocrx_word' id='word_1_689' title='bbox 2726 4504 2779 4551; x_wconf 87' lang='lat' dir='ltr'><strong>et</strong></span> <span class='ocrx_word' id='word_1_690' title='bbox 2816 4495 3058 4551; x_wconf 88' lang='lat' dir='ltr'><strong>Sabinus</strong></span> <span class='ocrx_word' id='word_1_691' title='bbox 3085 4536 3100 4560; x_wconf 94' lang='lat'><strong>,</strong></span> 
     </span>
    </p>
   </div>
   <div class='ocr_carea' id='block_1_122' title="bbox 1864 4563 2714 4629">
    <p class='ocr_par' dir='ltr' id='par_1_122' title="bbox 1864 4563 2714 4629">
     <span class='ocr_line' id='line_1_124' title="bbox 1864 4563 2714 4629; baseline 0.004 -12"><span class='ocrx_word' id='word_1_692' title='bbox 1864 4570 1910 4626; x_wconf 80' lang='grc' dir='ltr'><strong>Ι)</strong></span> <span class='ocrx_word' id='word_1_693' title='bbox 1940 4563 2110 4618; x_wconf 79' lang='lat' dir='ltr'><strong>XXIX</strong></span> <span class='ocrx_word' id='word_1_694' title='bbox 2207 4563 2443 4621; x_wconf 53' lang='lat' dir='ltr'><strong>Crassus</strong></span> <span class='ocrx_word' id='word_1_695' title='bbox 2470 4576 2524 4619; x_wconf 85' lang='lat' dir='ltr'><strong>et</strong></span> <span class='ocrx_word' id='word_1_696' title='bbox 2553 4566 2680 4620; x_wconf 90' lang='lat' dir='ltr'><strong>Piso</strong></span> <span class='ocrx_word' id='word_1_697' title='bbox 2700 4606 2714 4629; x_wconf 95' lang='lat'><strong>,</strong></span> 
     </span>
    </p>
   </div>
   <div class='ocr_carea' id='block_1_123' title="bbox 1939 4634 2780 4692">
    <p class='ocr_par' dir='ltr' id='par_1_123' title="bbox 1939 4634 2780 4692">
     <span class='ocr_line' id='line_1_125' title="bbox 1939 4634 2780 4692; baseline 0.002 -3"><span class='ocrx_word' id='word_1_698' title='bbox 1939 4634 2088 4689; x_wconf 77' lang='lat' dir='ltr'><strong>XXX</strong></span> <span class='ocrx_word' id='word_1_699' title='bbox 2216 4635 2473 4691; x_wconf 85' lang='lat' dir='ltr'><strong>Silvanus</strong></span> <span class='ocrx_word' id='word_1_700' title='bbox 2501 4645 2555 4691; x_wconf 89' lang='lat' dir='ltr'><strong>et</strong></span> <span class='ocrx_word' id='word_1_701' title='bbox 2579 4636 2780 4692; x_wconf 81' lang='lat' dir='ltr'><strong>Nerva.</strong></span> 
     </span>
    </p>
   </div>
   <div class='ocr_carea' id='block_1_124' title="bbox 2009 4746 3530 4810">
    <p class='ocr_par' dir='ltr' id='par_1_124' title="bbox 2009 4746 3530 4810">
     <span class='ocr_line' id='line_1_126' title="bbox 2009 4746 3530 4810; baseline 0.002 -7"><span class='ocrx_word' id='word_1_702' title='bbox 2009 4749 2199 4805; x_wconf 78' lang='lat' dir='ltr'><strong>XXIII.</strong></span> <span class='ocrx_word' id='word_1_703' title='bbox 2242 4750 2433 4808; x_wconf 86' lang='lat' dir='ltr'><strong>Annos</strong></span> <span class='ocrx_word' id='word_1_704' title='bbox 2475 4752 2646 4807; x_wconf 88' lang='lat' dir='ltr'><strong>habes</strong></span> <span class='ocrx_word' id='word_1_705' title='bbox 2671 4746 2957 4810; x_wconf 74' lang='lat' dir='ltr'><strong>absolutos</strong></span> <span class='ocrx_word' id='word_1_706' title='bbox 3018 4770 3148 4807; x_wconf 80' lang='lat' dir='ltr'><strong>xxx.</strong></span> <span class='ocrx_word' id='word_1_707' title='bbox 3187 4751 3299 4808; x_wconf 85' lang='lat' dir='ltr'><strong>Nos</strong></span> <span class='ocrx_word' id='word_1_708' title='bbox 3345 4762 3530 4807; x_wconf 85' lang='lat' dir='ltr'><strong>autem</strong></span> 
     </span>
    </p>
   </div>
   <div class='ocr_carea' id='block_1_125' title="bbox 1934 4844 3528 4915">
    <p class='ocr_par' dir='ltr' id='par_1_125' title="bbox 1934 4844 3528 4915">
     <span class='ocr_line' id='line_1_127' title="bbox 1934 4844 3528 4915; baseline 0.001 -18"><span class='ocrx_word' id='word_1_709' title='bbox 1934 4844 2263 4899; x_wconf 89' lang='lat' dir='ltr'><strong>consulatus</strong></span> <span class='ocrx_word' id='word_1_710' title='bbox 2319 4845 2456 4899; x_wconf 90' lang='lat' dir='ltr'><strong>istos</strong></span> <span class='ocrx_word' id='word_1_711' title='bbox 2497 4845 2821 4915; x_wconf 83' lang='lat' dir='ltr'><strong>singillatim</strong></span> <span class='ocrx_word' id='word_1_712' title='bbox 2870 4845 2995 4900; x_wconf 90' lang='lat' dir='ltr'><strong>ideo</strong></span> <span class='ocrx_word' id='word_1_713' title='bbox 3047 4861 3374 4915; x_wconf 87' lang='lat' dir='ltr'><strong>percensere</strong></span> <span class='ocrx_word' id='word_1_714' title='bbox 3407 4854 3528 4900; x_wconf 84' lang='lat' dir='ltr'><strong>stu-</strong></span> 
     </span>
    </p>
   </div>
   <div class='ocr_carea' id='block_1_126' title="bbox 1932 4930 3609 5008">
    <p class='ocr_par' dir='ltr' id='par_1_126' title="bbox 1932 4930 3609 5008">
     <span class='ocr_line' id='line_1_128' title="bbox 1932 4930 3609 5008; baseline -0.002 -15"><span class='ocrx_word' id='word_1_715' title='bbox 1932 4939 2178 5003; x_wconf 90' lang='lat' dir='ltr'><strong>duimus,</strong></span> <span class='ocrx_word' id='word_1_716' title='bbox 2216 4944 2277 4992; x_wconf 84' lang='lat' dir='ltr'><strong>ut</strong></span> <span class='ocrx_word' id='word_1_717' title='bbox 2310 4937 2549 4993; x_wconf 81' lang='lat' dir='ltr'><strong>lectores</strong></span> <span class='ocrx_word' id='word_1_718' title='bbox 2601 4930 2933 5008; x_wconf 77' lang='lat' dir='ltr'><strong>intelligant,</strong></span> <span class='ocrx_word' id='word_1_719' title='bbox 2972 4937 3113 4991; x_wconf 90' lang='lat' dir='ltr'><strong>nihil</strong></span> <span class='ocrx_word' id='word_1_720' title='bbox 3165 4938 3220 4991; x_wconf 90' lang='lat' dir='ltr'><strong>in</strong></span> <span class='ocrx_word' id='word_1_721' title='bbox 3252 4953 3413 4993; x_wconf 88' lang='lat' dir='ltr'><strong>sacro</strong></span> <span class='ocrx_word' id='word_1_722' title='bbox 3441 4954 3529 4992; x_wconf 85' lang='lat' dir='ltr'><strong>ve-</strong></span> <span class='ocrx_word' id='word_1_723' title='bbox 3590 4986 3609 4999; x_wconf 35' lang='grc' dir='ltr'><strong>κ</strong></span> 
     </span>
    </p>
   </div>
   <div class='ocr_carea' id='block_1_127' title="bbox 1932 5027 3525 5101">
    <p class='ocr_par' dir='ltr' id='par_1_127' title="bbox 1932 5027 3525 5101">
     <span class='ocr_line' id='line_1_129' title="bbox 1932 5027 3525 5101; baseline -0.001 -15"><span class='ocrx_word' id='word_1_724' title='bbox 1932 5030 2111 5086; x_wconf 88' lang='lat' dir='ltr'><strong>ritatis</strong></span> <span class='ocrx_word' id='word_1_725' title='bbox 2139 5031 2394 5101; x_wconf 83' lang='lat' dir='ltr'><strong>dogmate</strong></span> <span class='ocrx_word' id='word_1_726' title='bbox 2425 5028 2861 5084; x_wconf 86' lang='lat' dir='ltr'><strong>commentitium</strong></span> <span class='ocrx_word' id='word_1_727' title='bbox 2890 5044 3033 5095; x_wconf 89' lang='lat' dir='ltr'><strong>esse,</strong></span> <span class='ocrx_word' id='word_1_728' title='bbox 3055 5028 3148 5083; x_wconf 89' lang='lat' dir='ltr'><strong>sed</strong></span> <span class='ocrx_word' id='word_1_729' title='bbox 3182 5029 3251 5083; x_wconf 90' lang='lat' dir='ltr'><strong>ab</strong></span> <span class='ocrx_word' id='word_1_730' title='bbox 3276 5027 3525 5085; x_wconf 85' lang='lat' dir='ltr'><strong>Ecclesia</strong></span> 
     </span>
    </p>
   </div>
   <div class='ocr_carea' id='block_1_128' title="bbox 1930 5113 3524 5192">
    <p class='ocr_par' dir='ltr' id='par_1_128' title="bbox 1930 5113 3524 5192">
     <span class='ocr_line' id='line_1_130' title="bbox 1930 5113 3524 5192; baseline -0.001 -16"><span class='ocrx_word' id='word_1_731' title='bbox 1930 5113 2095 5192; x_wconf 83' lang='lat' dir='ltr'><strong>quam</strong></span> <span class='ocrx_word' id='word_1_732' title='bbox 2174 5120 2592 5176; x_wconf 89' lang='lat' dir='ltr'><strong>accuratissime</strong></span> <span class='ocrx_word' id='word_1_733' title='bbox 2666 5120 2924 5176; x_wconf 81' lang='lat' dir='ltr'><strong>universa</strong></span> <span class='ocrx_word' id='word_1_734' title='bbox 2982 5118 3320 5189; x_wconf 74' lang='lat' dir='ltr'><strong>praedicari.</strong></span> <span class='ocrx_word' id='word_1_735' title='bbox 3387 5119 3524 5186; x_wconf 88' lang='lat' dir='ltr'><strong>Quis</strong></span> 
     </span>
    </p>
   </div>
   <div class='ocr_carea' id='block_1_129' title="bbox 1929 5211 3520 5283">
    <p class='ocr_par' dir='ltr' id='par_1_129' title="bbox 1929 5211 3520 5283">
     <span class='ocr_line' id='line_1_131' title="bbox 1929 5211 3520 5283; baseline -0.001 -15"><span class='ocrx_word' id='word_1_736' title='bbox 1929 5214 2078 5269; x_wconf 89' lang='lat' dir='ltr'><strong>enim</strong></span> <span class='ocrx_word' id='word_1_737' title='bbox 2109 5214 2177 5269; x_wconf 87' lang='lat' dir='ltr'><strong>ad</strong></span> <span class='ocrx_word' id='word_1_738' title='bbox 2213 5215 2354 5269; x_wconf 85' lang='lat' dir='ltr'><strong>hanc</strong></span> <span class='ocrx_word' id='word_1_739' title='bbox 2398 5229 2544 5269; x_wconf 91' lang='lat' dir='ltr'><strong>coss.</strong></span> <span class='ocrx_word' id='word_1_740' title='bbox 2579 5213 2778 5270; x_wconf 85' lang='lat' dir='ltr'><strong>seriem</strong></span> <span class='ocrx_word' id='word_1_741' title='bbox 2807 5253 2824 5279; x_wconf 90' lang='lat'><strong>,</strong></span> <span class='ocrx_word' id='word_1_742' title='bbox 2853 5227 2962 5283; x_wconf 91' lang='lat' dir='ltr'><strong>qua</strong></span> <span class='ocrx_word' id='word_1_743' title='bbox 2998 5213 3135 5267; x_wconf 92' lang='lat' dir='ltr'><strong>nihil</strong></span> <span class='ocrx_word' id='word_1_744' title='bbox 3183 5211 3391 5267; x_wconf 84' lang='lat' dir='ltr'><strong>certius</strong></span> <span class='ocrx_word' id='word_1_745' title='bbox 3413 5220 3520 5275; x_wconf 85' lang='lat' dir='ltr'><strong>est.</strong></span> 
     </span>
    </p>
   </div>
   <div class='ocr_carea' id='block_1_130' title="bbox 1928 5304 3521 5377">
    <p class='ocr_par' dir='ltr' id='par_1_130' title="bbox 1928 5304 3521 5377">
     <span class='ocr_line' id='line_1_132' title="bbox 1928 5304 3521 5377; baseline -0.001 -16"><span class='ocrx_word' id='word_1_746' title='bbox 1928 5307 2121 5362; x_wconf 85' lang='lat' dir='ltr'><strong>oculos</strong></span> <span class='ocrx_word' id='word_1_747' title='bbox 2159 5307 2459 5377; x_wconf 81' lang='lat' dir='ltr'><strong>adjiciens,</strong></span> <span class='ocrx_word' id='word_1_748' title='bbox 2486 5321 2597 5361; x_wconf 92' lang='lat' dir='ltr'><strong>non</strong></span> <span class='ocrx_word' id='word_1_749' title='bbox 2628 5321 2726 5361; x_wconf 89' lang='lat' dir='ltr'><strong>eos</strong></span> <span class='ocrx_word' id='word_1_750' title='bbox 2763 5308 3093 5361; x_wconf 90' lang='lat' dir='ltr'><strong>condemnet</strong></span> <span class='ocrx_word' id='word_1_751' title='bbox 3127 5304 3223 5373; x_wconf 81' lang='lat' dir='ltr'><strong>qui</strong></span> <span class='ocrx_word' id='word_1_752' title='bbox 3249 5304 3303 5359; x_wconf 89' lang='lat' dir='ltr'><strong>in</strong></span> <span class='ocrx_word' id='word_1_753' title='bbox 3347 5318 3521 5360; x_wconf 68' lang='lat' dir='ltr'><strong>annm</strong></span> 
     </span>
    </p>
   </div>
   <div class='ocr_carea' id='block_1_131' title="bbox 1927 5398 3516 5472">
    <p class='ocr_par' dir='ltr' id='par_1_131' title="bbox 1927 5398 3516 5472">
     <span class='ocr_line' id='line_1_133' title="bbox 1927 5398 3516 5472; baseline -0.001 -17"><span class='ocrx_word' id='word_1_754' title='bbox 1927 5416 2052 5455; x_wconf 87' lang='lat' dir='ltr'><strong>rum</strong></span> <span class='ocrx_word' id='word_1_755' title='bbox 2074 5416 2306 5457; x_wconf 90' lang='lat' dir='ltr'><strong>numero</strong></span> <span class='ocrx_word' id='word_1_756' title='bbox 2328 5401 2398 5457; x_wconf 88' lang='lat' dir='ltr'><strong>ab</strong></span> <span class='ocrx_word' id='word_1_757' title='bbox 2417 5401 2770 5472; x_wconf 86' lang='lat' dir='ltr'><strong>evangelistis</strong></span> <span class='ocrx_word' id='word_1_758' title='bbox 2800 5414 3066 5471; x_wconf 82' lang='lat' dir='ltr'><strong>expresso</strong></span> <span class='ocrx_word' id='word_1_759' title='bbox 3084 5398 3516 5469; x_wconf 86' lang='lat' dir='ltr'><strong>discrepantiam</strong></span> 
     </span>
    </p>
   </div>
   <div class='ocr_carea' id='block_1_132' title="bbox 1927 5488 3519 5562">
    <p class='ocr_par' dir='ltr' id='par_1_132' title="bbox 1927 5488 3519 5562">
     <span class='ocr_line' id='line_1_134' title="bbox 1927 5488 3519 5562; baseline -0.003 -12"><span class='ocrx_word' id='word_1_760' title='bbox 1927 5488 2051 5550; x_wconf 70' lang='lat' dir='ltr'><strong>esse</strong></span> <span class='ocrx_word' id='word_1_761' title='bbox 2120 5495 2288 5548; x_wconf 90' lang='lat' dir='ltr'><strong>ullam</strong></span> <span class='ocrx_word' id='word_1_762' title='bbox 2363 5492 2721 5549; x_wconf 79' lang='lat' dir='ltr'><strong>existimant?</strong></span> <span class='ocrx_word' id='word_1_763' title='bbox 2777 5491 3079 5562; x_wconf 87' lang='lat' dir='ltr'><strong>Propterea</strong></span> <span class='ocrx_word' id='word_1_764' title='bbox 3140 5490 3404 5546; x_wconf 88' lang='lat' dir='ltr'><strong>nimirum</strong></span> <span class='ocrx_word' id='word_1_765' title='bbox 3464 5502 3519 5545; x_wconf 90' lang='lat' dir='ltr'><strong>et</strong></span> 
     </span>
    </p>
   </div>
   <div class='ocr_carea' id='block_1_133' title="bbox 1926 5585 3518 5659">
    <p class='ocr_par' dir='ltr' id='par_1_133' title="bbox 1926 5585 3518 5659">
     <span class='ocr_line' id='line_1_135' title="bbox 1926 5585 3518 5659; baseline -0.002 -17"><span class='ocrx_word' id='word_1_766' title='bbox 1926 5588 2143 5659; x_wconf 88' lang='lat' dir='ltr'><strong>priores</strong></span> <span class='ocrx_word' id='word_1_767' title='bbox 2201 5587 2308 5642; x_wconf 62' lang='lat' dir='ltr'><strong>illa!</strong></span> <span class='ocrx_word' id='word_1_768' title='bbox 2342 5587 2583 5643; x_wconf 58' lang='lat' dir='ltr'><strong>haereses</strong></span> <span class='ocrx_word' id='word_1_769' title='bbox 2624 5585 3054 5650; x_wconf 86' lang='lat' dir='ltr'><strong>interciderunt,</strong></span> <span class='ocrx_word' id='word_1_770' title='bbox 3085 5599 3209 5656; x_wconf 67' lang='lat' dir='ltr'><strong>qua:</strong></span> <span class='ocrx_word' id='word_1_771' title='bbox 3242 5585 3364 5640; x_wconf 88' lang='lat' dir='ltr'><strong>illas</strong></span> <span class='ocrx_word' id='word_1_772' title='bbox 3409 5598 3518 5639; x_wconf 67' lang='lat' dir='ltr'><strong>aso-</strong></span> 
     </span>
    </p>
   </div>
   <div class='ocr_carea' id='block_1_134' title="bbox 1924 5672 3517 5751">
    <p class='ocr_par' dir='ltr' id='par_1_134' title="bbox 1924 5672 3517 5751">
     <span class='ocr_line' id='line_1_136' title="bbox 1924 5672 3517 5751; baseline -0.003 -17"><span class='ocrx_word' id='word_1_773' title='bbox 1924 5694 2056 5734; x_wconf 88' lang='lat' dir='ltr'><strong>num</strong></span> <span class='ocrx_word' id='word_1_774' title='bbox 2113 5678 2338 5751; x_wconf 82' lang='lat' dir='ltr'><strong>triginta</strong></span> <span class='ocrx_word' id='word_1_775' title='bbox 2377 5676 2594 5734; x_wconf 78' lang='lat' dir='ltr'><strong>fabulas</strong></span> <span class='ocrx_word' id='word_1_776' title='bbox 2639 5677 3040 5741; x_wconf 76' lang='lat' dir='ltr'><strong>conﬂuxerant,</strong></span> <span class='ocrx_word' id='word_1_777' title='bbox 3100 5684 3411 5745; x_wconf 71' lang='lat' dir='ltr'><strong>cwteraque</strong></span> <span class='ocrx_word' id='word_1_778' title='bbox 3460 5672 3517 5729; x_wconf 84' lang='lat' dir='ltr'><strong>id</strong></span> 
     </span>
    </p>
   </div>
   <div class='ocr_carea' id='block_1_135' title="bbox 1924 5763 3516 5840">
    <p class='ocr_par' dir='ltr' id='par_1_135' title="bbox 1924 5763 3516 5840">
     <span class='ocr_line' id='line_1_137' title="bbox 1924 5763 3516 5840; baseline -0.004 -17"><span class='ocrx_word' id='word_1_779' title='bbox 1924 5784 2098 5840; x_wconf 83' lang='lat' dir='ltr'><strong>genus</strong></span> <span class='ocrx_word' id='word_1_780' title='bbox 2142 5784 2209 5822; x_wconf 62' lang='lat' dir='ltr'><strong>ex</strong></span> <span class='ocrx_word' id='word_1_781' title='bbox 2264 5766 2563 5821; x_wconf 79' lang='lat' dir='ltr'><strong>tricenario</strong></span> <span class='ocrx_word' id='word_1_782' title='bbox 2612 5763 2920 5822; x_wconf 79' lang='lat' dir='ltr'><strong>Salvatoris</strong></span> <span class='ocrx_word' id='word_1_783' title='bbox 2963 5780 3236 5820; x_wconf 87' lang='lat' dir='ltr'><strong>annorum</strong></span> <span class='ocrx_word' id='word_1_784' title='bbox 3283 5775 3516 5818; x_wconf 89' lang='lat' dir='ltr'><strong>numero</strong></span> 
     </span>
    </p>
   </div>
   <div class='ocr_carea' id='block_1_136' title="bbox 1926 5851 3522 5932">
    <p class='ocr_par' dir='ltr' id='par_1_136' title="bbox 1926 5851 3522 5932">
     <span class='ocr_line' id='line_1_138' title="bbox 1926 5851 3522 5932; baseline -0.003 -17"><span class='ocrx_word' id='word_1_785' title='bbox 1926 5859 2219 5932; x_wconf 84' lang='lat' dir='ltr'><strong>allegorice</strong></span> <span class='ocrx_word' id='word_1_786' title='bbox 2248 5859 2613 5925; x_wconf 77' lang='lat' dir='ltr'><strong>deduxerant,</strong></span> <span class='ocrx_word' id='word_1_787' title='bbox 2633 5859 2838 5930; x_wconf 86' lang='lat' dir='ltr'><strong>quibus</strong></span> <span class='ocrx_word' id='word_1_788' title='bbox 2864 5858 2931 5913; x_wconf 88' lang='lat' dir='ltr'><strong>ad</strong></span> <span class='ocrx_word' id='word_1_789' title='bbox 2969 5872 3186 5915; x_wconf 66' lang='lat' dir='ltr'><strong>:Jeonum</strong></span> <span class='ocrx_word' id='word_1_790' title='bbox 3210 5872 3275 5911; x_wconf 83' lang='lat' dir='ltr'><strong>ac</strong></span> <span class='ocrx_word' id='word_1_791' title='bbox 3304 5851 3522 5926; x_wconf 65' lang='lat' dir='ltr'><strong>prin&#39;ci-f</strong></span> 
     </span>
    </p>
   </div>
  </div>
