3958 6452
484 407 582 464 951

1903 400 1958 455 S.
2024 396 2373 455 EPIPIIANLI
3616 403 3694 458 93?.

485 537 715 601 patuum
786 541 962 597 nugas
1035 526 1159 580 illas
1232 523 1635 580 describendas
1695 523 2075 579 abuterentur.

2194 523 2280 575 καὶ
2293 521 2477 593 ἀρχῶν
2498 514 2780 592 ἀναγράὲρε
2790 538 2834 574 ιν
2850 520 2947 592 τὴν
2969 520 3309 593 μυθοποιίαν.
3325 521 3696 594 Εὑρίσκεταιγὰρ

487 624 648 677 Anno
669 620 873 691 quippe
897 620 964 674 ab
988 618 1372 673 lncarnatione
1400 614 1750 687 adventuque
1779 631 1880 672 suo
1911 631 2086 671 xxxm

487 720 708 770 constat
749 713 1042 784 unigenam
1106 711 1199 765 Dei
1252 710 1453 764 Filium
1505 725 1631 765 esse
1679 725 1927 780 passum.
1980 708 2087 775 Qui

488 803 705 859 tametsi
754 803 866 873 pati
899 818 995 871 per
1024 816 1146 856 sese
1188 800 1328 855 nihil
1375 807 1800 871 posset,utpote
1845 798 2086 855 Verbum

489 895 584 952 Dei
614 896 681 950 de
721 896 863 949 caelo
897 893 1181 963 delapsum
1212 931 1228 956 ,
1271 893 1635 948 nihilominus
1682 898 1941 961 suscepta
1987 906 2088 961 pro

490 988 649 1043 nobis
678 1000 846 1041 carne
875 994 1109 1039 mortem
1160 986 1372 1056 perpeti
1404 985 1611 1051 voluit,
1659 992 1720 1038 ut
1754 984 1951 1038 mortis
1989 982 2087 1037 ad-

490 1093 709 1134 versum
780 1091 883 1132 nos
949 1076 1376 1147 chirographum
1436 1077 1675 1131 solveret
1717 1077 1758 1130 ¹.
1813 1074 2086 1141 Quocirca

490 1176 613 1239 post
654 1182 749 1222 eos
780 1181 928 1223 coss.
974 1166 1068 1237 qui
1111 1165 1167 1219 in
1196 1181 1401 1220 annum
1449 1166 1598 1222 illius
1636 1182 1751 1220 xxx
1791 1164 2083 1228 incidunt,

490 1273 590 1329 par
636 1257 787 1312 aliud
848 1272 994 1313 coss.
1050 1256 1335 1326 sequitur,
1386 1254 1751 1311 Geminorum
1806 1255 2082 1319 duorum,

492 1350 689 1407 deinde
745 1349 869 1404 Ruﬁ
932 1364 999 1404 ac
1054 1347 1421 1404 Rubellionis.
1484 1348 1701 1414 Quibus
1763 1362 2088 1403 successere

491 1457 641 1497 coss.
688 1441 975 1505 Vinicius,
1019 1455 1083 1495 ac
1122 1439 1407 1510 Longinus
1441 1440 1703 1506 Cassius;
1737 1440 1842 1495 sub
1881 1439 2087 1509 quibus

494 1532 749 1588 Salvator
788 1546 987 1601 passus
1035 1538 1120 1584 est
1164 1545 1217 1584 a.
1270 1529 1326 1584 d.
1374 1544 1474 1583 xnt
1510 1528 1632 1582 Kal.
1672 1529 1806 1600 Apr.
1846 1528 1921 1581 Ex
1975 1542 2087 1599 quo

494 1627 715 1680 illorum
760 1623 1008 1678 omnium
1055 1621 1411 1677 convincitur
1452 1636 1639 1685 error,
1666 1628 1723 1677 et
1772 1621 2083 1676 certissima

493 1714 745 1769 veritatis
796 1711 1051 1767 doctrina
1096 1698 1469 1774 monstratur,
1505 1724 1614 1764 non
1646 1709 1758 1764 duo
1803 1709 1982 1766 solum
2027 1709 2084 1763 in

498 1805 800 1879 Scripturis
835 1804 1139 1869 Paschata,
1169 1801 1266 1858 sed
1300 1808 1355 1856 et
1384 1801 1489 1857 tria
1513 1800 1765 1871 reperiri.

563 2074 755 2131 XXIV.
815 2074 953 2130 Cum
999 2072 1146 2128 enim
1180 2069 1446 2127 Januario
1492 2082 1681 2124 mense
1719 2074 1884 2125 natus
1915 2074 2083 2131 esset,

498 2184 592 2223 vni
641 2167 720 2222 Id.
766 2164 890 2221 Jan.
926 2164 1021 2236 qui
1054 2174 1141 2220 est
1169 2162 1313 2234 apud
1358 2161 1639 2217 Romanos
1686 2158 1935 2215 Januarii
1967 2159 2087 2217 dies

496 2278 524 2318 v
552 2280 567 2330 ;
593 2260 867 2334 IEgyptiis
900 2274 1068 2330 porro
1102 2256 1239 2331 Tybi
1262 2272 1354 2321 xl;
1396 2256 1555 2328 Syris
1586 2254 1702 2310 sive
1741 2254 1949 2310 Graecis
1975 2254 2086 2309 Au-

493 2357 668 2429 dynaei
695 2351 1006 2425 vr;Cypriis
1034 2351 1151 2407 sive
1186 2348 1504 2404 Salaminiis
1524 2347 1704 2419 quinti
1730 2345 1937 2403 mensis
1967 2346 2088 2403 dies

494 2467 556 2518 v;
592 2449 816 2521 Paphits
843 2444 974 2502 Julii
1003 2461 1129 2512 xlv;
1157 2444 1300 2515 apud
1326 2441 1538 2498 Arabes
1561 2456 1692 2497 vero
1730 2442 1924 2497 Aleom
1954 2458 2084 2507 xxt;

493 2541 919 2613 Cappadocibus
970 2538 1182 2592 Atartze
1231 2531 1647 2601 xnI;Hebraeis
1691 2532 1902 2588 Tebetb
1956 2548 2088 2598 xm;

495 2633 930 2690 Atheniensibus
957 2629 1417 2685 Maemacterionis
1448 2642 1538 2690 vr;
1575 2640 1771 2681 omnes
1796 2625 1922 2680 illos
1952 2640 2094 2696 quos

497 2743 665 2798 supra
702 2722 1090 2780 recensnimus
1141 2736 1269 2774 xxix
1302 2720 1547 2790 integros
1589 2718 1915 2774 consulatus
1964 2733 2091 2788 per—

496 2819 694 2875 currit.
740 2815 857 2871 Sub
899 2814 1183 2870 tricesimo
1217 2812 1417 2868 deinde
1458 2812 1787 2874 consulatu,
1828 2826 2021 2868 mense
2059 2826 2093 2865 ι

497 2910 879 2981 ιιάηιοαιιιιειιι
918 2907 1190 2973 accessit,
1239 2906 1403 2979 M7
1453 2906 1522 2961 ab
1570 2921 1745 2977 eoque
1784 2906 2095 2976 baptizatus

495 3008 600 3065 est,
639 3013 834 3054 annoa
864 2998 1033 3069 natali
1066 3012 1168 3052 suo
1197 3012 1326 3060 xxx,
1360 2996 1535 3068 Athyr
1567 2996 1872 3052 secundum
1919 2995 2095 3067 Egy-

496 3095 636 3164 ptios
664 3108 778 3162 xu,
820 3108 870 3147 vr
901 3090 979 3147 Id.
1020 3089 1224 3146 Novem
1256 3106 1270 3155 ;
1302 3088 1507 3144 Graecis
1554 3105 1685 3145 vero
1715 3090 1797 3144 Dii
1828 3104 1956 3156 vm;
1996 3087 2094 3143 Sa:

498 3184 739 3241 laminiis
761 3225 774 3247 ,
832 3184 949 3239 sive
990 3180 1549 3247 Constantiensibus,
1584 3183 1731 3237 tertii
1771 3182 1979 3236 Clusae
2004 3195 2091 3246 vt;

497 3243 1105 3351 Paphiis,'Apogonici
1152 3291 1279 3342 xvi;
1336 3243 1613 3330 Arabibus
1661 3243 2090 3346 Angalthabaitli
2121 3243 2165 3302 θ

499 3388 660 3439 xxn;
732 3370 1125 3428 Macedonibus
1189 3367 1413 3438 Apellzei
1482 3383 1615 3433 xvr;
1669 3366 2093 3438 Cappadocibus

497 3466 739 3518 Aratatae
774 3478 876 3526 xv;
917 3460 1351 3516 Atheniensibus
1385 3458 1797 3529 Metagitnionis
1842 3475 1954 3525 vn;
1983 3457 2093 3514 He-

500 3556 662 3610 braeis
693 3553 1092 3607 Marchesuvan
1126 3567 1221 3604 vn.
1241 3551 1340 3605 Cui
1374 3549 1596 3619 quidem
1623 3552 1911 3607 sententiae
1934 3550 2095 3607 Luca:

498 3662 721 3719 quoque
780 3646 1120 3716 sulfragatur
1173 3643 1572 3714 Evangelium,
1620 3645 1675 3697 in
1727 3660 1838 3714 quo
1873 3645 1980 3701 ista
2020 3646 2097 3702 le-

501 3751 747 3811 guntur:
786 3739 918 3792 Erat
951 3752 1127 3792 autem
1151 3735 1309 3791 Iesus
1342 3736 1597 3806 incipiens
1636 3738 1796 3807 quasi
1834 3753 2095 3792 annorum

501 3850 632 3901 xxx,
662 3831 805 3904 [ilius
826 3873 840 3897 ,
898 3840 956 3885 ut
984 3830 1306 3901 putabatur,
1327 3827 1521 3899 Joseph
1551 3832 1593 3883 ¹.
1633 3829 1764 3885 Post
1795 3831 1911 3886 haec
1950 3848 1982 3887 a
2017 3848 2094 3888 ιιι

499 3929 590 3983 die
628 3927 805 3998 Athyr
828 3924 1148 3994 pradicavit
1177 3938 1387 3994 annum_
1417 3925 1808 3992 acceptabilem
1845 3924 2094 3989 Domini,

499 4018 960 4091 quemadmodum
1061 4016 1232 4072 Isaias
1324 4015 1589 4085 propheta
1693 4017 2094 4086 praedixerat:

502 4114 737 4184 Spiritus
778 4109 993 4164 Domini
1033 4124 1192 4177 super
1224 4123 1341 4173 me;
1381 4122 1476 4176 pro
1508 4122 1567 4160 eo
1610 4108 1750 4177 quod
1787 4109 1942 4162 unxit
1980 4125 2091 4172 me,

498 4205 863 4275 evangelium
905 4202 1226 4273 pauperibus
1258 4200 1406 4254 misit
1435 4215 1560 4262 me;
1595 4199 1890 4269 prazdicare
1927 4202 2098 4269 capti-

505 4300 582 4355 vis
614 4298 978 4354 remissionem
1033 4302 1408 4363 peccatorum,
1445 4303 1494 4347 et
1518 4293 1670 4346 cwcis
1710 4293 1916 4357 visum;
1962 4308 2101 4362 prie-

501 4392 685 4447 dicare
715 4406 913 4445 annum
962 4387 1184 4443 Domini
1222 4385 1626 4456 acceptabilem,
1673 4395 1724 4439 et
1772 4386 1912 4440 diem
1949 4386 2101 4441 retri—

502 4484 733 4539 butionis
759 4484 800 4538 ³.

2188 618 2246 671 ὲν
2265 615 2345 686 τῷ
2366 614 2679 687 τριακοστῷ
2697 614 2869 686 τρίτῳ
2891 613 3001 667 ἔτει
3026 614 3125 684 τῆς
3154 613 3317 668 αὑτοῦ
3342 613 3699 685 ὲνσαρκὼσεωςδ

2188 706 2495 776 παρουσίας
2526 704 2756 775 πάσχων
2782 707 2812 758 ὁ
2849 704 3176 775 Μονογενὴς,
3212 702 3419 774 ἀπαθὴς
3445 702 3511 757 ὢν
3542 702 3699 757 ἄνωθεν

2186 796 2318 861 Θεὸς
2348 797 2541 866 Λόγος,
2579 797 2760 869 σάρκα
2783 795 2840 849 δὲ
2868 794 3269 865 ἀναδεξάμενος
3292 794 3425 866 ὑπὲρ
3461 794 3592 864 ἡμῶν
3623 812 3696 849 πα-

2187 888 2299 942 Θεῖν
2323 888 2664 955 κατεδέξατο,
2687 888 2773 941 ἵνα
2806 886 2902 940 τοῦ
2932 886 3163 940 θανάτου
3213 885 3275 939 τὸ
3332 885 3444 940 καθ’
3467 885 3599 956 ἡμῶν
3620 903 3704 956 χει·

2189 982 2461 1053 ρὸγραφον
2510 980 2672 1050 λύσῃ.
2731 981 2865 1034 Μετ’
2892 978 3111 1050 ἐκείνην
3145 977 3255 1051 γάρ
3292 977 3389 1048 τὴν
3423 975 3645 1032 ὑπατείαν
3663 979 3704 1031 iv

2184 1076 2263 1146 τῷ
2302 1075 2611 1147 τριακοστῷ
2660 1074 2772 1128 ἔτει
2815 1074 2980 1129 αὑτοῦ
3012 1073 3415 1145 σημαινομένην
3451 1071 3570 1142 άλλη
3602 1073 3706 1124 ὑπα-

2185 1168 2305 1221 τεία
2332 1165 2545 1235 γέγονε,
2583 1165 2853 1236 λεγομένη
2892 1166 3001 1218 τῶν
3036 1164 3129 1218 δύο
3163 1163 3448 1235 Γεμηνῶν’
3471 1160 3576 1215 εἶτα
3608 1161 3706 1233 ἄλλη

2188 1258 2421 1312 ὑπατεία
2470 1257 2699 1325 Ῥούφου
2731 1258 2823 1310 καὶ
2868 1257 3303 1319 Ῥουόελλίωνος.
3335 1256 3440 1308 Καὶ
3466 1253 3613 1318 οὕτως
3641 1270 3710 1324 με·

2184 1352 2458 1421 ταζούσης
2496 1349 2596 1419 τῆς
2651 1350 2915 1414 ὑπατείας
2937 1351 3034 1420 τῆς
3062 1349 3200 1421 μετὰ
3220 1348 3316 1419 τὴν
3338 1349 3574 1401 ὑπατείαν
3601 1347 3711 1399 Ῥου-

2188 1443 2498 1505 6ελλίωνος,
2519 1443 2643 1511 ἥτις
2675 1442 2903 1513 ὕστερον
2937 1438 3100 1514 ἦλθεν
3124 1443 3425 1495 Οὑῖννικίου
3444 1440 3710 1510 καλουμένη,

2186 1535 2282 1588 καὶ
2312 1533 2579 1602 Λογγίνου
2606 1533 2874 1597 Κασσίου,
2903 1533 3104 1604 πάσχει
3125 1535 3154 1585 ὁ
3180 1533 3373 1604 Σωτὴρ
3397 1534 3448 1585 ὲν
3473 1535 3534 1603 τῇ
3556 1530 3641 1603 πρὸ
3664 1534 3712 1598 ιγ’

2186 1626 2483 1681 Καλανδῶν
2501 1625 2850 1697 Ἀπριλλίων.
2877 1627 2989 1681 Καὶ
3025 1625 3355 1698 ὲλήλεγκται
3379 1625 3561 1678 τούτων
3583 1623 3711 1677 anav-

2184 1736 2294 1773 των
2314 1720 2349 1788 ἡ
2382 1716 2583 1784 πλάνη,
2613 1715 3015 1789 εὑρισκομένης
3038 1717 3226 1786 σαφῶς
3252 1717 3351 1786 τῆς
3373 1716 3505 1769 κατὰ
3526 1716 3606 1787 τὴν
3623 1713 3716 1781 ἁλή-

2189 1815 2345 1870 θειαν
2371 1814 2748 1876 διδασκαλίας,
2771 1810 2846 1874 ὡς
2881 1810 2943 1864 οὑ
2973 1809 3133 1881 μόνον
3160 1809 3254 1863 δύο
3285 1809 3487 1879 χρόνων
3526 1806 3718 1878 περίοδος

2120 1895 2161 1952 Β
2193 1906 2423 1977 Πασχῶν
2472 1906 2530 1959 ὲν
2572 1906 2687 1967 τοῖς
2734 1899 3092 1968 Εὑαγγελίοις
3139 1899 3460 1971 ἐμφέρεται,
3497 1897 3612 1951 ἀλλὰ
3650 1896 3717 1948 καὶ

2186 2015 2374 2072 τριων.

2259 2094 2387 2146 ΚΔ¹.
2430 2087 2793 2159 Γεννηθέντος
2815 2084 2925 2157 γὰρ
2950 2083 3116 2139 αὑτοῦ
3154 2083 3285 2156 περὶ
3308 2082 3399 2136 τὸν
3426 2080 3721 2151 Ἰαννουάριον

2193 2184 2361 2257 μῆνα,
2404 2180 2654 2236 τουτέστι
2684 2177 2794 2251 πρὸ
2854 2176 3001 2230 ὀκτὼ
3030 2174 3200 2229 Είδῶν
3238 2172 3612 2245 Ίαννουαρίων,
3634 2172 3722 2241 ἥτις

2191 2277 2309 2332 ἐστὶ
2330 2273 2473 2330 κατὰ
2488 2272 2795 2344 Ῥωμαίους
2820 2269 3047 2340 πέμπτη
3072 2265 3166 2320 τοῦ
3205 2263 3552 2337 Ἰαννουαρίου
3577 2260 3722 2333 μηνὸς.

2191 2367 2334 2423 κατὰ
2359 2365 2695 2436 Αἰγυπτίους
2718 2362 2856 2416 Τυϐὶ
2881 2359 3166 2429 ένδεκάτη³
3194 2357 3342 2411 κατὰ
3363 2356 3573 2428 Σύρους,
3592 2353 3726 2407 είτουν

2195 2461 2485 2533 Ἕλληνας,
2522 2456 2796 2511 Δὺδυνέου
2829 2455 3014 2508 ἕκτου·
3065 2451 3207 2506 κατὰ
3256 2449 3551 2522 Κυπρίους,
3590 2444 3725 2532 show

2194 2550 2576 2623 Σαλαμινίους,
2617 2547 2871 2619 πέμπτου
2906 2544 3135 2616 πέμπτη
3154 2562 3167 2574 ·
3206 2542 3352 2597 κατὰ
3380 2540 3601 2609 Παφίους
3629 2535 3727 2590 Ἰοὺο

2193 2645 2287 2699 λου
2318 2637 2913 2713 τεσσαρεσκαιδεκάτηο
2960 2634 3101 2689 κατὰ
3132 2634 3383 2706 ’Ἄραϐας
3421 2630 3610 2700 Ἀλεὼμ
3645 2631 3724 2680 ita"

2196 2734 2339 2790 κατὰ
2366 2732 2744 2795 Καππαδόκας
2792 2729 3033 2801 ’Δταρτᾶ
3073 2734 3162 2797 ιγ’·
3198 2726 3345 2780 κατὰ
3378 2721 3634 2798 Ἑϐραίους
3662 2718 3729 2771 Τί·

2197 2828 2320 2901 ϐιὴο
2354 2834 2442 2897 ιγ’·
2479 2825 2620 2880 κατὰ
2665 2823 2984 2893 Ἀθηναίους
3004 2819 3504 2893 Μαιμακτηριῶνος
3536 2823 3607 2882 ς’“
3633 2828 3737 2885 πιρ-

2196 2920 2327 2994 ἧλθε
2374 2920 2475 2983 τὰς
2521 2916 2934 2990 προειρημένας
2971 2912 3238 2976 ὑπατείας
3278 2907 3597 2966 είκοσιεννέα
3638 2902 3739 2973 πλή-

2200 3029 2344 3086 ρεις·
2376 3013 2455 3075 εἰς
2493 3010 2551 3064 δὲ
2578 3008 2676 3081 τὴν
2716 3006 3045 3080 τριακοστὴν
3070 3004 3362 3067 ὑπατείαν,
3395 3002 3529 3073 φημὶ
3562 2999 3612 3051 δὲ
3639 2996 3737 3086 περὶ

2196 3083 2291 3153 τὸν
2320 3099 2545 3154 δέκατον
2570 3097 2737 3168 μῆνα,
2766 3092 2900 3167 ἦλθε
2929 3096 3067 3166 πρὸς
3094 3095 3187 3148 τὸν
3220 3094 3495 3163 Ἰωάννην,
3527 3089 3612 3143 καὶ
3639 3083 3731 3141 i6:-

2200 3194 2401 3266 πτίσθη
2433 3195 2490 3246 ὲν
2531 3192 2772 3264 Ἰορδάνῃ
2796 3188 3027 3261 ποταμῷ
3051 3188 3144 3242 τοῦ
3166 3186 3491 3260 τριακοοτοῦ
3512 3185 3645 3245 ἔτους
3665 3179 3737 3248 τῆς

2197 3286 2466 3357 ένσάρκου
2483 3284 2812 3355 γεννήσεως,
2830 3283 3077 3337 τουτέστι
3100 3276 3240 3336 κατὰ
3261 3279 3583 3349 Αἰγυπτίους
3613 3272 3739 3335 ’Δθῦρ

2194 3377 2492 3451 δωδεκάτῃ,
2527 3376 2631 3448 πρὸ
2668 3374 2728 3443 ἓξ
2787 3375 2959 3429 Εἰδῶν
2987 3372 3336 3446 Νοεμϐρίωψ
3358 3370 3497 3425 κατὰ
3523 3366 3741 3433 Ἕλληνας

2197 3471 2320 3523 Δίου
2349 3478 2398 3542 η’
2417 3489 2430 3500 ·
2458 3472 2603 3525 κατὰ
2629 3468 3013 3541 Σαλαμινίους,
3047 3468 3174 3531 τοὺς
3203 3466 3302 3520 καὶ
3329 3459 3739 3520 Κωσταντιαίονςι

2196 3562 2382 3635 τρίτου
2417 3562 2591 3615 Χοιάκ
2651 3568 2735 3627 ς’·
2788 3560 2931 3614 κατὰ
2975 3559 3219 3628 Παφίους
3253 3553 3623 3628 Ἀπογονιστοῦ
3658 3549 3737 3616 ig"

2200 3655 2340 3709 κατὰ
2363 3654 2610 3726 Ἄραϐας
2638 3653 3068 3723 Ἀγγαλοαεαεὶθ
3087 3652 3171 3723 κβ¹
3188 3669 3203 3683 ·
3218 3652 3364 3706 κατὰ
3374 3649 3667 3709 Μακεδόνας
3685 3643 3745 3696 ’Ᾱσ

2199 3746 2456 3801 πελλαίου
2488 3753 2584 3812 ις·”
2609 3746 2751 3800 κατὰ
2794 3746 3172 3809 Καππαδςεκας
3207 3745 3486 3814 ’Δρατατᾶ
3530 3746 3607 3794 ιε’·
3638 3734 3745 3790 κατᾶ

2211 3840 2531 3909 Ἀθηναίους
2557 3839 3028 3908 Μεταγειτνιῶνος
3056 3837 3258 3909 ἑϐδόμῃ
3276 3854 3290 3867 ·
3332 3837 3477 3891 κατὰ
3511 3828 3746 3902 Ἑϐραίους

2198 3932 2533 4005 Μαρεσουὰν
2560 3933 2795 4006 ἐϐδόμῃ·
2833 3931 2909 3995 ὡς
2937 3932 3309 4002 ἐπιμαρτυρεῖ
3333 3947 3434 4002 μου
3460 3926 3533 3998 τῷ
3560 3925 3681 3994 λόγῳ
3703 3920 3746 3970 τδ

2199 4024 2357 4093 ἆγιον
2395 4024 2538 4079 κατὰ
2570 4026 2786 4079 Λουκᾶν
2808 4024 3160 4093 Εὑαγγέλτον,
3185 4015 3291 4075 ὧδέ
3320 4039 3439 4085 πως
3466 4020 3634 4089 λέγον·
3657 4010 3741 4069 Ἦν

2198 4117 2267 4171 δὲ
2318 4117 2553 4186 Ἰησοῦς
2590 4117 2923 4187 ἀρχόμενος
2955 4116 3097 4170 ὡσεὶ
3142 4113 3296 4168 ἑτῶν
3347 4112 3665 4183 τριάκοντα,
3686 4103 3749 4158 ὧν

2200 4204 2377 4275 υἱὸς,
2412 4209 2493 4276 ὡς
2537 4208 2837 4279 ἐνομίζετο
2886 4204 3061 4272 εἶναι,
3097 4206 3203 4261 τοῦ
3249 4205 3496 4276 Ἰωσήφ.
3535 4200 3632 4258 Καὶ
3669 4199 3748 4251 ἀπ·

2200 4299 2450 4354 εντεῦθεν
2476 4300 2584 4354 ὑπὸ
2617 4300 2779 4373 Ἀθὺρ
2792 4299 3072 4369 δωδεκάτη
3091 4300 3111 4331 ⁵
3141 4297 3510 4370 κηρύττοντος
3527 4290 3672 4350 αὑτοῦ
3682 4288 3749 4340 τὸν

2200 4391 2390 4445 δεκτὸν
2443 4391 2688 4446 ἐνιαυτὸν
2737 4390 2969 4462 Κυρίου,
3013 4391 3155 4445 κατὰ
3203 4391 3273 4445 τὰ
3324 4393 3385 4443 ὲν
3434 4388 3512 4460 τῷ
3544 4383 3751 4458 προφήτῃ

2216 4484 2416 4557 Ἡσαΐᾳ
2445 4483 2822 4558 προειρημένα
2841 4501 2854 4516 ο
2888 4485 2970 4539 ὅτι
2999 4483 3244 4554 Πνεῦμα
3282 4482 3506 4552 Κιφΐου
3551 4478 3636 4533 ἐπ’
3656 4473 3751 4543 ἐμὲ.

501 4574 574 4634 οὖ
618 4578 855 4631 εἵνεκεν
900 4572 1112 4644 ἔχρισέ
1144 4587 1249 4643 με’
1282 4574 1795 4643 εὐαγγελίσασθαι
1842 4574 2105 4644 πτωχοῖς
2141 4579 2494 4636 ἀπέσταλκέ
2518 4598 2617 4652 με,
2648 4581 2905 4649 κηρύξαι
2953 4579 3355 4650 αιχμαλώτοις
3409 4580 3637 4649 ἄφεσιν,
3674 4569 3759 4630 καί

503 4669 756 4740 τυφλοῖς
811 4666 1171 4736 ἀνάϐλεψιν,
1225 4666 1483 4735 κηρύξαι
1545 4667 1829 4720 ἐνιαυτὸν
1881 4669 2104 4737 Κυρίου
2135 4672 2375 4740 δεκτόν,
2408 4675 2507 4730 καὶ
2536 4674 2766 4745 ἡμέραν
2794 4673 3283 4739 άνταποδόσεως.

573 4759 743 4816 XXV.
771 4758 942 4814 Plane
971 4759 1194 4830 quidem
1237 4771 1443 4811 annum
1479 4756 1801 4827 pmdicavit
1843 4767 2092 4829 accepta-

2277 4765 2406 4820 KE'.
2457 4766 2543 4831 Ὠς
2570 4764 2788 4836 άληθῶς
2830 4764 2939 4836 γὰρ
2991 4762 3257 4835 ἐκήρυξεν
3290 4761 3537 4815 ἐνιαυτὸν
3583 4755 3752 4812 δεκτδν.

503 4855 701 4913 bilem.
767 4853 822 4908 in
874 4867 986 4922 quo
1045 4863 1209 4906 nemo
1263 4849 1314 4905 ei
1369 4849 1793 4905 contradixerit.
1848 4847 2092 4906 Primum

2206 4856 2456 4910 τουτέστι
2488 4858 2563 4928 μὴ
2593 4856 3029 4928 ἀντιλεγόμενον.
3048 4854 3151 4908 Τὺν
3182 4856 3291 4926 γὰρ
3313 4854 3531 4925 πρῶτον
3556 4846 3755 4904 ἐνιαυτὸν

502 4950 650 5005 enim
703 4947 850 5001 hunc
890 4961 1095 5001 annum
1128 4953 1254 5016 post
1290 4960 1398 5000 xxx
1437 4958 1468 4998 a
1512 4944 1801 5000 nativitate
1835 4960 1935 5000 sua
1969 4961 2101 5016 pra;-

503 5040 743 5098 dicando
783 5040 1084 5111 transegit,
1138 5039 1576 5110 approbantibus
1624 5039 1937 5106 universis;
1971 5055 2100 5096 cum

504 5150 608 5191 nec
654 5132 827 5188 Judaei
873 5133 1218 5197 resisterent,
1255 5147 1358 5187 nec
1408 5133 1676 5204 gentiles,
1726 5148 1828 5188 nec
1857 5130 2103 5188 Samari-

505 5226 639 5288 tani,
664 5222 762 5279 sed
790 5222 1062 5278 dicentem
1087 5236 1283 5277 omnes
1315 5223 1650 5292 perlibenter
1677 5222 1953 5278 audirent.
1977 5222 2101 5290 Quo

502 5319 696 5373 eodem
750 5330 898 5370 anno
928 5314 1369 5386 Hierosolymam
1417 5314 1700 5379 ascendit,
1734 5323 2097 5386 posteaquam

470 5408 817 5477 .baptizatus
855 5414 969 5471 est,
999 5414 1076 5462 et-
1105 5405 1226 5462 dies
1264 5419 1334 5461 ιι.
1387 5406 1712 5463 tentationis
1764 5408 1981 5478 exegit,
2034 5422 2103 5463 ac

503 5497 901 5566 discipulorum
937 5500 1214 5556 delectum
1255 5501 1485 5563 habuit,
1508 5515 1636 5555 cum
1691 5500 1761 5556 ab
1793 5501 2101 5556 tentatione

503 5593 570 5645 ad
608 5588 907 5644 Jordanem
953 5593 1147 5658 rediit,
1194 5608 1260 5649 ac
1308 5594 1543 5664 trajecto
1595 5593 1733 5647 mari
1786 5591 2102 5649 Tiberiadis

502 5679 839 5737 Nazarctum
895 5685 1271 5752 contendens,
1319 5685 1759 5758 Hierosolymam
1821 5687 2098 5756 pervenit.

2210 4947 2351 5019 μετὰ
2376 4948 2696 5023 τριακοστὸν
2728 4949 2848 5012 ἔτος
2876 4947 2978 5018 τῆς
3008 4945 3174 5001 αὑτοῦ
3199 4947 3471 5018 ὲνσάρκου
3499 4938 3755 5016 παρουσίας

2208 5039 2503 5112 ἐκήρυσσε,
2532 5038 2627 5094 καὶ
2647 5036 2852 5103 πάντες
2873 5039 3252 5110 κατεδέχοντοο
3283 5038 3381 5092 καὶ¹
3400 5035 3525 5091 οὔτε
3560 5032 3755 5090 Ἰουδαῖοι
3834 5040 3839 5047 ’

2207 5132 2516 5201 ἀντέλεγον,
2558 5130 2683 5186 οὔτε
2703 5131 2853 5205 ἔθνη,
2880 5131 3004 5186 οὔτε
3036 5132 3402 5204 Σαμαρεῖται·
3435 5127 3571 5184 ἀλλὰ
3597 5125 3758 5181 πάντες

2210 5222 2381 5297 ἡδέως
2412 5226 2611 5297 ἤκουον
2654 5224 2841 5278 αὐτοῦ.
2888 5225 2975 5280 Ἐν
3002 5216 3045 5292 ᾧ
3078 5223 3309 5295 ὲνιαυτῴ
3344 5224 3552 5301 ἄνεισιν
3582 5221 3653 5281 εἰς
3687 5216 3760 5266 Ἰε-

2207 5316 2506 5389 ροσόλυμα,
2569 5318 2708 5388 μετὰ
2757 5318 2818 5371 τὸ
2858 5316 3247 5389 βαπτισθῆναι,
3292 5317 3389 5370 καὶ
3428 5313 3646 5369 διελθεῖν
3683 5306 3759 5363 τὰς

2202 5410 2613 5481 τεσσαράκοντα
2639 5410 2853 5482 ἡμέρας
2880 5409 2975 5463 τοῦ
3002 5407 3332 5480 πειρασμοῦ,
3363 5410 3457 5462 καὶ
3478 5399 3759 5468 ἐκλέξασθαι

2202 5501 2331 5564 τοὺς
2356 5501 2552 5554 ἑαυτοῦ
2583 5500 2854 5573 μαθητάς.
2891 5500 3223 5570 ἀνακάμψας
3247 5499 3355 5554 ἀπὸ
3376 5498 3471 5552 τοῦ
3492 5485 3756 5567 πειρασμοῦ

2205 5595 2301 5648 ἐπὶ
2329 5594 2423 5647 τὸν
2461 5592 2754 5664 Ἰορδάνην,
2782 5594 2878 5647 και
2904 5591 3128 5646 διελθὼν
3150 5593 3246 5646 ἐπὶ
3267 5590 3368 5661 τῆς
3403 5591 3665 5655 θαλάοσης
3681 5579 3759 5646 τῆς

2207 5683 2546 5756 Τιϐεριάδος,
2579 5684 2672 5738 ἐπὶ
2697 5683 2796 5757 τὴν
2820 5683 3076 5756 Ναζαρὲτ
3111 5682 3497 5756 πορευόμενος,
3519 5675 3672 5747 ἀνέθη
3692 5671 3757 5742 δτι

580 5849 838 5918 fColoss.
875 5870 932 5923 ιι,
973 5857 1057 5915 Li.
1133 5863 1152 5892 ³
1181 5860 1314 5915 Luc.
1348 5876 1432 5926 ιιι,
1459 5862 1551 5918 2'5.
1633 5863 1653 5895 ³
1684 5861 1791 5919 lsa.
1826 5877 1940 5929 ιιιι,
1971 5862 1995 5917 1
2039 5877 2092 5934 sq

2242 5861 2342 5919 ‘E.
2378 5862 2669 5919 ἑνσάοκου.
2747 5866 2766 5896 ⁸
2802 5863 2864 5919 F.
2898 5863 3227 5937 δωδεκάτης.
