3958 6492
250 429 340 488 933

901 420 1273 481 aovensus
1317 419 1658 479 "massas
1694 419 1819 475 LIB.
1861 418 1927 477 ιι.
1975 381 2142 477 τοιι.
2179 418 2221 475 ι.
2260 451 2328 460 -
2362 417 2638 475 ll/ERES.
2673 416 2765 477 ιι.
3379 416 3487 475 aut

248 545 404 600 λονότι
454 543 536 606 είς
583 541 956 613 Ἰερουσαλήμ.
999 541 1106 594 Καὶ
1154 541 1212 592 ἑν
1262 538 1413 610 μέσῳ
1463 538 1565 610 τῆς
1612 537 1804 609 ἑορτῆς

1917 534 1984 590 lbi
2013 538 2068 591 in
2099 535 2280 591 medio
2312 535 2453 591 festo
2486 535 2825 592 vociferatus
2855 546 2941 592 est
2968 534 3159 592 dicens
3210 555 3223 591 :
3271 534 3331 592 Si
3369 538 3486 607 quis

250 636 523 705 ἐκέκραγε,
560 631 734 700 λέγων
753 649 767 663 ·
795 631 867 683 Εἴ
893 649 980 697 τις
1010 626 1178 699 διψᾷ,
1225 628 1489 699 ἐρχέσθω
1526 631 1678 697 πρός
1705 643 1804 697 με,

250 724 337 781 καὶ
368 725 602 779 πινέτω.
636 724 748 778 Καὶ
788 722 963 786 οὕτως
1012 722 1256 793 ἀπῆλθεν
1285 724 1367 785 είς
1410 722 1684 793 Ναζαρὲτ,
1710 720 1808 774 καὶ

253 817 326 879 είς
356 816 449 885 τὴν
499 813 783 879 Ἰουδαίαν,
829 812 922 867 καὶ⁸
965 814 1045 875 είς
1072 810 1432 882 Σαμάρειαν,
1481 812 1575 865 καὶ
1612 811 1694 873 είς
1739 808 1808 863 τά

255 906 381 976 μέρη
410 904 606 975 Τύρου.
637 902 749 957 Καὶ
777 901 1152 974 πληρωθέντος
1175 901 1268 956 τοῦ
1297 902 1511 973 πρώτου
1536 902 1804 968 ἐνιαυτοῦ,

253 995 402 1050 πάλιν
428 995 632 1050 ἄνεισιν
675 995 756 1058 είς
800 992 1163 1065 Ἱεροσόλυμα.
1198 993 1308 1046 Καὶ
1349 993 1535 1047 λοιπὸν
1580 994 1807 1066 ἐζήτουν

250 1087 398 1141 αὐτὸν
426 1085 622 1140 πιάσαι
652 1087 712 1139 ἐν
744 1087 809 1156 τῇ
861 1086 1044 1155 ἑορτῇ,
1097 1084 1192 1137 καὶ
1243 1084 1607 1156 ἐφοϐήθησαν.
1652 1086 1740 1140 Ἐν

250 1181 392 1252 ἑορτῇ
425 1178 630 1246 ἔλεγεν.
660 1176 741 1230 ὅτι
794 1177 877 1231 Οὐ
915 1176 1250 1231 καταϐαίνω
1300 1178 1387 1243 εἰς
1432 1175 1549 1245 τὴν
1591 1176 1809 1246 ἑορτὴν

248 1272 478 1337 ταύτην.
511 1268 585 1322 Οὐ
627 1267 737 1339 γὰρ
765 1266 1036 1337 ἐψεύδετο,
1083 1266 1158 1339 μὴ
1199 1267 1448 1337 γένοιτοῐ
1484 1268 1809 1337 Macedoni;

246 1360 348 1432 τὰρ
375 1359 486 1429 τῆς
512 1358 746 1429 ἑορτῆς,
777 1354 946 1429 ἦλθε,
974 1359 1129 1431 φησὶ,
1161 1358 1262 1413 καί
1290 1358 1472 1427 ἀνέϐη
1508 1361 1598 1427 είς
1635 1359 1812 1428 Ἰεροο

247 1453 501 1522 σόλυμω
533 1451 633 1505 καὶ
679 1451 927 1521 ἔλεγον·
961 1453 1085 1521 Οὐχ
1124 1446 1304 1519 οὗτός
1344 1451 1534 1516 ἐστιν,
1571 1451 1645 1505 ὃν
1682 1451 1810 1521 ἐζή-

244 1561 382 1600 τουν
406 1541 617 1597 πιάσαι
635 1557 655 1606 ;
682 1543 792 1597 Kal
833 1541 963 1596 ιὸοὺ
995 1543 1301 1612 παῤῥησίᾳ
1337 1544 1543 1599 λαλεῖ·
1565 1544 1652 1614 μὴ
1695 1543 1811 1613 ἄρα

244 1637 454 1707 ἔμαθον
475 1638 531 1689 ol
545 1633 739 1704 ἱερεῖς,
758 1633 845 1687 ὅτι
870 1629 1048 1700 οὗτός
1061 1634 1233 1688 ἐστιν
1252 1638 1286 1689 ὁ
1299 1637 1588 1705 Χριστός;
1626 1637 1811 1692 Ἀλλὰ

244 1727 479 1797 οῑὸαμεν
508 1722 687 1792 οὗτος
714 1726 899 1781 πόθεν
937 1726 1090 1780 ἐστι.
1123 1726 1531 1799 Μυστηριωδῶς
1570 1729 1679 1801 γὰρ
1715 1728 1811 1783 καὶ

245 1818 618 1890 πνευματικῶς
647 1818 1026 1891 διαλεγομένου
1063 1821 1175 1884 τοῖς
1216 1817 1381 1880 αὑτοῦ
1410 1820 1677 1895 ἀδελφοῖς,
1704 1820 1805 1874 οὐκ

242 1914 448 1985 ὴδεισαν
484 1912 536 1966 τί
562 1911 764 1980 ἔλεγεν.

315 2003 499 2072 Ἔλεγε
527 1998 637 2075 γὰρ
666 2002 849 2065 αὐτοῖς
896 2002 970 2073 μὴ
1016 2001 1327 2069 ἀναϐαίνειν
1357 2005 1438 2068 είς
1474 2003 1534 2058 τὺ
1570 2005 1712 2077 ἱερὸν
1748 2005 1807 2060 ἐν

238 2098 306 2169 τῇ
339 2097 493 2169 ἑορτῇ
526 2096 731 2167 ἐκείνῃ,
748 2094 882 2167 μηδὲ
908 2095 989 2158 είς
1011 2094 1102 2147 τὸν
1126 2094 1378 2167 σταυρὸν,
1400 2096 1496 2151 τοῦ
1521 2097 1809 2152 τελειῶσαι

238 2188 374 2250 τέως
393 2187 493 2258 τὴν
511 2187 820 2258 οἰκονομίαν
841 2185 936 2239 τοῦ
958 2186 1172 2251 Πάθους
1197 2186 1385 2252 αὑτοῦ,
1414 2189 1509 2242 καὶ
1538 2191 1809 2262 σωτηρίας

241 2280 551 2351 μυστήριον,
596 2281 691 2333 καὶ
733 2281 798 2333 ἐκ
834 2279 1046 2352 νεκρῶν
1074 2280 1395 2351 ἀναστῆναι,
1446 2282 1541 2339 xal.
1589 2282 1671 2346 είς
1715 2284 1810 2337 τὸν

238 2368 458 2439 οὐρανὸν
489 2367 754 2440 ἀναϐῆναι
774 2385 789 2400 ·
827 2366 984 2422 ἅτινα
1032 2368 1269 2440 ἐπλήρου
1314 2369 1491 2423 πάντα
1520 2370 1578 2423 ἐν
1609 2373 1675 2442 τῇ
1705 2370 1810 2443 ίδίᾳ

238 2458 400 2513 αὐτοῦ
427 2458 663 2531 ἐξουσία.
695 2461 805 2514 Καὶ
829 2460 968 2532 μετὰ
988 2459 1163 2514 ταῦτα
1202 2460 1277 2525 ὡς
1306 2461 1685 2533 πληρωθέντος
1713 2461 1807 2516 τοῦ

237 2549 438 2614 δ;ετοῦς
462 2550 655 2622 χρόνου
693 2550 830 2622 μετὰ
858 2551 921 2605 τὸ
941 2551 1243 2622 βάπτισμα,
1268 2553 1362 2606 καὶ
1381 2553 1480 2624 τὴν
1507 2553 1672 2607 αὐτοῦ
1695 2554 1813 2623 γέν-

236 2657 409 2709 νησιν,
442 2641 551 2694 ἀπὸ
580 2641 886 2713 Νοεμϐρίου
932 2641 1121 2714 μηνὸς.
1167 2644 1262 2696 καὶ
1308 2642 1416 2697 άπὸ
1453 2644 1810 2717 Ἰαννουαρίου

239 2733 425 2805 μηνὸς,
457 2734 553 2788 καὶ
585 2736 696 2789 τῶν
740 2734 1018 2801 ἐπέκεινα,
1067 2735 1251 2789 λοιπὸν
1291 2736 1350 2788 ἐν
1386 2736 1462 2808 τῷ
1506 2737 1814 2810 τριακοστῷ

235 2825 400 2899 τρίτῳ
427 2824 536 2878 ἔτει
565 2825 666 2896 τῆς
697 2825 863 2879 αὑτοῦ
907 2825 1173 2896 ἐνσάρκου
1213 2828 1546 2897 οἰκονομίας,
1579 2828 1720 2900 μετὰ
1750 2829 1814 2882 τὸ

235 2916 537 2988 ὑπερϐῆναι
571 2917 734 2971 αὑτὸν
770 2916 870 2982 τὰς
898 2917 992 2971 δύο
1023 2917 1306 2982 ὑπατείας,
1337 2917 1402 2982 ἃς
1446 2919 1676 2991 ἔφημεν,
1705 2920 1814 2975 τῶν

234 3022 293 3059 τε
316 3004 405 3058 δύο
424 3005 683 3077 Γεμηνῶν
708 3007 801 3060 καὶ
830 3006 929 3077 τὴν
965 3006 1192 3077 Ῥούφου
1245 3008 1339 3061 καὶ
1377 3008 1812 3076 Ῥουϐελλίωνος,

234 3096 419 3151 λοιπὸν
445 3098 504 3151 ἐν
523 3099 589 3169 τῇ
619 3098 777 3170 τρίτῃ
811 3098 1067 3170 ὑπατείᾳ,
1094 3100 1151 3153 ἐν
1176 3098 1252 3171 τῷ
1273 3101 1442 3172 τρίτῳ
1467 3101 1598 3174 μηνὶ
1620 3103 1811 3174 αὐτῆς,

1907 628 2050 693 sitit,
2090 629 2298 694 veniat,
2321 638 2371 683 et
2402 627 2547 681 bibat
2580 629 2626 681 ³.
2669 627 2797 682 Inde
2851 622 3176 682 Nazaretum
3216 628 3484 698 perrexit;
3516 620 3525 626 ’

1906 725 1961 773 ct
1990 719 2045 773 in
2074 717 2271 773 Judam
2292 759 2308 784 ,
2334 734 2399 774 ac
2423 719 2727 775 Samariam
2745 759 2760 783 ,
2784 733 2850 773 ac
2876 717 3165 790 Tyriorum
3209 720 3488 790 regionem

1907 809 2189 880 profectus
2235 818 2343 867 est.
2384 810 2516 868 Post
2549 813 2664 868 haec
2696 812 2916 867 evoluto
2946 812 3061 883 jam
3096 812 3277 882 priore
3310 827 3487 874 anno,

1909 900 2337 974 Hierosolymam
2387 907 2698 960 revertitur.
2734 902 2839 959 Ubi
2863 918 2989 958 cum
3028 919 3153 963 eum
3214 903 3356 958 festo
3400 902 3492 959 die

1908 995 2367 1066 comprehendere
2396 997 2631 1063 vellent,
2665 1003 2812 1051 metu
2836 995 3075 1067 repressi
3107 1004 3256 1051 sunt.
3285 993 3363 1048 Ae
3385 995 3492 1050 sub

1908 1082 2052 1140 idem
2086 1083 2287 1143 festum
2318 1088 2393 1139 ita
2449 1087 2569 1142 suis
2603 1086 2818 1141 locutus
2855 1092 2981 1140 est:
3019 1083 3140 1139 Non
3161 1084 3388 1139 ascendo
3420 1083 3516 1153 nd_

1907 1176 2046 1231 diem
2097 1177 2292 1247 festum
2331 1178 2563 1232 istum".
2616 1178 2676 1232 in
2735 1192 2847 1248 quo
2902 1177 3045 1233 absit
3096 1184 3156 1231 ut
3205 1177 3490 1232 mentitum

1909 1269 2059 1324 illum
2113 1270 2478 1325 arbitremur!
2530 1267 2658 1323 Jam
2710 1270 2851 1323 enim
2901 1269 2984 1322 die
3039 1269 3174 1338 [esto
3228 1267 3495 1323 mediante

1909 1359 2072 1427 abiit,
2116 1361 2325 1431 inquit,
2353 1370 2402 1415 et
2447 1360 2683 1414 ascendit
2727 1360 2785 1412 in
2820 1358 3155 1414 Hierusalem
3186 1360 3243 1428 ⁸;
3273 1368 3325 1415 et
3353 1361 3495 1415 dire-

1909 1450 2037 1504 bant
2069 1449 2311 1505 :Nonne
2369 1451 2454 1504 hic
2508 1438 2623 1513 est,
2675 1467 2829 1520 quem
2885 1454 3192 1520 querebant
3254 1469 3494 1520 compre-

1908 1541 2130 1597 hendere
2152 1546 2178 1598 ?
2201 1542 2269 1597 Et
2315 1560 2429 1597 ecce
2458 1543 2637 1612 palam
2677 1543 2928 1613 loquitur.
2963 1542 3219 1614 Nunquid
3259 1562 3373 1599 vere
3415 1562 3499 1600 co-

1910 1644 2194 1703 gnoverunt
2234 1635 2568 1699 sacerdotes,
2619 1635 2749 1704 quia
2795 1634 2878 1687 hic
2927 1644 3005 1690 est
3067 1635 3348 1690 Christus?
3393 1635 3497 1692 Sed

1909 1724 2046 1778 hunc
2066 1726 2261 1781 scimus
2285 1725 2423 1780 unde
2450 1727 2521 1779 sit
2546 1727 2587 1780 ⁸.
2616 1723 2750 1778 Nam
2775 1740 2898 1779 cum
2927 1727 3155 1796 mystice
3173 1766 3189 1792 ,
3227 1744 3291 1783 ac
3330 1729 3498 1799 spiri-

1912 1812 2096 1867 taliter
2142 1813 2404 1870 fratribus
2436 1814 2553 1871 suis
2581 1814 2921 1884 loqueretur,
2948 1815 3079 1884 quid
3114 1816 3323 1873 diceret
3352 1818 3500 1888 igno-

1907 1904 2131 1960 rabant.
3160 1910 3167 1913 “

1978 1995 2147 2070 M8
2176 1994 2422 2070 Negabat
2473 2002 2621 2057 enim
2670 2018 2732 2060 se
2774 2003 2868 2059 illo
2908 2003 2997 2059 die
3057 2000 3200 2059 festo
3260 2001 3314 2055 in
3362 2008 3502 2056 tem-

1909 2087 2193 2158 plum,aut
2218 2089 2274 2145 in
2307 2105 2527 2148 crucem
2552 2108 2933 2163 escensurum,
2972 2103 3033 2150 ut
3050 2093 3331 2150 Passionis
3365 2108 3499 2159 suae,

1909 2193 1974 2234 ac
2001 2187 2203 2236 nostra:
2233 2183 2426 2240 salutis
2455 2184 2934 2242 administratione
2964 2187 3300 2258 fungeretur,
3336 2191 3503 2256 atque

1910 2284 1942 2324 a
1972 2273 2204 2328 mortuis
2226 2275 2499 2333 excitatus
2524 2278 2769 2334 evolaret
2801 2280 2856 2333 in
2901 2280 3101 2335 coelum
3123 2319 3139 2345 ,
3166 2293 3288 2348 qua:
3314 2277 3502 2331 omnia

1909 2377 2012 2433 pro
2084 2378 2185 2418 sua
2237 2373 2509 2436 potestate
2556 2383 2620 2423 ac
2659 2370 2939 2426 voluntate
2985 2376 3177 2440 postea
3228 2368 3501 2438 pnrsiitit.

1911 2451 2052 2508 Hinc
2078 2452 2302 2509 biennio
2338 2455 2452 2524 jam
2482 2457 2672 2529 elapso
2717 2470 2841 2529 post
2892 2459 3149 2529 baptismi
3199 2472 3263 2512 ac
3308 2456 3493 2511 nativi-

1910 2544 2041 2599 tatis
2074 2544 2254 2612 diem,
2306 2545 2409 2601 hoc
2435 2553 2549 2613 est,
2608 2558 2735 2619 post
2766 2548 3127 2605 Novembrem
3182 2561 3245 2602 ac
3300 2545 3506 2601 Janua—

1908 2633 2056 2691 rium
2082 2676 2097 2701 ,
2122 2642 2176 2690 et
2206 2636 2525 2708 interjectos
2567 2639 2781 2710 aliquot
2814 2640 2932 2695 dies
2952 2683 2964 2705 ,
2997 2654 3143 2694 anno
3195 2639 3264 2694 ab
3320 2638 3508 2692 lncar-

1913 2726 2137 2782 natione
2159 2741 2258 2783 sua
2297 2744 2508 2795 xxxiii,
2540 2731 2834 2801 praateritis
2861 2730 2975 2815 iam
3002 2771 3016 2794 ,
3047 2731 3194 2801 quod
3227 2731 3468 2786 diximus
3489 2770 3505 2796 ,

1913 2817 2294 2875 consulatibus
2351 2820 2596 2887 duobus,
2653 2823 2939 2877 amborum
2986 2815 3378 2888 Geminorum,
3444 2837 3510 2877 ac

1915 2907 2039 2963 Ruﬁ
2071 2917 2125 2964 et
2163 2908 2530 2980 Rubellionis,
2570 2914 2735 2969 tertio
2773 2914 2993 2968 demum
3039 2915 3334 2969 consulatu
3357 2954 3371 2979 ,
3416 2915 3510 2969 iti-

1915 2994 2149 3072 demque
2208 2988 2374 3059 tertio
2432 3011 2559 3075 post
2623 3003 2947 3061 Ianuarium
3020 3021 3086 3062 ac
3146 3005 3507 3063 Februarium

1916 3107 2125 3157 mense,
2160 3092 2251 3163 qui
2278 3092 2509 3151 Martius
2539 3094 2763 3163 dicitur,
2788 3093 3029 3152 Verbum
3062 3097 3198 3152 illud
3231 3097 3509 3168 passionis

236 3187 379 3260 μετὰ
400 3188 491 3242 τδν
534 3190 892 3262 Ἰαννουάριον
918 3192 1013 3244 καὶ
1052 3192 1435 3263 Φευρουάριον,
1481 3194 1540 3248 ἐν
1584 3195 1812 3266 Μαρτίῳ

1919 3184 2101 3241 omnis
2143 3200 2374 3255 expers,
2422 3187 2735 3258 passionem
2794 3189 2849 3243 in
2907 3203 3074 3245 carne
3120 3205 3275 3247 suam
3317 3198 3507 3246 nostra

236 3280 390 3352 μηνὶ,
421 3280 618 3334 τελειοῖ
637 3281 697 3334 τὸ
726 3280 821 3334 τοῦ
858 3281 1064 3346 πάθους
1099 3287 1396 3357 μυστήριον
1418 3286 1447 3337 ὁ
1469 3286 1685 3359 ἀπαθὴς
1709 3288 1814 3339 Λό-

232 3389 332 3440 γος
371 3370 555 3425 παθὼν
587 3373 645 3423 ἐν
681 3370 844 3444 σαρκὶ¹
874 3372 942 3425 δι’
969 3374 1136 3444 ἡμᾶς.
1167 3374 1334 3428 Μένει
1360 3374 1416 3428 δέ
1462 3376 1521 3429 ἐν
1554 3376 1815 3448 ἀπαθείᾳ,

229 3463 309 3527 ὡς
337 3461 484 3532 λέγει
521 3461 726 3532 Πέτρος
746 3478 759 3491 ·
804 3463 1172 3528 Θανατωθεὶς
1202 3465 1403 3533 σαρκὶ,
1436 3462 1818 3536 ζωογονηθεὶς

229 3551 303 3605 δὲ
324 3550 417 3617 ’τῷ
453 3551 765 3620 πνεύματι.

304 3643 454 3709 KG".
486 3641 691 3711 Πάσχει
734 3641 790 3694 δὲ
827 3642 884 3694 ἐν
921 3643 987 3713 τῇ
1038 3643 1145 3714 πρὸ
1182 3643 1481 3716 δεκατριῶν
1522 3647 1818 3702 Καλανδῶν

244 3733 607 3806 Ἀπριλλίων,
655 3733 1107 3805 ὑπερϐεϐηκότων
1132 3735 1311 3789 αὐτῶν
1380 3737 1507 3808 μίαν
1558 3739 1815 3812 ἑσπέραν,

224 3825 513 3879 τουτέστιν
548 3824 608 3877 ἐν
630 3825 696 3893 τῇ
733 3824 1301 3899 τεσσαρεσκαιδεκάτῃ
1328 3827 1428 3896 τῆς
1466 3827 1696 3901 σελήνης
1727 3848 1818 3882 νυ-

224 3919 456 3988 κτερινῇ
497 3917 658 3989 μέσῃ.
691 3917 998 3987 Προέλαϐον
1018 3917 1127 3989 γὰρ
1158 3919 1252 3971 καὶ
1278 3918 1479 3988 ἔφαγον
1509 3921 1571 3974 τὺ
1604 3922 1816 3994 Πάσχα,

218 4006 306 4071 ὥς
336 4024 472 4076 φησι
499 4008 559 4060 τὸ
590 4008 940 4077 Εὐαγγέλιον,
973 4009 1067 4063 καὶ
1085 4011 1248 4080 ἡμεῖς
1280 4010 1538 4076 πολλάκις
1568 4013 1814 4085 εἴπομεν.

229 4099 486 4169 Ἐφαγον
524 4095 616 4155 οὖν
643 4101 702 4154 τὸ
732 4102 922 4172 Πάσχα
947 4102 1053 4173 πρὸ
1080 4101 1174 4154 δύο
1212 4103 1431 4175 ἡμερῶν
1470 4105 1566 4159 τοῦ
1600 4109 1814 4176 φαγεῖν,

219 4193 481 4245 τουτέστι
510 4194 576 4263 τῇ
620 4192 778 4265 τρίτῃ
823 4194 1060 4263 ἑσπέρας
1085 4193 1123 4260 ³,
1154 4193 1289 4265 ὅπερ
1337 4194 1445 4248 ἔδει
1489 4199 1555 4268 τῇ
1593 4197 1819 4273 πέμπτῃ

218 4272 497 4348 ἑσπέρας.
514 4278 1087 4352 Τεσσαρεσκαιδεκάτη
1108 4280 1215 4353 γὰρ
1240 4281 1410 4346 οὕτως
1426 4279 1493 4355 ἦν
1513 4286 1546 4356 ἡ
1570 4285 1815 4359 πέμπτη.

218 4369 681 4440 Συλλαμϐάνεται
730 4372 785 4425 δέ
822 4375 887 4444 τῇ
932 4373 1090 4445 τρίτῃ
1134 4377 1201 4446 τῇ
1252 4376 1389 4446 αὐτῇ
1420 4377 1550 4447 ὀψὲ,
1587 4379 1709 4449 ἦτις
1750 4376 1819 4450 ἦν

213 4461 494 4533 ἑνδεκάτη
516 4463 617 4532 τῆς
649 4463 878 4534 σελήνης
908 4466 1218 4538 νυκτερινὴ,
1249 4467 1354 4538 πρὸ
1384 4468 1577 4534 δεκαὲξ
1607 4470 1820 4524 Καλαν-
1870 4490 1875 4495 λ

1918 3289 2087 3332 causa
2146 3274 2336 3332 subiit.
2403 3277 2728 3348 Quanquam
2788 3278 2842 3333 in
2904 3281 3508 3351 sua‘impassibilitatc

1920 3366 2242 3436 permansit,
2271 3375 2330 3422 ut
2358 3369 2436 3421 ait
2464 3367 2660 3425 Petrus
2697 3388 2710 3423 :
2748 3369 3109 3441 Mortiﬁcatus
3153 3389 3344 3438 carne,
3374 3375 3507 3428 viri-

1919 3458 2111 3527 ﬁcatus
2160 3471 2336 3514 autem
2365 3462 2557 3531 spiritu
2584 3462 2625 3515 ".

1990 3633 2182 3692 XXVI.
2211 3635 2418 3695 Passus
2447 3646 2533 3696 est
2574 3655 2675 3696 xm
2709 3641 2835 3697 Kal.
2866 3641 3022 3713 Apr.,
3051 3657 3175 3698 cum
3211 3643 3286 3698 illi
3317 3659 3515 3715 vespe-

1918 3739 2037 3781 ram
2067 3743 2235 3785 unam
2271 3732 2731 3792 antevertissent;
2759 3732 2865 3787 hoc
2888 3741 2975 3788 est
3007 3734 3134 3788 luna
3169 3750 3260 3789 xlv
3291 3746 3515 3790 noctur-

1920 3831 1990 3871 na
2030 3817 2229 3873 media.
2266 3817 2546 3889 Siquidem
2584 3832 2709 3877 ante
2742 3828 2962 3893 tempus
3021 3823 3098 3877 illi
3154 3822 3366 3879 Pascha
3417 3841 3509 3881 co.

1920 3909 2246 3975 mederunt,
2279 3919 2339 3965 ut
2389 3910 2744 3984 Evangelium
2799 3921 3071 3980 testatur,
3100 3929 3165 3969 ac
3225 3930 3329 3972 nos
3362 3932 3507 3987 saepe

1920 4002 2255 4058 monuimus.
2281 4001 2463 4069 Quare
2502 4005 2670 4061 biduo
2694 4015 2818 4060 ante
2849 4007 3150 4076 legitimum
3178 4007 3322 4062 diem
3354 4024 3510 4078 epu--

1919 4096 2035 4151 lum
2066 4095 2331 4154 Paschale
2380 4099 2748 4154 celebrarunt.
2784 4099 2897 4155 Hoc
2931 4108 3017 4155 est
3069 4100 3205 4156 feria
3237 4103 3398 4157 tertia
3439 4103 3507 4157 ad

1918 4191 2387 4261 vesperam,quod
2413 4190 2604 4261 quinta
2633 4191 2748 4248 ﬁeri
2771 4194 3035 4263 Oportuit.
3060 4191 3133 4248 lta
3157 4195 3303 4248 enim
3317 4194 3510 4264 quinta

1921 4278 1978 4333 in
2010 4279 2277 4335 decimam
2324 4290 2578 4352 quartam
2636 4282 2930 4339 incidebat.
2990 4283 3258 4339 Caeterum
3314 4284 3507 4340 eadem

1921 4371 2015 4426 illa
2053 4372 2228 4441 feria,
2281 4375 2367 4429 die
2410 4375 2569 4429 tertia
2614 4376 2681 4429 ad
2732 4391 3013 4446 vesperam
3079 4377 3510 4447 comprehensus

1921 4469 2025 4529 est,
2084 4478 2208 4533 qua:
2258 4474 2377 4520 erat
2410 4468 2534 4520 luna
2570 4483 2625 4522 xi
2683 4475 2953 4522 nocturna
2985 4509 3000 4534 ,
3061 4483 3149 4522 1m
3181 4468 3301 4523 Kal.
3348 4470 3506 4539 Apr.;

209 4553 708 4626 δῶνἏπριλλίωνο
735 4556 929 4628 τετρὰς
958 4558 1233 4629 δωδεκάτη
1260 4560 1567 4632 νυκτερινὴ,
1594 4562 1700 4635 πρὸ
1729 4563 1812 4618 δε-

1922 4563 2115 4624 quarta
2150 4555 2316 4625 feria,
2358 4558 2659 4629 eademque
2700 4569 2967 4615 nocturna
2995 4560 3121 4614 luna
3156 4576 3268 4623 xu,
3295 4576 3360 4615 xv
3385 4560 3507 4615 Kal.

209 4648 473 4709 καπέντε
487 4646 773 4703 Καλανδῶν
787 4648 1133 4719 Ἀπριλλίων
1149 4649 1374 4723 πέμπτη
1395 4654 1815 4728 τρισκαιδεκάτῃ

206 4740 494 4813 ἡμερινὴ,
520 4740 809 4813 νυκτερινὴ
841 4742 897 4795 δὲ
919 4742 1506 4813 τεσσαρεσκαιδεκάτη,
1535 4745 1641 4818 πρὸ
1667 4747 1819 4800 δεκα-

201 4833 517 4903 τεσσάρων
557 4832 852 4887 Καλανδῶν
897 4834 1243 4906 Ἀπριλλίων·
1286 4837 1664 4907 προσάϐϐατον
1692 4857 1817 4893 τεσ-

206 4940 369 4994 σαρε
376 4922 705 4995 σκαιδεκάτη
720 4924 1027 4994 νυκτερινὴ,
1044 4923 1151 4995 πρὸ
1164 4923 1580 4997 δεκατεσσάρων
1596 4929 1813 4984 Καλαν-

197 5014 336 5068 δῶν
354 5013 700 5086 Ἀπριλλίωνο
719 5012 996 5067 Σάϐϐατον
1024 5014 1481 5088 πεντεκαιδεκάτη
1504 5020 1814 5092 νυκτερινὴ,

199 5108 339 5178 πρὸ
375 5105 602 5159 δεκαδύο
617 5104 907 5160 Καλανδῶν
922 5105 1265 5177 Ἀπριλλίων·
1293 5107 1680 5176 ἐπιφὼσκουσα
1704 5104 1817 5164 Κυ-

204 5194 407 5267 ριακὴ
423 5195 883 5267 πεντεκαιδεκάτη
897 5198 1213 5267 νυκτερινή¹
1234 5214 1247 5228 ·
1282 5197 1420 5269 ὅπερ
1450 5193 1516 5270 ἦν
1537 5202 1817 5272 φωτισμὸς

192 5286 388 5359 ᾁδου,
429 5287 524 5340 καὶ
571 5288 695 5357 γῆς,
737 5287 831 5340 καὶ
867 5284 1120 5356 οὐρανοῦ,
1173 5287 1269 5340 καὶ
1316 5288 1552 5359 ἡμέρας,
1584 5289 1673 5343 διὰ
1715 5291 1816 5363 τὴν

193 5379 733 5450 πεντεκαιδεκάτην
757 5377 1008 5449 σελήνης,
1035 5378 1129 5431 καὶ
1154 5377 1244 5432 τὸν
1273 5379 1423 5450 ἡλίου
1453 5380 1653 5452 δρόμον
1676 5398 1690 5413 ⁸
1721 5384 1815 5436 καὶ

187 5468 301 5524 ὃτι
349 5467 654 5534 ἀνάστασις
700 5470 795 5523 καὶ
842 5468 1099 5541 ίσημερία
1131 5469 1237 5541 πρὸ
1282 5470 1473 5525 ἕνδεκα
1525 5472 1817 5528 Καλανδῶν

203 5560 677 5634 Ἀπριλλίων,δι’
705 5563 773 5634 ἢν
804 5562 1167 5634 πλανηθέντες
1187 5563 1492 5635 ὑπέρϐατον
1525 5565 1653 5636 μίαν
1678 5566 1816 5638 ἡμέ-

287 5739 669 5825 ξγθιλκτθὶίξῃ
720 5741 962 5825 ἑσπέρᾳ,
1018 5750 1072 5797 et
1117 5742 1350 5825 ,πέμπτῃ
1398 5746 1625 5821 ἑσπέρᾳ.
1701 5751 1721 5780 ¹
1755 5749 1812 5805 F.

1917 5754 2112 5825 ιερινή.
2191 5756 2210 5789 ³
2242 5753 2400 5813 Joan.
2454 5772 2549 5821 vn,
2602 5756 2692 5812 Ξῖ.

185 5815 215 5849 ⁸
254 5814 421 5870 ibid.
450 5803 669 5869 25:27."
720 5813 740 5844 ⁷
768 5803 960 5868 1Ρὲῑῖ
991 5829 1072 5868 ιιι.
1110 5814 1195 5867 18.

1922 4652 2078 4721 Apr.;
2103 4650 2294 4720 quinta
2334 4649 2470 4711 feria
2512 4667 2610 4706 xm
2648 4652 2877 4717 diurna,
2921 4660 3192 4707 nocturna
3234 4667 3362 4707 vero
3393 4669 3508 4721 xlv,

1921 4759 2014 4799 xiv
2052 4744 2176 4797 Kal.
2210 4744 2380 4813 Apr.;
2419 4742 2756 4812 Parasceve,
2802 4760 2891 4799 xw
2939 4753 3246 4809 nocturna,
3275 4760 3364 4799 xlv
3386 4744 3508 4800 Kal.

1923 4835 2085 4906 Apr.;
2112 4833 2446 4901 Sabbatum,
2476 4854 2540 4892 xv
2569 4846 2839 4893 nocturna
2864 4878 2880 4904 ,
2918 4852 2994 4891 xu
3042 4836 3163 4891 Kal.
3212 4838 3379 4906 Apr.;
3411 4837 3508 4892 de-

1921 4942 2069 4981 mum
2123 4926 2402 4982 Dominica
2433 4928 2553 4985 dies
2580 4929 2782 4993 illuxit,
2826 4943 2950 4998 quae
2999 4928 3239 4992 inferos,
3270 4937 3505 4992 terram,

1918 5026 2081 5089 atque
2113 5021 2313 5074 caelum
2355 5035 2453 5075 sua
2486 5020 2607 5077 luce
2651 5020 3031 5085 collustravit,
3071 5028 3294 5089 propter
3320 5020 3504 5073 luuarn

1918 5125 1988 5165 xv
2014 5111 2257 5182 solisque
2287 5126 2532 5167 cursum.
2558 5111 2697 5165 Tum
2720 5110 2870 5183 quod
2902 5111 3238 5166 resurrectio
3264 5119 3318 5165 et
3341 5111 3504 5181 tequi-

1917 5205 2160 5257 noctium
2207 5203 2261 5258 in
2304 5219 2356 5258 a.
2406 5204 2461 5259 d.
2494 5219 2547 5259 χι
2582 5203 2702 5258 Kal.
2733 5204 2864 5273 Apr.
2895 5203 3169 5258 incidunt.
3200 5201 3410 5268 Quibus
3436 5202 3506 5259 de

1917 5294 2099 5349 causis
2131 5294 2472 5360 liallucinati,
2504 5310 2616 5351 uno
2639 5295 2728 5351 die
2769 5296 3071 5367 legitimum
3119 5303 3334 5364 tempus
3368 5310 3506 5365 pra:-

1922 5388 2179 5457 tergressi
2216 5397 2379 5454 sunt,
2423 5398 2481 5444 ut
2526 5398 2654 5446 ante
2696 5390 2959 5451 diximus.
2998 5387 3308 5459 Supersunt
3355 5388 3502 5444 enim

1920 5494 1984 5533 ex
2010 5480 2227 5535 illorum
2253 5481 2561 5539 ratiociniis
2586 5484 2736 5538 liora:
2777 5483 2988 5551 aliquot
3012 5479 3363 5551 appendices,
3382 5496 3504 5551 quae

1922 5571 2085 5626 tertio
2118 5587 2335 5643 quoque
2375 5589 2519 5629 anno
2546 5575 2653 5631 diei
2677 5573 2820 5645 apud
2858 5574 2981 5628 illos
3008 5571 3172 5626 unius
3205 5571 3503 5628 discrimen

2795 5757 2815 5788 ‘
2859 5757 2992 5812 ibid.
3029 5756 3081 5816 8.
3167 5757 3187 5788 '
3228 5757 3358 5812 ibid.
3408 5754 3497 5811 Μ.
