3958 6422
2816 272 2839 301 l

560 350 668 409 est;
1944 314 2011 408 ε.
2054 350 2140 406 er

2243 350 2397 406 ΙΑΝιι
3695 361 3778 419 936

558 466 814 524 ull‘erunt.
843 464 1054 536 Quippe
1081 465 1330 522 lunarem
1369 464 1435 520 ad
1476 466 1698 521 modum
1735 466 1903 540 449
1943 476 2141 539 praeter

2248 486 2349 544 ραν
2377 466 2668 538 ἐποίησαν,
2703 467 2780 531 ὼς
2820 469 3105 539 προεῖπον.
3139 471 3295 542 Ἔχει
3331 472 3386 527 δὲ
3430 471 3575 543 ὥρας
3605 477 3780 549 τινὰςή

558 570 747 613 cccuv
767 558 906 619 dies,
934 558 1098 613 horas
1128 558 1352 629 insuper
1376 569 1674 629 quaternas
1705 560 1991 630 adjiciunt,
2021 578 2141 634 qua

2249 561 2429 631 ψῆφος
2448 559 2548 629 τῆς
2568 559 2941 627 λεπτολογίας.
2968 561 3092 631 ἥτις
3112 562 3374 632 ἐμπίπτει
3393 564 3479 619 διὰ
3500 566 3626 619 ἑτῶν
3650 570 3784 639 rauim

560 650 797 721 singulis
824 650 1081 705 trienniis
1122 651 1265 705 diem
1307 651 1580 721 integrum
1625 653 1943 709 coniiciunt.
1982 654 2066 711 0b
2095 655 2141 711 id

2250 649 2383 720 παρ’
2411 648 2596 711 αὐτοῖς
2615 648 3031 720 διαφωνουμένη
3056 652 3088 721 ἡ
3126 652 3222 721 μία
3246 652 3449 726 ἡμέρα.
3475 652 3784 727 Προστιθέασι

560 743 687 795 anni
724 758 815 796 xiv
859 756 1074 796 menses
1120 742 1403 811 postulant
1433 743 1793 801 intercalares
1815 762 1880 807 ν.
1911 762 1978 803 eo
2004 747 2154 818 quod

558 833 627 887 de
652 834 783 888 solis
811 835 1111 905 cursu,qui
1133 841 1217 889 est
1243 834 1456 891 dierum
1489 852 1689 892 cccva
1712 853 1837 892 cum
1868 839 2023 894 horis
2056 855 2145 903 ιιι,

561 940 722 978 unam
770 927 958 981 horam
1005 929 1325 998 decerpunt.
1377 928 1513 983 Nam
1546 930 1698 985 horis
1738 930 1979 992 additis,
2018 930 2157 990 tlunt

557 1014 754 1068 deinde
783 1030 989 1070 cccuv
1022 1017 1162 1079 dies,
1208 1033 1313 1071 una
1343 1018 1478 1072 hora
1512 1019 1720 1074 minus.
1752 1017 1907 1075 Unde
1939 1019 2019 1073 illi
2060 1035 2152 1075 xw

554 1107 717 1164 annis
748 1108 927 1162 sexies
965 1108 1370 1179 multiplicatis,
1400 1119 1459 1164 ut
1486 1126 1690 1165 Lxxxtv
1739 1112 1871 1165 anni
1913 1125 2151 1168 consur-

552 1209 706 1270 gant,
762 1213 910 1255 anno
940 1213 1118 1255 Lxxxv
1149 1212 1396 1254 mensem
1433 1214 1603 1253 unum
1637 1200 1968 1254 intercalant
2003 1215 2154 1271 :quo

553 1292 611 1347 ﬁt
638 1301 699 1348 ut
765 1310 943 1349 Lxxxv
992 1286 1119 1348 anni
1162 1306 1290 1347 xxx:
1338 1306 1556 1346 menses
1605 1290 1978 1358 exhauriant;
2027 1306 2153 1346 cum

552 1393 811 1439 accurata
856 1386 997 1439 ratio
1050 1394 1249 1457 praiter
1287 1368 1692 1446 menses'xxx,
1729 1381 1847 1437 dies
1892 1389 2155 1452 praeterea

553 1491 679 1529 xxiv
697 1516 711 1539 ,
738 1491 801 1530 ac
828 1484 941 1532 tres
967 1478 1132 1533 horas
1184 1478 1448 1548 requirat.

2249 740 2360 812 γὰρ
2388 740 2466 811 τῷ
2492 740 2798 812 σεληνιακῷ
2812 741 2999 812 δρόμῳ
3031 744 3170 812 μετὰ
3186 744 3284 808 τὰς
3295 748 3599 815 τριακοσίας
3623 766 3776 821 τεν-ιη-

2254 831 2697 903 κοντατέσσαρας
2743 831 2956 903 ἡμέρας
2997 832 3092 885 καὶ
3123 833 3290 898 ἄλλας
3327 835 3445 888 κατ’
3476 836 3589 901 ἔτος
3634 839 3786 893 τέσσα-

2257 941 2357 996 ρας
2383 923 2530 996 ὥρας
2554 939 2569 954 ⁶
2613 923 2690 987 ὡς
2732 919 2871 977 εἶναι
2904 926 2986 989 είς
3018 924 3088 978 τὰ
3122 926 3250 997 τρία
3294 926 3386 996 ἐτη
3424 928 3626 999 ἡμέραν
3666 929 3783 1000 μίαν.

2252 1013 2343 1066 Διὸ
2368 1013 2498 1083 παρ’
2526 1012 2713 1075 αὐτοῖς
2740 1012 2903 1067 πέντε
2945 1012 3116 1083 μῆνες
3138 1014 3416 1068 τελοῦνται
3438 1016 3700 1088 ἐμϐόλιμοι
3726 1021 3787 1082 είς

2252 1104 2346 1175 ἐτη
2375 1103 2775 1177 δεκατέσσαρα,
2816 1102 2905 1157 διὰ
2941 1104 3003 1158 τὸ
3043 1105 3395 1177 ἀφαιρεῖσθαι
3428 1108 3535 1161 ἀπὸ
3560 1108 3643 1161 τοῦ
3669 1109 3787 1180 ἡλια-

2253 1196 2353 1251 κοῦ
2389 1195 2589 1267 δρόμου
2616 1194 2729 1249 τῶν
2759 1194 3093 1267 τριακοσίων
3141 1196 3569 1271 έξηκονταπέντε
3607 1200 3788 1270 ἡμερῶν

2252 1288 2351 1342 καὶ
2388 1286 2549 1357 ὡρῶν
2572 1285 2744 1358 τριῶν
2785 1284 2884 1358 τὴν
2927 1285 3057 1357 μίαν
3090 1285 3262 1359 ῶραν.
3306 1288 3677 1361 Προσθεμένων
3701 1292 3790 1361 γὰρ

2253 1377 2362 1433 τῶν
2395 1376 2577 1449 ὡρῶν,
2626 1376 2814 1430 λοιπὸν
2849 1375 3090 1445 γίνονται
3118 1374 3226 1442 τξε’
3255 1378 3461 1449 ἡμέραι
3494 1379 3636 1449 παρά
3671 1377 3789 1450 ὤραν

2256 1470 2407 1543 μίαν.
2439 1469 2604 1524 Ὅθεν
2634 1470 2791 1524 αὐτοὶ
2818 1468 3005 1537 ἑξάκις
3030 1468 3568 1536 πολυπλασιάσαντες
3586 1470 3648 1524 τὰ
3664 1471 3788 1524 δεκα-

553 1589 795 1660 τέσσαρα
843 1589 938 1661 ἐτη
990 1589 1085 1643 τοῦ
1134 1591 1492 1663 ὀγδοηκοστοῦ
1525 1591 1790 1665 τετάρτου
1827 1588 2005 1653 ἔτους.
2047 1589 2104 1642 ὲν
2151 1586 2229 1658 τῷ
2267 1583 2610 1657 ὀγδοηκοστῷ
2648 1585 2889 1656 πέμπτῳ
2930 1583 3175 1638 τιθέασιν
3203 1584 3501 1656 ἐμϐόλιμον
3538 1584 3625 1637 ἕνα
3658 1583 3788 1655 μῆνα.

551 1682 632 1745 είς
672 1681 733 1735 τὸ
772 1677 911 1735 εἶναι
957 1683 1248 1753 τριάκοντα
1265 1684 1358 1736 καὶ
1389 1683 1482 1737 ἕνα
1503 1684 1647 1755 μῆνα
1693 1685 1774 1748 εἰς
1803 1682 1897 1737 τάκ
1934 1679 2265 1753 ὀγδοήκοντα
2317 1678 2414 1731 καὶ
2465 1677 2626 1730 πέντε
2664 1675 2784 1747 ἔτη,
2813 1676 3009 1739 οἵτινες
3063 1674 3294 1745 ὤφειλον
3348 1671 3523 1728 εἶναι·
3551 1673 3677 1729 κατὰ
3715 1673 3793 1742 τήν

549 1776 839 1848 ἀκρίϐειαν
876 1780 1253 1847 τριακονταεῖς
1288 1778 1417 1848 μὴν,
1466 1778 1563 1831 καὶ
1594 1778 2038 1851 εἰκοσιτέσσαρες
2088 1773 2319 1850 ἡμέραι,
2341 1773 2436 1828 καὶ
2455 1766 2596 1842 ὧραι
2627 1776 2801 1843 τρεῖς.

620 1893 835 1949 Χχνη.
882 1896 1011 1961 Quae
1048 1912 1174 1950 cum
1221 1896 1330 1953 illis
1367 1896 1657 1952 aberrandi
1704 1913 1875 1954 causa
1924 1898 2141 1963 luisset,

2321 1895 2442 1951 KZ'.
2483 1891 2713 1950 Ἕνεκεν
2733 1890 2915 1944 τοίνυν
2940 1891 3132 1943 τούτου
3163 1890 3285 1944 τότε
3309 1888 3620 1959 σφαλέντες,
3645 1888 3696 1941 οὐ
3719 1886 3789 1957 μό-

550 2002 660 2040 non
692 1987 856 2041 modo
901 1988 1292 2058 perturbantes
1350 1990 1559 2054 omnia,
1613 1989 1785 2046 biduo
1842 1990 2144 2062 legitimum

550 2074 837 2133 Paschalis
877 2087 1092 2150 tempus
1123 2088 1560 2147 anteverterunt,
1607 2082 1704 2137 sed
1743 2089 1799 2137 et
1834 2097 1943 2137 uno
1986 2084 2145 2136 insu-

550 2185 647 2240 per
669 2169 759 2224 die
784 2172 1184 2243 praetergressi,
1221 2172 1434 2246 magnis
1470 2188 1530 2228 se
1569 2173 1856 2229 erroribus
1889 2173 2144 2244 implica-

550 2268 699 2316 runt.
748 2261 854 2317 Sed
905 2263 1153 2318 veritatis
1187 2265 1425 2335 sapienti
1478 2266 1717 2334 quadam
1764 2265 2145 2320 moderatione

552 2351 757 2407 factum
813 2362 901 2407 est
944 2362 1003 2408 ut
1036 2369 1198 2425 quam
1247 2355 1604 2433 exactissima
1647 2354 1716 2410 ad
1758 2356 1993 2411 salutem
2042 2368 2143 2408 no-

551 2454 723 2500 stram
759 2444 1101 2500 referrentur
1142 2446 1423 2502 universa.
1462 2444 1647 2512 Quare
1689 2454 1813 2516 post
1856 2453 2142 2517 peractum

548 2534 783 2599 Pascha,
857 2534 1107 2590 Salvator
1160 2534 1222 2590 in
1270 2530 1511 2591 montem
1564 2534 1814 2596 secessit,
1858 2548 1985 2587 cum
2039 2533 2142 2591 hoc

551 2623 732 2695 ipsum
777 2623 986 2679 Pascha
1023 2621 1376 2688 comedisset,
1423 2619 1571 2692 quod
1615 2619 1893 2675 desiderio
1927 2617 2137 2674 deside-

550 2727 708 2770 rasse
737 2728 797 2769 se
822 2711 957 2767 dicit
979 2714 1019 2766 ¹.
1049 2710 1287 2766 Proinde
1309 2709 1521 2765 Pascha
1553 2710 1667 2763 illic
1695 2707 1987 2763 Iudaicum
2014 2722 2142 2763 cum

550 2803 843 2875 discipulis
885 2802 1159 2869 comedit;
1198 2817 1300 2857 nec
1332 2801 1493 2856 aliter
1526 2800 1673 2856 istud
1706 2800 1816 2871 egit
1852 2800 2001 2870 ipse,
2045 2798 2142 2856 sed
2178 2806 2185 2811 '

549 2899 742 2953 eodem
781 2911 1013 2968 prorsus
1055 2894 1240 2959 modo,
1271 2910 1383 2966 quo
1439 2901 1494 2949 et
1527 2895 1604 2948 illi
1637 2892 2037 2964 praestiterunt,
2083 2900 2143 2948 ut

550 3005 619 3045 ne
656 2989 816 3061 legem
848 2988 1091 3054 solveret,
1126 2986 1217 3043 sed
1247 2985 1620 3055 adimpleret’.
1660 2982 1760 3040 Hic
1792 2985 1979 3055 itaque
2014 2998 2141 3039 cum

548 3081 831 3136 tricesimo
864 3096 1009 3134 anno
1035 3079 1149 3149 jam
1183 3079 1371 3149 elapso
1409 3078 1477 3132 ad
1510 3078 1845 3149 baptismum
1875 3077 2143 3132 accessis-

547 3183 652 3239 set,
703 3187 767 3227 ac
800 3181 926 3245 post
979 3170 1233 3229 eumdem
1282 3172 1645 3235 tricesimum,
1693 3170 1928 3225 solidum
1982 3168 2137 3224 illum

2252 2006 2341 2044 νον
2371 1986 2673 2061 προέλαϐον
2705 1982 3119 2055 Θορυϐούμενοι,
3152 1982 3251 2048 τὰς
3283 1983 3601 2054 δύοὴμέρας
3624 1981 3787 2052 βεϐρω-

2246 2080 2406 2144 κότες
2437 2078 2499 2132 τὸ
2527 2078 2739 2150 Πάσχα,
2772 2072 2910 2127 ἀλλὰ
2934 2077 3030 2128 καὶ
3072 2074 3171 2144 τὴν
3205 2073 3513 2145 ὕπέρϐατον
3549 2072 3787 2144 προθέντες

2249 2171 2377 2242 μίαν
2407 2169 2643 2241 ἡμέραν,
2688 2164 2832 2223 κατὰ
2867 2163 3047 2218 πάντα
3072 2164 3272 2236 τρόπον
3314 2165 3475 2219 αὐτοὶ
3523 2164 3784 2234 σφαλέντες.

2256 2258 2321 2311 ’Π
2353 2257 2410 2312 δὲ
2440 2256 2725 2329 οἰκονομία
2755 2258 2855 2328 τῆς
2880 2253 3140 2324 ἀληθείας
3165 2252 3537 2324 ἀκριϐέστατα
3557 2253 3618 2306 τὰ
3651 2252 3787 2306 πάντα

2245 2350 2381 2419 ἡμῖν
2416 2346 2776 2418 σωτηριωδῶς
2808 2341 3128 2417 εἰργάσατο.
3164 2339 3332 2395 Ὅθεν
3357 2341 3455 2394 καὶ
3494 2339 3643 2403 αὐτὸς
3666 2337 3786 2391 63m-

2244 2441 2371 2514 τὴρ,
2397 2438 2457 2493 τὸ
2482 2439 2676 2509 Πάσχα
2699 2437 3014 2504 τελειώσας,
3060 2431 3286 2504 ἐξῆλθεν
3325 2435 3410 2496 εἰς
3443 2433 3503 2485 τὸ
3544 2431 3654 2503 δρος
3682 2429 3785 2501 μετὰ

2242 2532 2307 2586 τὸ
2338 2530 2693 2604 βεϐρωκέναι,
2736 2529 3004 2602 ἐπιθυμίᾳ
3053 2522 3448 2602 ἐπιθυμήσαςσ
3492 2523 3583 2578 καὶ
3622 2523 3718 2576 ἐκεῖ
3742 2520 3784 2573 τὸ

2244 2621 2438 2693 Πάσχα
2462 2621 2523 2674 τὸ
2560 2619 2851 2675 Ἰουδαϊκὸν
2876 2620 3017 2692 μετὰ
3045 2619 3153 2674 τῶν
3188 2620 3461 2693 μαθητῶν
3487 2615 3687 2693 ἔφαγεν,
3709 2611 3783 2663 οὐκ

2244 2712 2420 2778 ἄλλως
2447 2714 2703 2784 ποιήσας,
2735 2710 2871 2766 ἀλλὰ
2899 2712 2995 2766 καὶ¹
3026 2712 3190 2777 αὐτὸς
3218 2714 3363 2785 μετὰ
3406 2714 3513 2768 τῶν
3539 2704 3780 2768 ποιούντων

2245 2802 2377 2869 ἴσως
2409 2805 2675 2876 ποιήσας·
2706 2804 2793 2858 ἵνα
2823 2804 2900 2877 μὴ
2932 2806 3247 2875 καταλύσῃ
3286 2804 3401 2860 τὸν
3436 2809 3633 2877 νόμον,
3658 2804 3779 2860 ἀλλὰ

2242 2894 2559 2965 πληρώσῃ.
2592 2894 2703 2949 Καὶ
2730 2889 2885 2961 οὗτος
2922 2896 3065 2966 μετὰ
3093 2896 3155 2951 το
3176 2896 3487 2969 ὑπερϐῆναι
3515 2896 3779 2970 τριακοστὸν

2242 2986 2386 3053 ἔτος,
2417 2989 2506 3042 ὅτε
2541 2987 2870 3060 ἐϐαπτίσθη,
2916 2989 3013 3042 καὶ
3064 2988 3204 3060 μετὰ
3238 2989 3299 3043 τὸ
3352 2989 3657 3062 τριακοστὸν
3690 2986 3778 3047 ἕως

2243 3079 2489 3153 κηρύξας
2518 3080 2896 3153 πληρέστατον
2937 3081 3184 3135 ἐνιαυτὸν
3220 3080 3440 3147 δεκτδν,
3466 3082 3559 3136 καλ⁵
3581 3079 3646 3152 μὴ
3668 3080 3779 3133 ἀντιι

2243 3172 2556 3246 λεγόμενον,
2582 3174 2678 3227 καὶ⁵
2704 3172 2890 3244 ἕτερον
2920 3173 3362 3246 ἀντιλεγόμενον,
3394 3176 3488 3230 καὶ
3519 3177 3573 3228 ὲν
3600 3167 3777 3241 διωγμῷ

546 3268 942 3340 acceptabilem
991 3266 1276 3336 implesset
1315 3279 1543 3329 annum,
1578 3262 2001 3317 contradicente
2039 3277 2135 3316 ne-

2243 3268 2391 3332 ὕντα,
2422 3267 2818 3338 ὲγκοτούμενόν
2852 3284 2912 3320 τε
2969 3269 3064 3321 καὶ
3094 3269 3232 3339 μετὰ
3271 3268 3369 3322 τὸν
3403 3262 3778 3322 ἄλλονῈνιαυτὺν

545 3365 713 3423 mine.
748 3378 871 3417 mox
913 3362 1149 3415 alterum
1178 3356 1503 3420 addidisset,
1544 3369 1653 3425 quo
1684 3361 1739 3408 et
1764 3361 2134 3424 repugnantes

543 3452 763 3510 Iudaeos
793 3460 1055 3521 expertus
1088 3456 1196 3513 est,
1233 3459 1287 3501 et
1315 3462 1510 3501 eorum
1546 3445 1934 3501 vexationibus
1970 3452 2135 3513 atque

547 3544 752 3600 invidia
785 3540 1080 3613 plurimum
1123 3547 1207 3596 est
1241 3538 1584 3609 exagitatus;
1628 3550 1693 3591 ac
1722 3544 1988 3604 praeterea
2021 3543 2133 3589 ter-

543 3637 682 3691 tium
713 3635 827 3705 jam
858 3633 1071 3688 iuiissct
1116 3645 1321 3685 annum
1356 3630 1425 3683 ab
1454 3644 1520 3684 eo
1549 3628 1636 3684 die
1680 3645 1789 3698 quo
1824 3636 1990 3683 natus
2025 3634 2135 3695 est,

545 3728 652 3783 hoc
682 3737 770 3780 cst
802 3723 1261 3794 Epiphaniorum,
1295 3737 1417 3791 quae
1457 3722 1512 3776 in
1542 3736 1594 3774 vr
1625 3718 1877 3775 Januarii
1908 3722 2137 3789 mensis,

546 3818 820 3890 [Egypt'tis
844 3831 974 3872 vero
1017 3814 1155 3887 Tybi
1191 3831 1265 3869 xu
1300 3816 1614 3879 incurrunt,
1663 3814 1732 3867 ad
1769 3829 1931 3867 Lxxlv
1963 3830 2140 3884 usque

448 3924 453 3929 ‘
544 3916 683 3978 dies,
739 3912 856 3982 qui,
911 3919 972 3965 ut
1022 3910 1231 3964 dictum
1276 3916 1383 3972 est,
1429 3908 1485 3963 in
1528 3923 1627 3962 xui
1655 3906 1777 3961 Kal.
1811 3909 1943 3977 Apr.
1993 3907 2141 3964 desi-

544 4016 703 4071 nunt,
735 4006 828 4075 qui
883 4014 969 4058 est
1006 4001 1281 4074 Egyptiis
1324 4000 1667 4056 Phamenoth
1708 4016 1870 4068 xxrv;
1920 4002 2024 4056 hoc
2057 4002 2137 4057 in-

542 4113 709 4170 quam
743 4096 905 4152 modo
937 4112 1088 4151 xxxu
1112 4101 1360 4165 integros
1392 4109 1589 4159 annos,
1627 4108 1691 4149 ac
1724 4092 1842 4148 dies
1873 4102 2137 4164 praeterea

541 4208 704 4246 Lxxw
726 4191 795 4245 ab
845 4189 1169 4260 Epiphaniis
1231 4188 1499 4258 implevit.
1556 4186 1882 4242 Resurrexit
1933 4201 2138 4256 porro,

540 4292 704 4359 prout
760 4282 1002 4355 [Egyptii
1057 4289 1388 4343 numerant,
1440 4278 1784 4335 Phamenoth
1832 4295 1981 4347 XXVI,
2017 4280 2138 4351 ipso

2242 3359 2486 3431 ὑπερϐὰς
2519 3360 2626 3413 ἀπὸ
2650 3360 2747 3429 τῆς
2766 3359 2876 3413 τῶν
2903 3358 3192 3428 γενεθλίων
3214 3359 3388 3414 αὑτοῦ
3416 3360 3640 3431 ἡμέρας,
3658 3372 3777 3410 τουτ-

2241 3452 2390 3505 έστιν
2439 3451 2791 3520 Ἐπιφανίων,
2827 3452 2950 3521 ἥτις
2978 3451 3237 3521 τυγχάνει
3276 3451 3417 3522 ἕκτη
3470 3447 3777 3519 Ἰαννουαρίου

2246 3540 2438 3611 μηνὸς,
2467 3540 2611 3593 κατὰ
2642 3540 2699 3593 δὲ
2723 3541 3054 3610 Αἰγυπτίους
3090 3539 3228 3594 Τυϐὶ
3253 3540 3544 3611 ἑνδεκάτη,
3577 3539 3658 3592 ἐπὶ
3681 3538 3776 3595 ὅλας

2237 3631 2612 3704 ἑϐδομήκοντα
2648 3633 2925 3705 τέσσαρας
2964 3635 3201 3707 ἡμέρας,
3236 3633 3317 3699 ὡς
3345 3630 3776 3707 προείπομεν,ἒιι>ς

2237 3723 2340 3795 τῆς
2369 3726 2475 3797 πρὸ
2514 3716 3133 3797 δεκατριῶνΚαλανδῶν
3177 3727 3529 3798 Ἀπριλλίων,
3569 3724 3652 3779 καὶ
3673 3719 3776 3774 κατὰ

2238 3818 2571 3886 Αἰγυπτίους
2622 3818 2888 3890 Φαμενὼθ
2952 3820 3193 3893 τετάρτῃ
3242 3821 3341 3873 καὶ
3374 3820 3569 3882 εἰκάδι,
3612 3814 3774 3870 ἐτέλεσε

2240 3911 2632 3982 τριακονταδύο
2665 3910 2760 3984 ἐτη
2792 3912 3164 3985 πληρέστατα,
3197 3913 3293 3966 καὶ
3330 3905 3773 3983 ὲϐδομηκοντατέσ-

2244 4021 2419 4075 σαρας
2449 4004 2665 4076 ἡμέρας
2714 4005 2824 4058 ἀπὸ
2870 4005 3222 4075 Ἐπιφανίων.
3261 4006 3378 4060 Καὶ
3430 4001 3652 4064 ἀναστὰς
3685 3993 3772 4050 κατ’

2239 4098 2570 4167 Αἰγυπτίους
2598 4097 2860 4168 Φαμενὼθ
2882 4099 3017 4172 ἕκτῃ
3047 4099 3143 4153 καὶ
3172 4099 3375 4164 εἰκάδι,
3402 4099 3524 4171 ῆτις
3548 4093 3609 4169 ἡν
3637 4095 3772 4162 ίσημε·

2244 4189 2355 4260 ρία,
2387 4192 2481 4244 καὶ
2514 4192 2622 4263 πρὸ
2640 4190 2706 4246 ια’
2733 4191 3027 4245 Καλανδῶν
3061 4191 3390 4265 Ἀπριλλίων
3409 4209 3423 4222 ·
3457 4192 3542 4244 ἶνα
3566 4182 3771 4259 εὐρεθώσι

2241 4285 2442 4348 πάντες
2469 4284 2793 4356 ψευδόμενοι
2821 4286 2871 4338 οἱ
2909 4286 2984 4357 μὴ
3018 4285 3171 4349 ὄντες
3199 4286 3309 4338 υίοὶ
3333 4287 3435 4356 τῆς
3458 4281 3705 4355 ἀληθείας.

542 4379 882 4451 JEquincctii
924 4378 1034 4444 die,
1084 4379 1199 4433 sive
1229 4391 1287 4431 ιι
1346 4375 1467 4431 Kal.
1509 4377 1641 4447 Apr.
1709 4374 1788 4430 Ex
1823 4392 1934 4447 quo
1964 4377 2185 4433 illorum
2244 4382 2491 4436 omnium
2550 4382 2839 4439 manifesta
2894 4382 3181 4440 mendacia
3238 4397 3394 4449 sunt,
3452 4382 3544 4454 qui
3581 4369 3770 4435 vct'ilalis

542 4487 653 4528 non
692 4480 819 4526 sunt
850 4470 965 4525 lilii.

614 4561 781 4635 450
823 4558 1061 4614 XXV’lll.
1102 4559 1314 4613 Horum
1357 4557 1570 4629 primus
1612 4558 1776 4614 nobis
1808 4556 2135 4615 Valentinus

2312 4557 2448 4613 KH'.
2487 4560 2663 4625 Εὐθὺς
2699 4560 2915 4632 πρῶτος
2948 4561 3301 4624 Οὐαλεντίνος
3335 4559 3768 4633 δραματουργήσας
3850 4600 3851 4615 κ

543 4654 826 4709 occurrit:
860 4652 958 4722 qui
1010 4650 1233 4721 quidem
1270 4665 1333 4703 ex
1377 4649 1671 4704 tricenario
1719 4664 1989 4704 annorum
2035 4667 2139 4705 nu-

543 4761 718 4809 mero,
755 4743 822 4799 ad
849 4759 1012 4813 quem
1052 4741 1356 4797 Salvatoris
1391 4748 1633 4805 aetatem,
1669 4756 1733 4795 ac
1774 4741 1931 4796 virile
1969 4744 2140 4797 robur

540 4838 823 4895 existimat
846 4835 1015 4891 fuisse
1037 4833 1387 4905 perductum,
1422 4848 1577 4887 suam
1612 4833 1760 4886 illam
1795 4848 2009 4887 monum
2035 4834 2136 4888 tri-

541 4932 692 5001 ginta
741 4929 983 4985 fabulam
1030 4926 1321 4983 conﬁnxit.
1368 4926 1572 4997 inquo
1617 4925 1755 4997 fugit
1797 4942 1923 4981 eum
1970 4927 2132 4981 ratio.

543 5024 660 5078 Non
688 5023 836 5080 enim
869 5022 1094 5095 triginta
1139 5020 1290 5076 solos
1319 5020 1479 5083 vixit,
1524 5017 1619 5075 sed
1667 5019 1949 5074 tricesimo
1989 5034 2135 5074 anno

541 5117 849 5189 baptizatus
908 5123 1026 5179 est,
1083 5128 1205 5168 cum
1255 5113 1368 5182 jam
1420 5096 1695 5167 decimum
1742 5126 1985 5166 mensem
2040 5129 2134 5167 su-

542 5226 637 5280 pra
668 5224 799 5264 xxrx
837 5222 1015 5263 annos
1057 5205 1351 5277 attigisset.
1383 5202 1555 5272 Quem
1600 5204 1744 5260 diem
1781 5213 1906 5257 ante
1939 5204 2134 5258 delini-

540 5301 719 5354 vimus
767 5313 843 5352 xu
897 5297 1070 5354 fuisse
1118 5296 1326 5351 mensis
1358 5296 1550 5366 Athyr,
1606 5304 1659 5350 ct
1711 5310 1808 5348 vm
1855 5292 1934 5349 ιιι.
1992 5293 2132 5351 Nov.

539 5385 672 5443 Post
707 5389 822 5443 haec
854 5405 976 5444 cum
1018 5388 1344 5460 placabilem
1380 5386 1597 5441 Domini
1647 5386 1999 5458 praedicasset
2042 5402 2137 5441 an-

541 5495 697 5542 num,
743 5482 1023 5553 aliumque
1052 5484 1240 5537 itidem
1297 5482 1733 5538 contradictione
1774 5483 2021 5553 plenum,
2062 5498 2129 5538 ac

539 5584 706 5626 Lxxrv
730 5580 989 5639 praeterea
1022 5576 1142 5629 dies
1165 5575 1356 5629 eadem
1393 5576 1642 5631 molestia
1676 5575 1934 5645 refertos,
1968 5577 2038 5630 ab
2060 5591 2126 5632 eo

541 5659 652 5726 die,
697 5675 807 5732 quo
838 5664 966 5717 olim
997 5665 1307 5735 baptizatus
1344 5676 1463 5720 erat
1497 5676 1623 5724 ante
1654 5669 2120 5737 natalcm‘suum;

613 5820 635 5854 ι
681 5816 819 5874 Luc.
846 5836 997 5911 xxxi,
1032 5822 1117 5877 15.
1196 5826 1215 5856 ⁸
1243 5823 1436 5879 Matth.
1476 5841 1530 5893 v,
1568 5826 1654 5881 Π.

2240 4654 2538 4725 τριάκοντα
2557 4657 2689 4725 ἡμῖν
2713 4656 2938 4721 αἰῶνας,
2963 4656 3070 4709 ἀπὸ
3096 4656 3190 4709 τοῦ
3213 4657 3649 4728 τριακονταέτους
3665 4648 3769 4719 νομί·
3848 4698 3849 4711 χ

2240 4746 2348 4810 ζων
2382 4747 2482 4816 τῆς
2514 4746 2608 4799 τοῦ
2643 4747 2895 4819 Σωτῆρος
2930 4750 3220 4819 ἀναγωγῆς
3249 4750 3345 4802 καὶ
3388 4749 3682 4820 άνδρώσεως
3698 4741 3767 4809 τῆς

2240 4839 2404 4893 αὐτοῦ
2436 4840 2653 4910 ἡλικίας
2679 4856 2691 4868 ·
2729 4840 2829 4893 οὐκ
2863 4839 3039 4906 εἰδὼς,
3076 4842 3159 4894 ὅτι
3186 4841 3249 4893 οὐ
3279 4842 3573 4910 τριάκοντα
3597 4838 3678 4907 ἔτη
3701 4834 3766 4905 μάν

2237 4946 2327 4984 νον
2360 4931 2638 5003 ἐποίησεν,
2669 4932 2784 4984 ἀλλ’
2810 4932 2867 4985 ὲν
2893 4932 2970 5002 τῷ
2999 4932 3305 5004 τριακοστῷ
3328 4930 3641 5001 ἐϐαπτίσθη,
3665 4924 3767 4998 μετὰ

2238 5022 2298 5077 τὸ
2333 5022 2622 5094 πληρῶσαι
2666 5025 3000 5078 είκοσιεννέα
3048 5024 3145 5096 ἔτη
3199 5025 3292 5078 καὶ
3323 5025 3462 5080 δέκα
3509 5023 3681 5094 μῆνας,
3711 5015 3764 5074 ὡς

2238 5118 2520 5184 προεῖπον,
2536 5118 2605 5187 τῇ
2620 5116 2899 5190 δωδεκάτῃ
2942 5115 3129 5188 Ἀθὺρ,
3167 5118 3273 5189 πρὸ
3287 5115 3433 5172 ὀκτὼ
3458 5115 3618 5170 Εἰδὼν
3638 5110 3761 5174 Noen-

2237 5206 2436 5278 θρίων
2471 5209 2568 5261 καὶ
2611 5210 2751 5279 μετὰ
2800 5209 2971 5263 ταῦτα
3026 5210 3273 5283 κηρύξας
3325 5211 3567 5268 ἐνιαυτὸν
3603 5203 3761 5274 Κυρίνα

2234 5298 2424 5353 δεκτόν
2445 5315 2459 5329 ο
2498 5299 2595 5353 καὶ
2625 5299 2766 5370 μετὰ
2804 5301 2897 5356 τὸν
2930 5303 3176 5356 ἐνιαυτὸν
3209 5303 3367 5358 ἄλλον
3400 5300 3629 5357 ἐνιαυτὸν
3653 5299 3761 5349 mo

2233 5385 2546 5460 λεγόμενον,
2582 5391 2678 5444 καὶ
2694 5391 3339 5466 ἑϐδομηκοντατέσσαρας
3368 5393 3575 5464 ἡμέρας
3601 5382 3759 5443 ἀντιλε-

2234 5482 2493 5553 γομένας,
2519 5481 2671 5548 ἐξότε
2698 5483 3025 5556 ἐϐαπτίσθη,
3049 5486 3159 5556 πρὸ
3178 5485 3285 5539 τῶν
3309 5484 3474 5539 αὑτοῦ
3503 5475 3755 5551 γενεθλίων⁶
3830 5496 3831 5551 ξ

2232 5573 2374 5628 ὥστε
2408 5571 2547 5631 εἶναι
2585 5576 2656 5630 τὰ
2699 5578 2875 5632 πάντα
2908 5577 3004 5650 ἔτη
3034 5579 3137 5649 τῆς
3174 5578 3337 5632 αὑτοῦ
3379 5578 3628 5648 ὲνσάρκου
3649 5581 3756 5637 παρ-

2229 5670 2418 5734 ουσίας
2461 5670 2563 5735 ἕως
2599 5670 2694 5725 τοῦ
2729 5670 2933 5736 πάθους
2976 5672 3084 5729 ἀπὸ
3108 5674 3207 5747 τῆς
3236 5674 3535 5744 γεννήσεως
3563 5674 3755 5740 τριακο*
3826 5732 3827 5737 η
