3958 6416
457 265 558 323 943

1880 266 1936 322 S.
1971 268 2310 324 EPIPIIANII

3627 277 3728 330 ΒΗ

455 378 564 433 alio
597 377 718 434 loco
749 361 1318 451 disputavimus.‘llic
1340 389 1517 434 autem
1550 380 1696 434 velut
1741 382 1918 438 obiter
1956 385 2030 438 di-

2150 387 2290 440 κατὰ
2327 387 2424 457 τὴν
2453 347 2637 459 Ιάρχὴν
2663 387 2757 441 τοῦ
2786 388 3151 459 ’κηρύγματος
3192 391 3220 443 6
3249 389 3440 460 Σωτὴρ
3469 394 3728 456 ποιεῖται,

457 471 632 542 gressi
675 487 794 525 eam
841 473 1146 528 orationem
1189 473 1488 542 attigimus.
1520 470 1727 526 'Verum
1763 475 2044 531 enimvero

456 571 580 632 post
604 564 1006 632 praedicationis
1035 564 1317 619 exordium
1337 563 1447 618 duo
1471 577 1499 616 a
1525 563 1746 618 Christo
1767 566 2043 620 celebrata

457 665 587 711 sunt
619 655 925 722 Paschata;
967 658 1128 712 tertio
1158 664 1243 711 est
1279 656 1476 710 deinde
1511 663 1731 726 passus,
1761 667 1820 711 ut
1853 657 2042 714 confe-

457 755 546 800 cta
599 748 784 802 omnia
835 749 927 802 illa
973 747 1084 801 sint
1130 763 1160 801 a
1194 762 1280 802 me
1327 756 1754 801 commemorata
1803 749 2042 816 dierum,

457 837 750 901 mensium,
777 852 840 891 ac
861 837 1247 891 consulatuum
1271 836 1576 891 intervalla.
1603 838 1780 907 Atque
1805 839 1878 892 ita
1904 839 2039 894 falsa

456 931 634 984 omnis
673 929 904 984 istorum
935 929 1215 983 evanescit
1252 928 1414 991 ratio,
1477 943 1603 982 cum
1631 929 1712 983 sic
1750 929 1895 984 inter
1918 945 2043 986 sese

455 1021 747 1090 Evangelia
779 1021 1149 1085 consentiant,
1179 1021 1388 1076 nullum
1436 1030 1494 1075 ut
1536 1021 1606 1076 ab
1632 1021 1803 1078 altero
1833 1021 2036 1078 discre-

456 1127 585 1180 pare
618 1112 886 1167 videatur.

524 1201 714 1256 XXXI.
771 1203 878 1258 Sed
922 1211 979 1257 ut
1027 1217 1092 1259 eo
1120 1202 1232 1273 jam
1273 1201 1515 1267 redeam,
1571 1203 1720 1258 unde
1755 1204 2040 1275 digressus

455 1295 687 1358 fueram,
733 1296 925 1349 scribit
956 1294 1155 1360 Lucas,
1193 1296 1244 1349 id
1275 1295 1422 1365 quod
1455 1293 1523 1348 ad
1568 1311 1633 1350 ea
1665 1296 2040 1350 conﬁrmanda

452 1388 615 1452 valet,
644 1402 766 1456 qua:
797 1395 926 1442 sunt
951 1403 981 1440 a
1017 1403 1103 1442 me
1134 1389 1284 1442 varie
1322 1387 1806 1458 multipliciterque
1836 1405 2040 1460 propo-

452 1481 591 1536 sita:
618 1479 845 1534 Factum
869 1497 981 1534 esse
1004 1481 1057 1534 in
1082 1479 1317 1535 Sabbato
1342 1481 1569 1534 secundo
1591 1481 1762 1550 primo
1792 1481 1828 1534 ¹.
1853 1479 2034 1546 Quare

451 1591 555 1628 vox
589 1574 796 1628 indicat
826 1574 1064 1643 primum
1095 1587 1218 1626 esse
1245 1570 1542 1626 Sabbatum
1581 1571 1732 1635 illud,
1761 1569 1906 1642 quod
1936 1571 2039 1625 ini-

453 1664 528 1718 tio
565 1664 932 1734 praestitutum
982 1659 1185 1725 fuerat,
1227 1660 1294 1714 de
1335 1675 1446 1730 quo
1497 1661 1770 1720 inmundi
1815 1661 2037 1732 opiﬁcio

2147 481 2242 532 καὶ
2290 478 2366 548 τῷ
2411 480 2580 551 τρίτῳ
2627 478 2847 550 πάσχεν
2885 480 2959 544 ὡς
3003 480 3336 551 πληροῦσθαι
3380 483 3450 536 τὰ
3493 484 3600 554 ήδη
3637 501 3733 554 μοι

2147 571 2289 625 κατὰ
2317 571 2511 626 λεπτὸν
2539 573 2808 643 εἰρημένα
2843 572 2968 643 περὶ
3004 572 3243 644 ἡμερῶν,
3274 574 3367 625 καὶ
3398 575 3605 644 μηνῶν.
3631 576 3732 628 καὶ

2147 661 2442 717 ὑπατειῶν.
2485 662 2590 716 Καὶ
2643 660 2980 732 πανταχόθεν
3022 661 3268 715 διέπεσεν
3303 666 3332 716 ὁ
3367 666 3488 734 περὶ
3515 667 3734 718 τούτων

2147 749 2564 820 πεπλανημένος
2608 751 2786 818 λόγος,
2819 750 2928 804 τῶν
2969 750 3312 819 Εὑαγγελίων
3353 755 3559 824 συνῳδὰ
3588 757 3735 825 πρὸς

2145 839 2348 912 ἄλληλα
2379 842 2634 912 ἐχόντων,
2662 842 2756 895 καὶ
2801 841 2923 912 μηδ’
2957 843 3212 914 ὁπότερον
3245 845 3351 898 τῶν
3379 847 3733 914 Εὐαγγεὶὶων

2144 934 2419 988 ἀντίθετον
2446 935 2580 1006 πρὸς
2605 936 2693 989 τὸν
2724 935 2910 1005 ἕτερον
2945 935 3193 1003 ἑχόντων.

2214 1199 2340 1251 AA'.
2384 1195 2706 1267 Ἐλεύσομαι
2736 1195 2793 1250 δὲ
2827 1196 2989 1252 πάλιν
3021 1200 3100 1262 εἰς
3125 1199 3185 1251 τὸ
3211 1199 3582 1272 προκείμενον.
3613 1206 3735 1259 Φά-

2146 1304 2262 1340 σκει
2297 1287 2457 1341 πάλιν
2480 1290 2508 1341 ὁ
2541 1291 2756 1352 Λουκᾶς
2784 1289 2918 1361 (52),
2950 1291 3242 1362 μαρτυρῶν
3287 1310 3375 1362 μοι
3406 1300 3514 1358 τοῖς
3558 1297 3734 1350 πολυ-

2146 1379 2328 1450 μερῶς
2357 1381 2451 1434 καὶ
2487 1381 2840 1453 πολυτρόπως
2867 1383 3197 1455 εἰρημένοις,
3230 1385 3311 1438 ὅτι
3354 1387 3619 1456 Ἐγένετο
3655 1392 3736 1443 ἐν

2143 1472 2423 1535 Σαϐϐάτῳ
2454 1471 2908 1542 δευτεροπρώτῳ
2927 1489 2940 1503 “
2975 1475 3060 1529 ἶνα
3093 1475 3241 1547 δείξῃ
3264 1477 3534 1532 Σάϐϐατω
3564 1481 3727 1551 πρῶι

2141 1579 2232 1616 τον
2261 1564 2372 1634 (55)
2408 1562 2547 1618 εἶναι
2589 1566 2652 1618 τὸ
2696 1566 2789 1618 ἀπ’
2821 1567 2996 1637 ἀρχῆς
3029 1566 3242 1638 ὁρισθὲν
3277 1569 3369 1621 καὶ
3412 1569 3573 1640 ῥηθὲν
3615 1573 3732 1624 ὑπ’)

2144 1655 2346 1725 Κυρίου
2393 1658 2451 1708 ὲν
2502 1658 2568 1727 τῇ
2611 1657 2959 1728 κοσμοποιίᾳ,
2993 1659 3134 1712 κατὰ
3175 1659 3414 1729 περίοδον
3446 1662 3552 1714 ἀπὸ
3597 1664 3734 1716 τότε

452 1755 670 1810 locutus
725 1762 808 1808 est
849 1752 1158 1815 'Dominus,
1213 1751 1468 1820 quodque
1524 1766 1590 1804 ex
1645 1750 1736 1805 illo
1793 1759 2030 1821 tempore

2142 1747 2271 1818 ἄχρι
2301 1749 2396 1801 τοῦ
2430 1749 2608 1820 δεῦρο,
2644 1751 2785 1804 κατὰ
2818 1751 2956 1804 ἑπτὰ
2983 1752 3195 1822 ἡμέρας
3228 1753 3728 1824 ἀνακυκλούμενον,

451 1847 710 1916 deinceps
749 1845 814 1899 ad
840 1860 958 1913 eam
987 1844 1130 1898 diem
1167 1851 1516 1912 scpteuorum
1543 1843 1753 1896 dierum
1778 1843 2035 1908 circuitu,

449 1956 512 1994 ac
560 1938 900 1995 revolutione
948 1942 1290 2006 pervenerat.
1331 1933 1492 2006 453
1527 1932 1842 1988 Secundum
1883 1950 2034 1999 vero,

449 2033 681 2086 alterum
714 2029 844 2083 illud
880 2029 996 2098 lege
1045 2027 1424 2082 consulatum.
1467 2025 1542 2079 Ita
1578 2026 1723 2080 enim
1765 2028 2035 2082 sancitum

449 2124 620 2178 fuisse
663 2122 894 2190 legimus
929 2138 942 2173 :
978 2118 1166 2174 Sume:
1201 2118 1295 2171 tibi
1343 2134 1537 2187 agnum
1571 2119 1902 2181 anniculam,
1934 2120 2036 2172 imo

449 2213 800 2276 maculatum,
835 2211 1130 2264 masculum
1156 2209 1301 2280 (quae
1329 2209 1501 2278 ﬁgura
1539 2205 1849 2263 Salvatoris
1886 2207 2032 2280 fuit),

447 2323 481 2361 a
514 2306 717 2360 decima
751 2303 965 2358 mensis.
1000 2301 1068 2355 Et
1112 2300 1406 2356 servabitur
1453 2303 1521 2354 ad
1555 2317 1665 2364 xw,
1709 2311 1758 2356 et
1791 2302 2035 2356 immola-

449 2398 569 2452 bitis
609 2412 727 2450 eum
781 2395 848 2449 ad
887 2409 1151 2463 vesperam
1193 2409 1304 2447 xiv.
1357 2391 1425 2446 Et
1459 2394 1560 2446 erit
1613 2394 1707 2446 tibi
1740 2391 2032 2447 Sabbatum

446 2489 557 2542 dies
599 2496 806 2542 sancta.
843 2485 911 2539 Et
952 2485 1235 2540 comedetis
1277 2501 1472 2555 azyma
1511 2500 1581 2539 νιι
1626 2483 1841 2548 diebus;
1868 2493 1918 2538 et
1959 2500 2030 2539 νη

447 2578 533 2633 die
559 2579 725 2645 [acies
763 2586 1005 2632 sanctum
1047 2575 1361 2641 Sabbatum,
1400 2573 1540 2628 diem
1585 2577 1888 2630 sanctum’.
1927 2574 2030 2632 Ubi

450 2669 584 2724 illud
603 2669 1039 2723 animadtertere
1071 2667 1217 2728 licet,
1239 2665 1702 2736 quemadmodum
1727 2667 2030 2723 secundum

443 2776 482 2815 ,ι
513 2760 697 2831 priore
739 2758 1040 2813 Sabbatum
1076 2765 1264 2814 sancta
1317 2757 1409 2812 illa
1439 2757 1746 2814 Parasceve
1784 2759 2033 2814 nomine-

451 2862 546 2906 tur
566 2890 581 2916 ,
619 2867 740 2921 qua:
768 2850 824 2905 in
848 2850 1148 2905 Sabbatum
1178 2857 1564 2916 consecratur;
1602 2865 1666 2904 ac
1697 2851 1812 2905 sive
1843 2865 1906 2906 ea
1933 2849 2032 2904 Do-

453 2946 654 2999 minica
695 2945 786 3008 sit,
817 2943 933 2998 sive
979 2940 1241 3006 secunda,
1272 2941 1388 2996 sive
1423 2943 1584 2996 tertia
1631 2940 1785 2996 feria.
1819 2943 1887 2995 At
1922 2941 2026 2996 hoc

448 3037 625 3106 ipsum
669 3035 992 3099 secundum,
1049 3042 1258 3104 septem
1307 3033 1520 3088 dierum
1571 3033 1706 3088 orbe
1753 3034 2022 3096 revoluto,

445 3128 683 3197 primum
727 3127 946 3181 dicitur.
989 3124 1057 3180 Ut
1084 3126 1166 3182 vel
1213 3125 1361 3181 istud
1411 3133 1734 3197 argumento
1773 3127 1867 3191 sit,
1916 3142 2026 3181 non

443 3217 711 3276 Joannem
749 3221 930 3284 modo,
982 3219 1076 3274 sed
1108 3228 1162 3274 et
1187 3219 1412 3283 Lucam,
1461 3229 1516 3274 et
1547 3227 1776 3274 caeteros
1817 3218 2026 3273 biennii

445 3307 672 3374 pariter,
724 3323 788 3361 ac
819 3307 987 3361 trium
1040 3304 1328 3363 Paschalis
1369 3306 1754 3362 celebritatum
1799 3308 2028 3362 mentio-

444 3411 568 3451 nem
604 3396 804 3451 facere.
844 3397 921 3450 Ita
961 3397 1163 3468 quippe
1195 3399 1282 3452 lex
1313 3397 1622 3468 praescribit
1653 3414 1666 3450 :
1699 3395 2025 3451 Numerabis

443 3489 539 3542 tibi
577 3504 648 3542 vn
691 3487 1070 3551 hebdomadas,
1121 3505 1187 3544 ex-
1231 3506 1334 3560 quo
1377 3489 1710 3557 manipulum
1748 3487 2022 3552 obtuleris,

443 3582 581 3635 abeo
611 3581 824 3652 die,qua
845 3582 1035 3651 falcem
1060 3583 1112 3635 in
1142 3591 1362 3653 segetem
1389 3581 1594 3635 ntiseris
1621 3595 1638 3632 :
1669 3588 1716 3634 et
1739 3580 2028 3635 celebrabis

441 3675 716 3742 septimam
736 3672 1108 3730 Itebdontadem
1137 3673 1276 3728 diem
1300 3674 1491 3743 festum
1510 3671 1730 3726 Domino
1753 3671 1858 3726 Deo
1883 3682 1970 3726 tuo
1986 3674 2005 3703 ⁸

518 3855 528 3881 ¹
559 3851 690 3910 Luc.
728 3868 799 3914 γι,
833 3853 881 3907 1.
963 3855 982 3882 ²
1013 3851 1182 3908 Exod.
1214 3869 1312 3920 xu,
1340 3854 1374 3911 5
1403 3868 1524 3924 sqq.
1603 3852 1622 3882 ³
1654 3849 1827 3907 ιθνίῑ.
1864 3830 2108 3917 sxw-i5.

518 4007 629 4078 (5‘2)
670 4007 1124 4081 «Maxumum
1166 4013 1199 4064 ό
1251 4010 1510 4079 Λουκᾶς.
1567 4013 1855 4081 Quomodo
1900 4025 2024 4066 cum

442 4081 660 4134 ca~teris
695 4079 1052 4149 evangelistis
1085 4078 1329 4136 Joalines
1362 4078 1688 4149 consentiat,
1727 4100 1795 4139 ex
1830 4096 1895 4136 eo
1939 4082 2029 4135 de-

438 4150 610 4213 ducit,
643 4150 788 4220 quod
821 4148 1502 4221 Pascha-primum,‘Joan.
1550 4171 1586 4208 ιι
1615 4148 1824 4211 diserte
1860 4151 2030 4206 nomi-

438 4230 628 4274 natum
656 4224 724 4274 ab
760 4220 883 4275 aliis
907 4220 1230 4291 expressum
1267 4224 1362 4284 sit,
1403 4240 1526 4279 cum
1576 4225 1806 4279 Sabbati
1839 4221 2026 4277 deute-

438 4292 648 4364 roproti
688 4291 1022 4364 mcntionem
1052 4291 1280 4364 [aciunL
1311 4292 1422 4348 Hoc
1461 4295 1609 4349 enim
1647 4301 1770 4364 post
1794 4292 2026 4362 primam

437 4363 768 4432 Azytttortttn
810 4361 1024 4432 incidit.
1061 4361 1358 4417 Historiam
1404 4361 1695 4420 vulsa‘ruin
1743 4361 2021 4432 spicarum

438 4414 772 4503 addprimum
821 4414 1034 4503 Pascha
1065 4414 1899 4503 fniér'iidir‘eréiii'Epiiiiaaiiihs.
1945 4431 2021 4484 Ex
2059 4414 2099 4468 D

439 4501 546 4574 line
576 4516 729 4554 num.
758 4501 922 4568 hujus
953 4502 1259 4574 intelligere
1299 4512 1473 4573 potes,
1511 4501 1660 4574 quod
1687 4512 1779 4558 est
1813 4504 2027 4574 harmo-

438 4571 545 4624 nite
583 4586 749 4641 supra
794 4584 824 4622 a
879 4573 1039 4626 nobis
1071 4569 1365 4641 propositae
1397 4569 1857 4629 consentaneum.
1902 4569 2022 4624 Jam

436 4655 570 4712 yero
613 4640 832 4712 e_x_hac
875 4640 1199 4695 caeterorum
1257 4642 1648 4712 suﬂ’ragatione
1699 4645 2020 4712 Alogorum,

439 4707 955 4764 Valentiuianorum
985 4725 1047 4764 ac
1071 4720 1398 4766 caeterorum
1429 4707 1778 4768 mendacium
1802 4707 2024 4764 convin-

438 4781 550 4842 cit.
590 4780 682 4848 qui
717 4779 942 4833 unicum
989 4782 1256 4834 duntaxat
1289 4782 1511 4837 Christo
1561 4782 1772 4836 Pascha
1813 4781 2023 4834 tribue-

437 4853 572 4906 rint.
611 4849 750 4907 Cum
786 4851 932 4905 enim
961 4865 1084 4905 eum
1114 4858 1237 4921 post
1272 4853 1510 4921 primum
1551 4851 1764 4906 Pascha
1792 4851 2020 4921 vixisse,

435 4929 489 4976 et
532 4936 630 4992 per
664 4929 782 4975 sata
813 4918 1131 4992 transiisse'
1153 4918 1388 4992 constet,
1426 4922 1624 4978 falsum
1663 4931 1748 4977 est
1775 4935 1884 4974 uno
1927 4918 2024 4973 Pa-

437 4991 631 5048 sch’ate
654 5006 743 5046 res
772 4991 847 5062 ab
874 5007 940 5045 co
969 4999 1156 5062 gestas
1183 4991 1564 5062 circumscribi
1590 4992 1812 5062 debere.

507 5062 622 5133 (53)
653 5062 792 5134 Ἵνα
821 5059 993 5134 δείξῄ
1035 5061 1339 5134 Σάϐϐατον
1371 5061 1625 5131 πρῶτον.
1665 5059 2023 5134 ῡςβίῴιηιο

437 5130 989 5203 «leutcroproto,vide
1009 5148 1129 5202 qua:
1156 5133 1222 5186 ad
1246 5133 1377 5187 haer.
1409 5130 1536 5203 tax,
1563 5130 1820 5195 num.52,
1842 5130 2024 5199 dispu-

439 5202 714 5268 tavimus;
744 5216 873 5256 nam
911 5203 1006 5258 illo
1043 5205 1161 5257 loco
1193 5203 1428 5271 priorem
1464 5202 1756 5272 Epiphanii
1798 5207 2021 5272 senten-

413 5273 594 5337 ‘tiam,
636 5281 690 5343 et
735 5272 957 5343 qu'dem
1002 5267 1426 5343 probabiliorem
1461 5267 1846 5342 eiposuimus.
1888 5267 2020 5334 Quae

2075 5221 2078 5224 ·
2125 5199 2310 5252 batum
2351 5198 2487 5252 nihil
2540 5199 2688 5252 aliud
2732 5208 2818 5253 est

2141 1840 2297 1893 τοῦτο
2349 1839 2487 1895 εἶναι
2540 1843 2776 1914 πρῶτον.
2821 1842 3085 1916 Δεύτερον
3125 1845 3180 1898 δὲ
3208 1845 3480 1900 Σάϐϐατον
3514 1848 3577 1901 τὸ
3611 1849 3728 1903 ἀπὺ

2140 1934 2304 2002 νόμου
2353 1933 2676 2005 ὡρισμένον.
2740 1935 2942 1988 Φάσκει
2981 1937 3118 2007 γὰρ.
3163 1938 3246 1990 ὅτι
3298 1937 3474 2006 mis-1;
3514 1941 3728 2007 σαυτῷ

2138 2024 2440 2090 πρόϐατον
2467 2024 3092 2094 ἐνιαύσιον,’ἆμωμον,
3122 2025 3309 2093 ἄρσεν
3355 2029 3506 2099 (ὅπερ
3539 2024 3609 2099 ἦν
3634 2031 3730 2082 ἁν-

2137 2115 2360 2169 τίτυπον
2397 2114 2491 2170 τοῦ
2529 2116 2830 2187 Σωτῆρος),
2891 2115 3010 2170 ἀπὸ
3060 2115 3314 2185 δεκάτης
3363 2117 3467 2172 τοῦ
3497 2121 3723 2188 μηνός.

2137 2207 2249 2260 Kal
2293 2208 2464 2262 ἔσται
2517 2206 3017 2278 διατετηρημένον
3055 2207 3196 2278 ἄχρι
3236 2209 3344 2278 τῆς
3383 2226 3726 2281 τεσσαρεσ-

2144 2299 2520 2368 καιδεκάτης·
2553 2301 2652 2355 καὶ
2682 2303 2895 2356 θύσετε
2927 2301 3073 2355 αὐτὸ
3103 2301 3361 2370 ἑσπέρας
3396 2301 3472 2371 τῇ
3496 2321 3727 2359 τεσσα-

2132 2390 2572 2460 ρεσκαιδεκάτῃ
2625 2391 2834 2460 ἡμέρᾳ.
2884 2391 2994 2444 Καὶ
3039 2390 3212 2446 ἔσται
3261 2410 3357 2446 σοι
3414 2393 3724 2448 Σάϐϐατον

2139 2483 2330 2552 ἡμέρα
2360 2483 2520 2554 ἁγία,
2567 2483 2664 2537 καὶ
2708 2482 2918 2537 ἕδεσθε
2945 2481 3132 2551 ἄζυμα
3163 2482 3310 2536 ἑπτὰ
3340 2483 3582 2554 ἡμέρας·
3619 2487 3721 2538 καὶ

2135 2572 2211 2642 τῇ
2239 2574 2456 2643 ἐϐδόμῃ
2487 2573 2676 2642 ἡμέρᾳ
2710 2573 2986 2640 ποιήσεις
3026 2573 3196 2644 ἄτιον
3223 2574 3546 2639 Σάϐϐατον,
3577 2577 3725 2645 ἠμέ-

2130 2683 2249 2732 ραν
2276 2665 2472 2734 ἁγίαν.
2497 2664 2605 2718 Καὶ
2635 2667 2818 2736 ὁρᾶτε,
2848 2666 2930 2718 ὅτι
2957 2664 3207 2737 δεύτερον
3235 2665 3478 2721 καλεῖται
3506 2668 3726 2723 Σάϐϐα-

2134 2773 2225 2810 τον
2259 2757 2396 2827 μετὰ
2441 2757 2503 2809 τὸ
2533 2755 2808 2811 Σάϐϐατον
2843 2757 2875 2826 ἡ
2906 2756 3128 2828 τοιαύτη
3175 2757 3304 2825 ἁγία
3337 2758 3433 2811 τοῦ
3473 2760 3724 2830 Προσα6-

2138 2844 2298 2899 ϐάτου
2326 2844 2436 2915 (54)
2477 2845 2677 2916 ἡμέρα,
2709 2847 2789 2907 εἰς
2827 2844 3104 2898 Σάϐϐατον
3137 2847 3490 2914 ἀγιασθεῖσα,
3527 2849 3630 2902 κάν
3668 2868 3722 2903 τε

2135 2939 2388 3009 Κυριακὴ
2418 2938 2523 3008 εἴη,
2552 2936 2656 2990 κᾶν
2682 2935 2930 3007 δευτέρα,
2973 2935 3076 2990 κᾶν
3104 2954 3163 2989 τε
3191 2936 3344 3009 τρίτη
3380 2941 3718 3014 καταντήσῃ.

2135 3028 2227 3090 Εἰς
2255 3027 2312 3080 δὲ
2342 3027 2479 3079 ἑπτὰ
2515 3025 2724 3098 ἡμέρας
2765 3025 2926 3079 πάλιν
2967 3026 3437 3098 ἀνακυκλούμενον
3465 3028 3722 3099 δεύτερον

2136 3118 2376 3171 καλεῖται
2407 3116 2641 3189 πρῶτον·
2675 3117 2760 3170 ἵνα
2789 3117 2937 3190 δείξῃ
2982 3118 3229 3172 ἐντεῦθεν
3249 3160 3263 3184 ,
3291 3121 3371 3173 ὅτι
3402 3121 3464 3174 οὐ
3497 3123 3657 3190 μόνον
3694 3129 3722 3175 ὁ

2133 3210 2388 3282 Ἰωάννης
2430 3211 2558 3282 περὶ¹
2607 3211 2852 3282 περιόδου
2902 3211 3126 3283 ἡμερῶν
3173 3213 3432 3266 ἐνιαυτῶν
3484 3214 3578 3268 δύο
3623 3217 3723 3268 καὶ

2133 3303 2298 3374 τριῶν
2326 3304 2528 3375 ἑορτῶν
2556 3303 2646 3357 τοῦ
2679 3304 2868 3374 Πάσχα
2899 3305 3192 3375 ἐσήμανεν,
3224 3304 3361 3358 ἀλλὰ
3394 3307 3488 3360 καὶ
3521 3308 3549 3359 ό
3579 3310 3724 3360 Λου-

2135 3399 2256 3460 κᾶς,
2289 3398 2380 3450 καὶ
2411 3399 2459 3450 οἱ
2489 3395 2658 3450 ἄλλοι.
2692 3396 2848 3450 Οὕτω
2879 3396 2987 3468 γὰρ
3017 3398 3214 3464 φάσκει
3249 3399 3280 3450 ό
3329 3399 3490 3468 νόμος
3509 3415 3523 3429 ⁸
3566 3401 3719 3468 Ἀρι-

2135 3488 2388 3558 θμήσεις
2413 3487 2650 3554 σεαυτῷ
2675 3488 2826 3541 ἑπτὰ
2859 3487 3188 3558 ἑϐδομάδας
3225 3490 3324 3544 ἀπ’
3355 3489 3550 3560 ἀρχῆς
3578 3491 3721 3560 δρά-

2135 3598 2384 3650 γματος,
2429 3579 2534 3633 τοῦ
2563 3579 2784 3644 ,ϐαλεῖν
2838 3578 3135 3648 δρέπανον
3184 3581 3276 3634 ἐπ’
3326 3581 3564 3650 ἀμητῷ,
3613 3585 3718 3638 καὶ

2134 3670 2399 3738 ποιήσῃς
2425 3670 2680 3739 ἑϐδόμην
2712 3669 3005 3740 ἑϐδομάδα
3035 3670 3262 3739 ἡμέραν
3291 3671 3469 3740 ἁγίαν
3497 3676 3708 3741 Κυρίῳ.

2121 4009 2274 4078 quod
2311 4025 2340 4064 e
2383 4008 2675 4078 Scriptura
2709 4010 3070 4064 demonstrat.
3108 3999 3399 4065 Mox‘vero
3443 4011 3664 4078 subjicit
3691 4030 3708 4064 :

2126 4081 2221 4160 Εἰς
2245 4079 2301 4160 δὲ
2327 4079 2468 4132 ἑπτὰ
2493 4079 2720 4160 ημέραςῑ
2741 4078 2910 4160 πάλιν
2939 4078 3248 4160 ἀνακυκλού
3259 4097 3419 4148 μενον
3457 4081 3712 4160 δεύτερον

2127 4149 2370 4220 καλεξται
2415 4148 2649 4219 πρῶτον.
2684 4148 2757 4201 Ex
2798 4149 3019 4216 quibus,
3047 4157 3101 4201 ut
3131 4157 3186 4201 et
3225 4165 3292 4203 ex
3326 4148 3708 4220 sequentibus,

2127 4221 2220 4274 illa
2254 4218 2543 4289 Epiphauii
2586 4221 2859 4274 sententia
2900 4221 3176 4289 posterior
3206 4218 3460 4274 elicitur:
3507 4220 3714 4275 Satiba-

2131 4299 2246 4343 tum
2272 4290 2727 4360 deuteroproton,
2750 4290 3291 4360 esquentecasteu;
3318 4291 3373 4344 in
3400 4308 3509 4360 qua
3535 4291 3717 4344 δεύτε-

2167 4378 2225 4414 ον
2257 4359 2392 4414 illud
2427 4358 2727 4430 Sabbatum
2770 4357 2989 4430 πρῶτον
3019 4361 3342 4427 appelletur.
3379 4357 3492 4415 Cur
3525 4371 3706 4416 autem

2167 4378 2225 4414 ον
2257 4377 2392 4414 tuua
2428 4377 2727 4413 banuatum
2770 4377 2987 4430 πρωτον
3019 4377 3342 4427 appelletur.
3379 4377 3492 4415 bur
3525 4377 3706 4416 autem

2129 4377 2574 4500 geursporrpoitov
2614 4428 2845 4500 dicitur,
2879 4429 3014 4482 nihil
3061 4437 3307 4497 apertum
3345 4432 3710 4500 ac-liquidum

2127 4516 2192 4554 ex
2252 4499 2540 4569 Epiphanii
2581 4499 2770 4554 verbis
2812 4500 3087 4552 extricare
3141 4515 3408 4568 possum;
3459 4499 3560 4556 sed
3617 4503 3708 4555 illa

2130 4570 2432 4642 lllaldonati
2477 4569 2724 4642 opinioni
2779 4569 2906 4642 huic
2947 4570 3235 4642 aptissima
3281 4569 3537 4642 ridetur;
3577 4588 3711 4642 quo-

2126 4639 2272 4693 niam
2342 4637 2738 4709 ex'pr’imariis
2787 4640 2968 4692 tribus
3015 4637 3206 4709 festis,
3257 4639 3374 4694 sive
3450 4637 3709 4696 Satibatis

2125 4708 2499 4781 Azymorum',
2539 4708 2985 4781 Primitivorum,
3016 4717 3077 4781 et
3105 4708 3472 4779 ScenOpegiae,
3517 4715 3707 4781 proxi-

2125 4777 2273 4832 mum
2305 4793 2335 4831 a
2365 4780 2548 4848 priore
2574 4787 2629 4833 et
2661 4777 2914 4847 δεύτερον
2944 4779 3014 4832 sit
3048 4777 3401 4848 Peutecostés
3436 4777 3705 4844 solemne,

2125 4848 2249 4920 ideo
2270 4847 2718 4920 δευτερόπρωτον
2741 4849 3030 4919 appellari.
3066 4847 3190 4920 Haec
3226 4849 3391 4920 igitur
3421 4853 3594 4905 altera
3623 4860 3710 4906 est

2127 4917 2417 4988 Epiphanii
2440 4917 2727 4990 sententia
2747 4959 2760 4980 ,
2781 4917 2864 4972 ‘ac
2899 4920 3052 4972 vocis
3099 4917 3265 4973 illius
3295 4919 3706 4990 interpretatio.

2124 5002 2155 5041 a
2207 4990 2494 5058 superiore
2548 4989 2707 5056 longe
2754 4989 3010 5055 diversa;
3066 5001 3153 5054 et,
3209 4990 3255 5043 si
3299 4989 3489 5044 verum
3537 4990 3711 5046 fateri

2125 5059 2402 5117 volumus.
2436 5060 2617 5112 minus
2647 5074 2811 5128 quam
2846 5059 2937 5112 illa
2972 5059 3298 5129 probabilis.

2195 5129 2309 5199 (54)
2358 5129 2607 5199 Τοιαύτη
2648 5127 2788 5198 ἁγία
2833 5129 2940 5182 τοῦ
2969 5127 3414 5199 Προσαόὄάτου.
3464 5127 3711 5184 Prosab-

2877 5213 3042 5268 quam
3092 5197 3428 5264 Parasceve;
3472 5214 3585 5268 quo
3642 5201 3710 5252 ad

2126 5269 2474 5338 hunc-locum
2503 5269 2737 5338 pertinet
2763 5267 2920 5323 nihil.
2945 5267 3066 5322 Non
3097 5267 3609 5338 euim-Azymorum
3634 5286 3709 5322 ru

440 5350 620 5395 autem
658 5337 768 5395 hoc
797 5345 849 5395 in
891 5337 1122 5398 nurnero
1147 5343 1401 5403 traditur.
1437 5337 1730 5397 obscurior
1759 5347 1866 5401 est,
1902 5347 1956 5394 et
1983 5354 2020 5392 a
2119 5337 2556 5393 in‘Parasceven
2588 5339 2906 5409 necessario
2941 5341 3236 5404 convenit,
3269 5337 3432 5409 quam
3467 5340 3712 5395 subinde

417 5420 568 5480 'rera
616 5413 864 5466 vocabuli
913 5414 1059 5469 illius
1090 5414 1301 5480 origine
1337 5426 1402 5466 ac
1452 5414 1676 5467 notione
1724 5409 2016 5466 remotior.

448 5478 651 5552 lluplcx
715 5483 854 5549 apud
913 5482 1133 5538 JlldiPOS
1181 5478 1406 5537 Sabbati
1461 5498 1636 5552 genus
1696 5480 2015 5552 constituit.

443 5544 620 5620 linum
655 5544 953 5617 antiquius,
981 5562 1032 5605 et
1063 5554 1334 5614 naturale,
1367 5544 1514 5620 quod
1549 5554 1618 5606 ab
1648 5565 1837 5606 rerum
1862 5550 2020 5603 initio

445 5615 724 5694 conditum
752 5615 892 5694 ἐει-ς
938 5624 1171 5694 alterum
1210 5615 1544 5683 secundum,
1581 5635 1634 5676 et
1688 5620 2017 5694 posterioris

444 5685 674 5748 Ordinis,
703 5687 825 5752 quia
847 5687 1014 5743 Judaei
1048 5694 1181 5746 l'cs‘tu
1214 5695 1395 5746 omnia
1433 5685 2013 5747 Sabbata'vocabant;

2124 5410 2180 5462 in
2207 5423 2228 5461 ι
2263 5418 2352 5462 aut
2389 5423 2450 5470 ll,
2504 5418 2595 5462 aut
2640 5424 2696 5462 tu
2735 5408 2927 5464 feriam
2967 5409 3166 5464 cadere
3217 5408 3384 5470 posse
3432 5410 3709 5465 declarat.

2123 5482 2227 5551 ᾼιιι
2260 5478 2428 5548 igitur
2461 5479 2819 5551 expungenda
2854 5479 3106 5551 _ista_vox
3148 5478 3234 5534 est
3265 5500 3278 5535 :
3324 5486 3419 5534 aut
3455 5480 3686 5551 Προσὰΰ

2123 5549 2286 5620 ϐαι-ον
2325 5563 2423 5617 pro
2460 5563 2511 5601 γι
2564 5548 2918 5620 hebdomadae
2963 5549 3181 5614 diebus,
3218 5548 3524 5620 usurpavit;
3567 5565 3710 5618 quies

2121 5627 2234 5682 ἯΠ,
2261 5619 2364 5741 ho?
2393 5629 2475 5672 est
2514 5619 2768 5688 profanas
2804 5620 3108 5687 nominaut,
3135 5619 3367 5692 qumque
3399 5619 3708 5675 Sabhatum

2123 5697 2334 5741 ωηερε(
2358 5699 2469 5741 unt.

2123 5697 2469 5746 antecedunt.
