3958 6442
229 499 337 569 945

985 501 1356 561 ADVERSUS
1391 505 1736 564 HERESES
1773 505 1834 561 LI

1946 508 2199 567 mou.
2241 511 2282 567 ι.
2324 542 2393 551 --
2436 510 2859 588 niueam,

3401 508 3506 564 946

302 612 590 685 Σημαιίνων
622 614 749 685 περί
793 617 1195 691 Πεντηκοστῆς.
1230 621 1384 676 Μετὰ
1424 622 1533 695 γὰρ
1560 623 1635 677 τδι
1662 624 1825 679 θῦσαι

2002 627 2213 694 Quibus
2242 629 2428 686 verbis
2457 628 2824 686 Pentecosten
2874 628 3099 703 indicat.
3136 624 3348 681 Etenim
3386 634 3511 701 post

228 704 293 756 τὸ
322 703 540 774 Πάσχα,
574 703 707 759 εἵσω
739 705 904 777 τριῶν
930 710 1177 780 ἡμερῶν,
1217 712 1464 767 τουτέστι
1499 714 1820 785 μετὰτρεῖς

230 795 447 867 ἡμέρας
474 796 568 849 τοῦ
596 797 891 869 προϐάτου,
919 801 1253 872 προσέταττε
1293 803 1363 857 τὸ·
1393 804 1616 877 δράγμα
1642 806 1825 876 εἰσφέ-

234 887 445 956 ρεσθαι⁶
482 888 569 942 ἴνα
605 890 825 962 σημάνῃ
866 890 926 944 τὸ
954 892 1317 965 εὐλογημένον
1356 889 1589 967 δράγμαι
1617 897 1825 969 ἐγειρό-

235 996 398 1048 μενον
427 981 491 1032 ἐκ
517 980 625 1035 τῶν
658 982 871 1054 νεκρῶν
903 983 1040 1054 μετὰ
1085 984 1277 1057 τρίτην
1309 986 1543 1058 ἡμέραν,
1588 989 1687 1060 τῆς
1717 988 1824 1057 γῆς

230 1070 368 1125 αὐτὸ
406 1073 852 1146 προσφερούσης,
902 1078 997 1129 καὶ
1028 1075 1194 1130 αὑτοῦ
1241 1078 1375 1131 αὐτὸ
1413 1079 1574 1132 πάλιν
1605 1078 1827 1151 κομιζο-

234 1161 402 1232 μένου
431 1163 524 1216 ἀπε*
555 1164 725 1234 αὐτῆς
748 1167 807 1219 ὲν
836 1169 901 1237 τῇ
938 1167 1236 1222 ἀναστάσει
1267 1169 1358 1222 τοῦ
1393 1171 1697 1241 μνήματος,
1731 1170 1827 1225 xal

236 1252 490 1324 μένοντος
525 1256 622 1309 σὺν
659 1260 771 1320 τοῖς
821 1257 1088 1329 μαθηταῖς
1133 1260 1545 1331 τεσσαράκοντα
1590 1261 1824 1333 ἡμέρας,

237 1345 332 1398 καὶ
358 1345 451 1399 ἐπὶ
478 1346 554 1417 τῷ
580 1347 724 1401 τέλει
747 1348 850 1418 τῆς
879 1349 1261 1422 Πεντηκοστῆς
1310 1353 1654 1422 εἰσφέροντος
1696 1355 1829 1407 αὐτὸ

238 1435 320 1499 εἰς
341 1435 412 1488 τὰ
440 1437 738 1508 ἐπουράνια
762 1438 841 1510 τῷ
870 1440 1047 1510 Πατρὶ
1076 1441 1137 1494 τὸ
1162 1441 1505 1513 πρωτότοκον
1534 1443 1642 1496 τῶν
1673 1462 1827 1515 πρω-

231 1525 496 1593 τοτόκων,
529 1530 563 1598 ἡ
595 1529 819 1600 ἀπαρχὴ
850 1532 883 1601 ή
926 1530 1058 1599 άγία
1078 1572 1092 1597 ,
1121 1532 1183 1585 τὸ
1227 1532 1476 1604 δράγμα,
1509 1533 1538 1586 ὃ
1569 1534 1830 1606 ἐδράξατο

236 1617 347 1671 ἀπὸ
376 1619 597 1692 Μαρίας
620 1660 634 1681 ,
663 1620 698 1691 ή
729 1622 1133 1690 ἀγκαλισθεῖσα.
1162 1624 1219 1677 ὲν
1251 1623 1371 1695 Θεῷ
1390 1666 1407 1691 ,
1433 1626 1461 1678 ὁ
1488 1626 1699 1697 καρπὸς
1729 1628 1830 1697 τῆς

237 1709 471 1774 κοιλίας,
500 1713 534 1782 ἡ
567 1712 792 1784 ἀπαρχὴ
820 1714 923 1785 τῆς
964 1714 1098 1770 ἅλω.
1133 1715 1341 1770 Οὐκέτι
1369 1720 1478 1789 γὰρ
1514 1716 1656 1788 μετὰ
1689 1718 1830 1771 Hav-

238 1800 507 1872 τηκοστὴν
536 1800 598 1854 τὸ
623 1800 886 1873 δρέπανον
910 1804 1166 1875 ἀπαρχὴν
1188 1804 1309 1876 Θεῷ
1341 1806 1661 1877 προσφέρει.
1687 1808 1835 1862 Οὐκ-

234 1890 328 1946 έτι
350 1892 461 1960 γὰρ
488 1893 743 1962 Χριστὸς
767 1894 1162 1964 ἀποθνήσκει,
1192 1893 1451 1962 θάνατος
1476 1895 1667 1950 αὐτοῦ
1694 1896 1834 1950 οὐκ·

1926 719 2263 774 immolatum
2311 719 2558 790 Pascha,
2612 722 2756 777 intra
2809 721 3034 777 tertium
3107 719 3274 783 diem,
3325 714 3509 772 oli‘erri

1927 811 2268 881 manipulum
2315 810 2545 881 jubebat
2581 831 2594 867 :
2628 812 3007 885 utnbenedicti
3047 810 3194 866 illius
3244 806 3527 877 manipuli-

1925 902 2289 959 adumbraret
2318 904 2636 976 imaginem,
2663 905 2756 975 qui
2788 920 2819 957 a
2864 903 3099 958 mortuis
3125 887 3433 962 excitatus,
3457 906 3514 953 et
3559 909 3567 915 '

1926 1007 1955 1046 a
1982 999 2131 1048 terra
2161 994 2568 1063 quodammodo
2613 995 2703 1051 die
2754 995 2917 1050 tertia
2956 1004 3041 1050 est
3086 993 3326 1057 oblatus,
3366 988 3512 1045 unde

1925 1099 2049 1139 eum
2082 1084 2135 1138 in
2169 1085 2261 1139 illa
2289 1084 2358 1142 de
2386 1087 2647 1156 sepulcro
2689 1084 3097 1140 resurrectione
3143 1083 3510 1151 recuperavit.

1927 1174 2056 1230 Inde
2082 1191 2152 1229 χι.
2181 1175 2378 1231 diebus
2426 1191 2552 1230 cum
2591 1175 2877 1246 discipulis
2914 1180 3187 1237 moratus,
3231 1178 3515 1241 postremo,

1929 1267 2034 1322 sub
2063 1267 2225 1323 tinem
2280 1266 2657 1333 Pentecostes,
2698 1265 2951 1321 eumdem
2995 1263 3145 1318 Patri
3194 1259 3515 1316 caelestibus

1932 1358 1986 1412 in
2013 1359 2310 1414 domiciliis
2331 1359 2530 1414 obtulit
2551 1376 2564 1414 :
2583 1359 2677 1429 qui
2704 1366 2789 1415 est
2831 1356 3229 1428 primogenitus
3256 1368 3286 1408 e
3311 1352 3519 1421 primo-

1931 1450 2153 1520 genitis,
2207 1450 2469 1520 primitiae
2524 1459 2750 1514 sanctas,
2792 1448 3109 1518 manipulus
3153 1459 3184 1499 e
3225 1443 3395 1497 Maria
3430 1440 3522 1495 dc-

1931 1547 2137 1604 seclus;
2158 1539 2328 1596 fascis
2356 1540 2412 1594 in
2439 1538 2553 1595 Deo
2576 1538 3035 1608 comprehensus,
3055 1533 3268 1589 fructus
3289 1530 3517 1593 ventris,

1932 1643 2074 1685 areae
2107 1630 2381 1700 primitiae.
2414 1628 2604 1696 Neque
2626 1628 2772 1684 enim
2813 1634 2939 1699 post
2967 1625 3329 1681 Pentecosten
3358 1622 3524 1691 depu-

1933 1727 2058 1775 tatas
2084 1720 2223 1776 falce
2244 1722 2504 1792 primitiae
2531 1719 2837 1776 offeruntur
2858 1717 3116 1788 amplius.
3148 1715 3332 1782 Quare
3358 1726 3522 1782 neque

1933 1807 2177 1864 Christus
2195 1809 2315 1879 jam
2338 1811 2588 1874 moritur,
2607 1824 2751 1863 mors
2771 1807 2820 1862 ei
2840 1807 2987 1860 ultra
3008 1822 3113 1859 non
3134 1802 3519 1885 dominabitur,

1935 1908 1996 1955 ut
2031 1900 2295 1969 scriptum
2326 1900 2471 1955 est';
2496 1898 2690 1955 Iamne
2719 1897 2874 1953 vides
2908 1905 3043 1967 quot
3064 1897 3121 1951 in
3148 1898 3267 1966 lege
3314 1899 3521 1964 myste-

236 1980 329 2040 ἐτι
360 1983 642 2049 κυριεύει,
673 1982 816 2041 κατὰ
843 1985 907 2038 τὸ
939 1984 1346 2055 γεγραμμένον.
1382 1985 1493 2039 Kal
1527 1985 1663 2057 δρᾷς
1688 1985 1832 2040 πόσα

1939 1992 2014 2046 ria
2046 1988 2354 2063 significata
2388 1990 2523 2056 sint,
2557 1992 2611 2045 in
2650 1988 2948 2060 Evangelio
2989 1985 3277 2057 perfecta?
3305 1982 3524 2048 Quanta

236 2071 377 2126 Θεοῦ
431 2076 707 2147 μυστήρια
751 2075 1064 2146 προετύπου
1112 2077 1310 2148 νόμος,
1355 2078 1451 2131 καὶ
1497 2077 1739 2150 ἐπλήρου
1773 2078 1835 2132 τὸ

236 2163 608 2233 Εὑαγγὲλιονς
645 2165 820 2221 Πόθεν
846 2167 903 2226 δὲ
933 2167 1031 2222 οὐκ
1070 2167 1266 2238 ἔχομεν
1300 2166 1507 2221 τούτων
1530 2166 1702 2235 δεῖξαι
1734 2169 1833 2239 τὴν

238 2256 539 2327 σαφήνειαν
561 2274 576 2317 ;
595 2257 694 2315 Διὰ
719 2257 783 2315 τὸ
813 2258 888 2329 μὴ
915 2260 997 2322 εἰς
1027 2258 1224 2321 πλάτος
1252 2257 1363 2330 (55)
1401 2258 1588 2330 φέρειν
1612 2259 1704 2313 τὸν
1736 2259 1830 2313 λόο-

235 2364 361 2416 γον,
394 2351 411 2381 ί
434 2348 516 2403 διὸ
548 2348 655 2403 ἐπὶ
689 2349 788 2421 τὴν
837 2350 1160 2405 ἀκολουθίαν
1204 2349 1367 2404 πάλιν
1416 2351 1828 2422 ὲπιστρεπτέον.

236 2437 494 2491 Φαίνεται
523 2437 581 2491 δὲ
608 2440 718 2492 ἀπό
760 2457 822 2493 τε
863 2439 970 2494 τῶν
1020 2439 1268 2511 σταχύων
1305 2440 1397 2493 καὶ
1429 2440 1537 2493 ἀπὸ
1566 2439 1660 2493 τοῦ
1690 2441 1835 2511 ἀμη-

238 2531 361 2598 τοῦ,
404 2534 499 2588 καὶ
534 2534 644 2589 τῶν
677 2535 956 2608 μαθητῶν,
997 2537 1074 2600 ὡς
1115 2535 1251 2607 μετὰ
1279 2535 1387 2589 τῶν
1425 2536 1835 2608 τεσσαράκοντα

236 2625 467 2696 ἡμερῶν
499 2627 806 2699 πειρασμὸν
840 2627 1015 2682 ταῦτα
1046 2628 1227 2682 πάντα
1266 2627 1536 2699 διηγεῖται
1576 2630 1605 2682 ὁ
1646 2629 1834 2684 Ἰωάν-

234 2732 361 2786 νης,
394 2716 489 2768 καὶ
516 2717 753 2780 Λουκᾶς,
784 2717 879 2770 καὶ
911 2719 959 2771 οἱ
982 2717 1206 2782 πάντες.

313 2806 437 2860 AB'.
474 2807 588 2860 Οὐκ
610 2806 886 2865 αἰδοῦνται
920 2806 979 2861 δὲ
1010 2807 1173 2862 πάλιν
1214 2808 1265 2868 oi
1292 2806 1525 2863 τοιοῦτοι
1558 2808 1701 2863 κατὰ
1729 2808 1838 2863 τῶν

237 2897 352 2958 ὑπὸ
396 2897 491 2950 τοῦ
544 2898 701 2966 ἁγίου
757 2898 1006 2952 Ἰωάννου
1050 2898 1358 2969 εἰρημένων
1403 2897 1833 2968 ἐξοπλιζόμενοι,

237 2988 556 3061 νομίζοντες
602 2991 675 3061 μή
712 3006 789 3062 πη
822 2990 930 3061 ἄρα
968 2989 1223 3044 δύνανται
1269 2989 1369 3062 τὴν
1408 2989 1665 3061 ἀλήθειαν
1710 2990 1840 3043 ἀνα-

236 3080 465 3151 τρέπειν
487 3098 500 3112 ·
529 3081 629 3134 ούκ
655 3080 895 3146 ειδότες,
935 3080 1018 3134 ὅτι
1058 3080 1178 3134 καθ’
1208 3080 1420 3134 ἑαυτῶν
1454 3080 1653 3151 μᾶλλον
1685 3080 1841 3134 ὁπλί-

238 3169 450 3238 ζονται,
483 3173 629 3245 ἥπερ
654 3174 802 3227 κατὰ
826 3173 929 3243 τῆς
949 3170 1137 3242 ὑγιοῦς
1160 3171 1531 3235 διδασκαλίας.
1567 3172 1839 3226 Φάσκουσι

238 3262 301 3319 δὲ
337 3262 477 3316 κατὰ
504 3264 604 3334 τῆς
646 3263 1069 3334 ’Δποκαλύψεως
1093 3262 1222 3316 τάδε
1247 3262 1619 3334 χλευάζοντες·
1647 3264 1712 3318 Τί
1747 3281 1837 3335 με,

239 3355 431 3426 φησὶν,
459 3355 717 3427 ὠφελεῖὴ
759 3353 1130 3425 Ἀποκάλυψις
1170 3356 1439 3420 Ἰωάννου,
1467 3356 1705 3426 λέγουσά
1746 3374 1837 3428 μοι

237 3446 380 3513 περὶ
420 3447 573 3501 ἑπτὰ
611 3447 907 3516 ἀγγέλαηρ,
951 3446 1053 3501 καὶ·
1095 3447 1248 3502 ἑπτὰ
1299 3450 1686 3518 σαλπίγγων;
1739 3449 1840 3503 οὐκ

238 3537 461 3601 εἰδότες,
491 3538 611 3602 πῶς
634 3538 911 3607 ἀναγκαία
940 3540 1034 3592 καὶ
1065 3538 1321 3609 ὠφέλιμα
1348 3539 1574 3594 τοιαῦτα
1598 3541 1840 3613 ὑπῆρξεν

239 3632 298 3691 ἐν
330 3633 396 3702 τῇ
435 3630 688 3703 ὀρθότητι
718 3630 815 3684 τοῦ
863 3630 1238 3702 κηρύγματος.
1268 3631 1410 3685 Ὅσα
1438 3631 1547 3703 γάρ
1578 3627 1647 3703 ἦν
1687 3633 1841 3704 νόμῳ

240 3724 341 3785 καὶ
366 3724 424 3775 ἐν
449 3723 758 3794 προφήταις
784 3721 1056 3804 ρσκοτεινὰ
1099 3723 1195 3777 καὶ
1237 3723 1636 3794 αἰνιγματώδη,
1666 3723 1839 3778 ταῦτα

237 3813 271 3866 ὀ
302 3812 509 3885 Κύριος
554 3813 873 3884 ᾠκονόμησε
918 3813 1008 3867 διὰ
1054 3813 1150 3867 τοῦ
1196 3813 1352 3883 ἁγίου
1394 3813 1719 3887 Πνεύματος
1758 3814 1840 3891 εἰς

237 3908 275 3976 ἠ
284 3905 404 3977 μῶν
427 3905 702 3978 σωτηρίαν
724 3904 804 3976 τῷ
823 3904 995 3976 δούλῳ
1018 3905 1186 3959 αὐτοῦ
1222 3906 1442 3979 Ἰωάννῃ
1466 3906 1840 3977 ἀποκαλύψαια

238 3997 312 4051 τὰ
342 4000 520 4051 ἐκεῖσε
552 3997 803 4052 σκοτεινὰ
833 3990 935 4052 ὦδε
983 4000 1065 4063 είς
1109 3999 1456 4069 πνευματικὰ
1499 3999 1595 4053 καὶ
1634 3997 1842 4068 ἔκδηλα

240 4088 556 4160 κηρύττων.
584 4078 999 4160 ’Πνευματικῶςι
1018 4088 1077 4142 δὲ
1117 4090 1250 4161 ἡμῖν
1277 4088 1347 4143 τὰ
1375 4088 1518 4144 αὐτὰ
1546 4089 1836 4161 ᾠκονόμει.

239 4181 359 4235 Kal
386 4184 450 4236 ὲκ
481 4182 769 4254 δερμάτων
799 4183 904 4255 μὲν.
941 4182 1062 4237 τότε
1090 4180 1492 4246 κατασκευάζει
1535 4180 1655 4250 τὴν
1695 4198 1842 4250 σκηο

237 4272 386 4341 κήν,
414 4270 533 4327 τῶν
560 4272 870 4343 δερμάτων
890 4273 1492 4344 ήρυθροδανωμένων,
1518 4273 1617 4328 καὶ
1640 4276 1843 4328 ὑακιν-

239 4366 449 4429 θίνων,
466 4364 651 4421 καὶτὰ
680 4364 830 4436 ἑξῆς,
849 4365 938 4419 ἵνα
962 4365 1109 4439 δείξῃ
1139 4365 1238 4437 τὴν
1270 4364 1474 4436 σκηνὴν
1497 4366 1678 4419 ἐκεῖσε
1711 4381 1839 4437 σκηφ

238 4455 347 4526 νὴν
397 4454 497 4525 μὲν
541 4450 708 4508 οὖσαν
729 4495 744 4521 ,
780 4456 1189 4529 ἀποδεχομένην
1242 4456 1304 4511 δὲ
1347 4454 1446 4527 τὴν
1493 4456 1840 4530 τελειοτάτην

241 4543 454 4616 σκηνὴν
478 4543 572 4598 τοῦ
606 4544 868 4617 Χριστοῦ.
909 4546 1099 4619 Δέρμα
1136 4547 1246 4619 γὰρ
1275 4546 1386 4601 ἀπὸ
1416 4545 1667 4617 σώματος
1704 4547 1842 4616 γίνε-

1936 2096 2105 2154 porro
2137 2081 2205 2136 ad
2248 2096 2367 2137 eam
2417 2096 2532 2136 rem
2588 2079 2880 2152 perspicue
2935 2075 3324 2133 declarandam
3368 2087 3555 2141 argu-u

1936 2180 2247 2228 mentorum
2268 2172 2430 2242 copia
2454 2170 2734 2242 suppetit?
2765 2169 2874 2225 Sed
2915 2184 2984 2224 ne
3014 2167 3235 2237 longius
3264 2170 3524 2220 excurrat

1900 2329 1905 2334 ,
1935 2266 2135 2330 oratio,
2172 2265 2240 2318 ad
2269 2264 2322 2320 id
2359 2264 2507 2335 quod
2547 2263 2706 2319 initio
2737 2261 3081 2335 propositum
3127 2266 3245 2314 erat
3289 2256 3526 2312 redeun-

1937 2356 2069 2411 dum
2119 2356 2279 2411 nobis
2323 2364 2430 2413 est.
2476 2355 2648 2426 igitur
2690 2362 2957 2426 quantum
2989 2368 3056 2407 ex
3094 2350 3264 2422 spicis
3300 2348 3433 2429 illis,
3472 2352 3526 2401 et

1937 2465 2141 2518 messe,
2177 2464 2243 2504 ac
2295 2448 2585 2519 discipulis
2626 2448 2908 2518 conjicere
2942 2459 3263 2517 possumus,
3302 2445 3527 2511 apparet

1939 2542 2088 2596 illam
2115 2540 2369 2609 Joannis,
2400 2540 2563 2597 Luca:
2595 2548 3031 2609 cazterorumque
3052 2534 3423 2592 narrationem
3458 2530 3525 2585 ad

1939 2629 1993 2684 id
2034 2635 2277 2700 tempus,
2318 2629 2466 2701 quod
2507 2629 2721 2685 dierum
2754 2645 2823 2683 ιι.
2871 2627 3228 2684 tentationem
3274 2632 3525 2680 secutum

1937 2729 2043 2786 est,
2078 2736 2202 2778 esse
2232 2721 2617 2795 referendam.

2007 2808 2174 2882 454
2206 2808 2423 2869 XXXII.
2464 2797 2681 2866 Atenim
2741 2809 2906 2865 iidem
2955 2808 3034 2863 illi
3081 2807 3222 2863 citra
3259 2804 3527 2877 pudorem

1939 2899 2109 2955 ullum
2127 2915 2251 2955 sese
2266 2900 2530 2956 adversus
2547 2899 2778 2956 Joannis
2801 2899 3185 2955 auctoritatem
3209 2896 3527 2966 accingunt,

1939 2997 1993 3045 et
2021 2990 2077 3045 id
2109 3006 2279 3045 unum
2307 2992 2574 3063 cogitant,
2613 3002 2674 3046 ut
2707 2992 2890 3060 aliqua
2925 3007 2991 3047 ex
3016 2998 3191 3060 parte,
3216 2989 3261 3043 si
3287 2988 3524 3058 possint,

1939 3081 2227 3159 veritatem
2286 3092 2571 3148 evertant;
2638 3097 2742 3137 nec
2807 3081 3141 3159 intelligunt
3186 3086 3380 3159 contra
3443 3093 3531 3132 se«

1939 3155 2207 3244 metipsos
2232 3173 2417 3244 potius
2467 3189 2633 3245 quam
2664 3180 2857 3229 contra
2891 3154 3162 3227 sinceram
3192 3154 3525 3233 doctrinam,

1938 3281 2060 3321 eam
2119 3282 2178 3322 se
2237 3268 2703 3337 oppugnationem
2756 3266 3062 3339 suscipere.
3115 3263 3322 3317 Contra
3382 3262 3531 3331 Apo-

1939 3358 2186 3429 calypsin
2231 3342 2435 3426 itaque.
2465 3373 2530 3413 ea
2576 3358 2790 3427 jactare
2821 3372 2922 3428 per
2966 3356 3264 3411 ludibrium
3300 3354 3479 3410 solent
3509 3368 3528 3410 :

1939 3449 2085 3516 Quid
2116 3465 2223 3513 me,
2253 3450 2529 3520 inquiunt,
2560 3449 2788 3507 Joannis
2811 3449 3169 3522 Apocalypsis
3196 3447 3371 3518 juvat,
3401 3460 3526 3502 cum

1940 3543 2076 3597 mihi
2099 3552 2293 3610 septem
2317 3544 2528 3615 angelos
2558 3543 3042 3615 totidemquetubas
3059 3547 3455 3597 commemorat
3476 3539 3533 3592 '?

1941 3636 2050 3693 Sed
2090 3650 2254 3707 quam
2299 3636 2416 3691 haec
2462 3636 2779 3707 necessaria
2837 3636 2969 3699 sint,
3025 3642 3406 3705 quantumque
3457 3632 3530 3686 ad

1939 3729 2245 3784 Christiani
2276 3729 2554 3801 dogmatis
2582 3730 2957 3785 sinceritatem
3003 3727 3309 3789 conferant,
3341 3724 3529 3780 miseri

1939 3817 2195 3875 homines
2224 3818 2497 3888 ignorant.
2532 3818 2667 3893 Nam
2698 3835 3041 3890 quaecunque
3069 3819 3125 3873 in
3153 3818 3271 3888 lege
3300 3830 3364 3870 ac
3400 3831 3532 3887 pro-

1940 3909 2122 3977 phetis
2167 3918 2327 3965 erant
2381 3910 2643 3976 obscura,
2687 3906 2772 3963 vel
2824 3912 3176 3980 aenigmatum
3229 3907 3532 3986 involucris

1941 3998 2200 4064 obducta,
2254 4001 2370 4055 haec
2433 4001 2501 4053 ad
2561 4015 2914 4055 communem
2970 4006 3220 4053 nostrum
3283 3998 3532 4052 omnium

1942 4090 2176 4146 salutem
2211 4089 2356 4146 Deus
2385 4106 2546 4146 servo
2575 4106 2674 4146 suo
2711 4089 2956 4145 Joanni‘
3000 4090 3263 4159 singulari
3293 4091 3529 4159 quadam

1941 4180 2293 4251 providentia
2322 4181 2577 4252 detegere
2617 4181 2811 4243 voluit,
2854 4186 2915 4233 ut
2946 4194 3068 4250 qua:
3095 4178 3387 4234 tenebrosa
3413 4176 3531 4231 illic

1941 4278 2101 4326 erant
2162 4277 2217 4324 et
2274 4269 2483 4333 abdita,
2536 4268 2629 4323 hic
2680 4268 2988 4338 Spiritalem
3026 4282 3091 4322 ac
3138 4266 3431 4322 clariorem
3471 4266 3530 4321 in

1941 4360 2167 4415 modum
2208 4360 2551 4416 conformata
2596 4366 2953 4431 pr0ponerct.
3004 4358 3285 4430 Siquidem
3315 4366 3531 4414 veteres

1944 4452 2051 4508 illa:
2102 4467 2296 4508 omnes
2342 4452 2612 4524 imagines
2669 4458 2896 4523 propter
2955 4467 3058 4507 nos
3103 4452 3337 4522 spiritali
3369 4452 3532 4521 plane

1943 4552 2074 4621 sunt
2116 4545 2333 4600 ratione
2390 4544 2692 4615 disposita).
2736 4542 2916 4611 Velut,
2939 4544 3083 4614 quod
3129 4542 3532 4598 tabernaculum

235 4654 336 4692 ται
378 4636 571 4709 νεκρὸν
611 4635 694 4701 ὃν,
738 4636 815 4702 ὡς
861 4637 990 4692 σκιὰ
1026 4637 1275 4710 σώματος
1307 4635 1534 4705 ζῶντος,
1570 4638 1657 4692 ἵνα
1690 4639 1834 4711 δείξῃ

1941 4653 2008 4691 ea:
2036 4637 2324 4692 rubricatis
2355 4646 2405 4691 et
2430 4637 2792 4709 hyacintltiuis
2825 4636 3052 4706 pellibus
3089 4642 3531 4707 coagmentatum

240 4727 479 4800 σώματα
506 4724 646 4783 εἶναι
687 4728 786 4800 τὴν
824 4730 1030 4803 σκηνὴν
1056 4729 1150 4786 τοῦ
1194 4730 1350 4785 Θεοῦ.
1388 4731 1607 4803 Ἐπειδὴ
1640 4732 1747 4804 γάρ
1779 4734 1834 4786 ὲν

1944 4729 2177 4801 legimus
2207 4730 2251 4796 ⁸,
2275 4744 2343 4784 ac
2368 4729 2415 4786 si
2449 4744 2558 4800 qua
2588 4737 2719 4785 sunt
2748 4728 2879 4800 ejus
2906 4729 3125 4800 generis
3153 4729 3281 4794 alia,
3313 4744 3379 4784 eo
3408 4743 3534 4798 per-

240 4822 497 4893 σιῦμασιν
531 4820 706 4891 ἁγίοις
733 4827 1068 4896 κατασκηνοῖ
1092 4825 1122 4877 ὁ
1145 4823 1300 4890 Θεὸς,
1329 4825 1709 4897 πληρουμένου
1741 4824 1837 4878 τοῦ

238 4913 441 4986 ῥητοῦ,
486 4914 568 4981 ὅτι
609 4912 1070 4981 Κατασκηνώσω
1107 4915 1180 4970 ἐν
1206 4916 1435 4983 αὐτοῖς,
1470 4914 1569 4970 καὶ
1601 4915 1838 4985 ἐμπερι-

235 5005 517 5072 ποιήσω.

1946 4822 2144 4885 tinent,
2194 4828 2256 4874 ut
2308 4821 2365 4876 in
2418 4821 2585 4891 hujus
2625 4820 3040 4878 tabernaculum
3085 4829 3375 4878 venturum
3407 4834 3532 4876 esse

1946 4922 2299 4968 monstraret.
2342 4911 2512 4968 Pellis
2547 4913 2752 4984 quippe
2779 4915 3015 4970 mortuis
3060 4914 3389 4985 corporibus
3444 4912 3532 4966 de-

1947 5004 2208 5071 trahitur,
2247 5019 2313 5060 ac
2366 5005 2449 5059 sic
2499 5012 2762 5075 tanquam
2819 5007 3067 5061 vivorum
3117 5005 3312 5060 umbra
3343 5018 3531 5060 comes

236 5105 355 5169 est.
386 5095 446 5152 In
477 5112 588 5169 quo
628 5111 861 5168 corpora
919 5105 1108 5154 nostra
1159 5098 1256 5155 Dei
1298 5114 1424 5161 esse
1491 5099 1910 5156 tabernaculum
1948 5096 2213 5152 declarat.
2268 5096 2406 5151 Cum
2449 5096 2708 5151 nimirum
2751 5097 2807 5151 in
2848 5104 3165 5153 sanctorum
3201 5095 3531 5166 corporibus

236 5190 461 5257 habitet
508 5189 675 5253 Deus,
721 5204 787 5246 ac
831 5190 1046 5246 dictum
1086 5192 1221 5249 illud
1269 5192 1452 5263 reipsa
1504 5199 1839 5264 praestetur:
1876 5190 2147 5247 Habitaba
2180 5191 2234 5244 iu
2266 5190 2400 5252 illis,
2434 5200 2484 5245 et
2523 5189 2870 5244 inambulabo
2902 5190 2944 5244 ⁸.

320 5285 587 5357 Ἐμελλεν
619 5280 713 5340 οῦν
747 5286 922 5358 πλάνη
948 5305 1032 5352 τις
1065 5288 1311 5356 γίνεσθαι
1337 5290 1396 5342 ὲν
1428 5292 1660 5354 πιστοῖς,
1691 5290 1738 5343 εἰ
1765 5289 1839 5363 μὴ

2019 5288 2218 5344 Verum
2271 5287 2419 5362 haud
2478 5286 2644 5343 dubie
2691 5286 2934 5343 ﬁdelium
2986 5287 3263 5343 mentibus
3305 5284 3528 5358 quidam

235 5381 277 5449 ὴ
320 5377 501 5451 βίϐλος
534 5377 924 5449 πνευματικῶς
947 5381 1080 5452 ἡμῖν
1108 5380 1505 5453 ἀπεκαλύφθη,
1539 5382 1628 5435 ἴνα
1664 5381 1834 5452 μάθω-

1942 5380 2286 5453 obrepsisset
2314 5394 2491 5445 error,
2526 5377 2634 5435 nisi
2667 5380 2935 5451 spiritalis
2969 5380 3130 5437 nobis
3158 5395 3358 5436 sensus
3384 5386 3534 5437 esset

244 5486 355 5539 μεν
395 5469 469 5540 μὴ
514 5468 831 5539 σαλπίγγων
877 5465 1017 5525 εἶναι
1063 5472 1285 5543 χρείαν,
1319 5471 1457 5527 ἀλλὰ
1495 5471 1719 5538 εἰδέναι,
1756 5473 1834 5525 δτι

1943 5471 2094 5527 illius
2141 5471 2281 5539 libri
2318 5470 2755 5545 patefactuszut
2798 5471 2927 5527 inde
2977 5472 3343 5537 disceremus,
3393 5472 3531 5529 nihil

239 5560 595 5631 πνευματική
622 5561 772 5613 ἐστιν
797 5562 830 5631 ἡ
858 5561 1006 5615 πᾶσα
1032 5560 1127 5614 τοῦ
1166 5560 1302 5615 Θεοῦ
1338 5561 1714 5635 πραγματεία·
1749 5561 1834 5615 ἵνα

1941 5563 2092 5619 tubis
2119 5563 2243 5620 istis
2268 5579 2408 5636 opus
2427 5565 2685 5631 esse,sed
2712 5564 2978 5637 quidquid
2999 5565 3090 5622 hic
3110 5566 3333 5622 molitur
3364 5566 3531 5631 Deus.
3620 5594 3634 5611 -

325 5719 540 5794 ‘_Deest
566 5721 794 5794 aliquid.
875 5724 894 5754 ’
928 5720 1083 5777 Rom.
1117 5739 1189 5789 vt,
1228 5722 1281 5777 9.
1358 5722 1378 5752 '
1405 5721 1575 5792 Apoc.
1609 5738 1726 5787 vm,
1766 5722 1821 5777 2.
1901 5723 1921 5753 ⁸
1951 5724 2120 5794 Apoc.
2153 5739 2193 5786 ι,
2231 5724 2276 5778 l.
2357 5725 2377 5757 ⁸
2413 5723 2584 5780 Exod.
2624 5740 2753 5792 xxv,
2783 5725 2834 5778 5.
2987 5726 3008 5757 ⁸
3039 5727 3213 5781 Levit.
3239 5690 3389 5784 xxvi.
3432 5725 3526 5790 ης

240 5788 293 5864 Β
330 5789 458 5847 Cor.
490 5808 565 5857 vr,
603 5788 687 5846 16⁷.

319 5948 435 6019 (55)
477 5950 578 6003 Διά
629 5948 687 6003 τὸ
730 5948 815 6020 μὴ
864 5952 950 6016 εἰς
984 5948 1233 6019 πλάτος.
1288 5948 1517 6007 Scribe:
1559 5949 1658 6006 Διὰ
1689 5949 1744 6005 δὲ
1787 5947 1846 6003 τὸ
1879 5948 1953 6022 μὴ
1983 5951 2062 6013 εἰς
2099 5948 2298 6013 πλάτος
2334 5947 2521 6019 φέρειν
2553 5950 2641 6002 τὸν
2674 5947 2847 6017 λόγον,
2876 5947 2965 6002 ἐπὶ
2991 5946 3086 6020 τὴν
3117 5944 3457 6001 attain-ablati.
3498 6004 3524 6015 ,ι
