3958 6418
187 402 295 465 933

912 407 1287 467 ADVERSUS
1326 409 1673 466 HERESES
1703 408 1831 463 LIB.
1869 404 1933 462 ιι.
1963 405 2128 463 TOM.
2172 403 2302 459 1.-
2342 402 2619 459 HzERES.
2664 400 2770 457 LII.

3340 402 3453 458 956

188 528 257 582 δι’
278 527 454 582 αὐτῶν
477 526 721 582 ἐκδικίαν
742 529 993 598 γενέσθαι
1024 530 1133 585 τῶν
1159 530 1326 586 αὑτοῦ
1358 530 1549 601 ἁγίων.
1588 531 1776 602 Ἐκρα-

1889 544 2016 601 quos
2042 527 2284 583 nondum
2306 525 2404 582 Dei
2428 524 2642 597 justitia
2668 520 2933 589 solvebat,
2952 525 3011 575 ut
3034 526 3244 576 caetera:
3258 528 3449 590 gente:

188 618 381 673 τοῦντο
411 619 519 689 γὰρ
544 621 592 673 οί
626 621 1045 693 ἐπιτεταγμένοι
1079 623 1301 692 ἄγγελοι
1341 621 1446 677 ὑπὸ
1478 622 1572 678 τοῦ
1605 620 1774 675 Πνεύ-

195 725 383 781 ματος,
421 710 494 781 μὴ
525 710 736 781 ἔχοντες
768 713 958 784 καιρὸν
1009 713 1329 785 ἐπιδρομῆς,
1361 713 1448 766 διὰ
1497 712 1559 765 τὸ
1609 712 1774 783 μήπω

190 803 339 856 λύειν
373 804 555 865 αὑτοῖς
592 803 691 873 τὴν
726 802 902 874 δίκην,
933 801 1025 856 τοῦ
1062 803 1131 857 τὰ
1178 803 1339 857 λοιπὰ
1376 803 1505 873 ἔθνη
1546 801 1767 855 λύεσθαι

189 895 378 950 ἕνεκεν
405 893 503 963 τῆς
537 893 674 965 πρὸς
705 896 830 957 τοὺς
873 894 1057 963 ἁγίους
1089 894 1319 967 ὕϐρεως.
1368 893 1599 949 Λύονται
1635 893 1692 946 δὲ
1724 894 1774 946 οί

186 983 440 1049 τοιοῦτοι,
477 985 569 1037 καὶ
603 984 922 1056 ἐπέρχονται
954 989 1018 1057 τῇ
1052 989 1144 1058 γῇ,
1176 986 1252 1047 ὼς
1292 987 1540 1057 Ἰωάννης
1573 1001 1777 1056 προφη-

186 1075 338 1129 τεύει
374 1089 468 1130 και
512 1077 557 1130 3i
596 1077 744 1131 ἄλλοι
778 1079 1071 1151 προφῆται.
1104 1081 1212 1133 Καὶ
1240 1080 1346 1149 γὰρ
1386 1079 1691 1145 κινούμενοι
1727 1080 1776 1132 οἱ

189 1167 414 1234 ἄγγελοι
444 1166 645 1220 κινοῦσι
671 1168 739 1222 τὰ
767 1169 896 1239 ἒθνη
925 1172 1003 1234 είς
1030 1170 1203 1243 ὁρμὴν
1225 1172 1482 1237 ἐκδικίας.
1515 1174 1634 1227 ’Ὁτι
1671 1175 1687 1205 ¹
1718 1174 1777 1228 δὲ

190 1257 451 1328 πυρίνους
477 1258 567 1315 καὶ
596 1256 851 1327 θειώδεις,
884 1260 977 1313 καὶ
1013 1262 1354 1325 ὑακινθίνους
1387 1262 1642 1332 θώρακας
1676 1281 1776 1335 ση-

191 1348 398 1416 μαίνει,
424 1348 596 1411 οὐδεὶς
628 1350 977 1421 ἀμφιϐάλλει.
1028 1353 1239 1407 Ἐκεῖνα
1271 1353 1380 1426 γὰρ
1416 1354 1484 1408 τὰ
1507 1355 1634 1426 ἔθνη
1670 1356 1777 1410 ἀπὸ

186 1439 289 1509 τῆς
315 1441 570 1511 τοιαύτης
604 1443 771 1512 χρόας
815 1443 927 1514 ἔχει
972 1445 1071 1514 τὴν
1100 1446 1384 1516 ἀμφίασιν.
1430 1447 1508 1502 Τὰ
1547 1449 1645 1520 μὲν
1670 1447 1777 1522 γὰρ

188 1529 388 1601 θειώδη
416 1532 606 1602 ἱμάτια
634 1533 769 1605 χρόα
805 1535 887 1598 τίς
921 1537 1038 1591 ἐστι
1071 1536 1270 1607 μηλίνη
1303 1536 1443 1591 οὑτω
1470 1539 1776 1611 καλουμένη

188 1622 356 1693 ἐρέω
391 1624 457 1677 τὰ
489 1624 544 1677 δὲ
574 1624 792 1697 πύρινα,
819 1627 905 1680 ἵνα
937 1627 1064 1699 εἴπῃ
1098 1628 1165 1682 τὰ
1199 1630 1448 1701 κοκκηρὰ
1484 1631 1776 1702 ἐνδύματα,

188 1716 286 1771 καὶ
318 1718 617 1781 ὑακίνθινα,
647 1719 733 1773 ἵνα
759 1719 905 1791 δείξῃ
935 1720 1031 1792 τὴν
1062 1721 1366 1792 Καλλαίνην
1401 1724 1583 1794 ἐρέαν.

259 1809 385 1862 ΛΕ’.
426 1809 585 1862 Ἀλλὰ
643 1805 821 1876 οὗτοι,
866 1810 943 1882 μὴ
991 1812 1270 1885 δεξάμενοι
1321 1815 1547 1884 Πνεῦμα
1599 1800 1772 1883 ἅγιον,

1876 621 1943 676 ad
1970 619 2404 691 persequendam
2449 625 2765 672 sanctorum
2790 613 3049 685 injuriam
3080 611 3449 669 solverentur.

1876 708 2044 765 Iidem
2102 716 2285 764 tamen
2342 707 2507 763 soluti
2557 704 2793 775 denique
2854 711 3054 758 terram
3111 701 3336 766 obeunt,
3388 709 3452 755 ut

1875 798 2115 856 Joannes
2152 814 2216 853 ac
2244 798 2523 870 prophetae
2552 795 2736 851 caeteri
2771 794 3054 851 vaticinati
3089 801 3238 849 sunt.
3261 789 3453 863 Angeli

1875 892 2020 947 enim
2062 892 2192 947 dum
2220 896 2663 955 commoventur,
2691 895 2880 958 gentes
2904 887 3051 956 ipsas
3081 886 3146 939 ad
3176 884 3450 940 ulciscen—

1877 984 2007 1038 dum
2063 989 2429 1039 commovent.
2468 979 2587 1044 Jam
2634 994 2735 1035 cur
2763 979 2963 1036 loricas
3016 978 3127 1033 illis
3157 977 3369 1048 igneas,
3398 982 3455 1031 et

1879 1074 2229 1146 sulphureas,
2257 1083 2312 1130 et
2334 1074 2716 1146 hyacinthinas
2740 1073 2966 1138 tribuat,
2992 1071 3195 1126 ncmini
3226 1070 3450 1124 dubium

1877 1179 1984 1233 est,
2017 1175 2305 1239 propterea
2333 1168 2479 1237 quod
2502 1166 2636 1220 iisce
2658 1165 2939 1219 coloribus
2962 1165 3205 1234 gentium
3234 1161 3452 1216 illarum

1877 1268 2057 1314 vestes
2074 1258 2293 1313 infecta:
2313 1265 2442 1313 sunt
2460 1275 2475 1325 ;
2491 1272 2616 1311 nam
2631 1256 2776 1326 quod
2798 1254 2864 1310 ad
2889 1254 3213 1324 sulphureas
3238 1251 3453 1316 attinet,

1881 1353 2117 1408 melinus
2146 1353 2255 1427 iste
2298 1352 2451 1407 color
2480 1359 2587 1416 est,
2617 1364 2647 1402 a
2666 1365 2774 1419 quo
2804 1356 2857 1403 et
2885 1348 3021 1403 lanae
3063 1344 3309 1414 quaedam
3360 1358 3457 1413 ap-

1879 1445 2175 1515 pellantur.
2219 1441 2395 1514 Ignea:
2436 1456 2606 1512 porro
2632 1449 2816 1496 vestes
2866 1439 3157 1494 coccineae
3186 1435 3454 1494 indicant,

1880 1529 2336 1609 quemadmodum
2385 1532 2868 1605 byacinthinarum
2904 1529 3173 1585 vocabulo
3206 1526 3457 1583 Callaica

1880 1629 2039 1697 lanae,
2070 1628 2175 1684 hoc
2205 1635 2292 1683 est
2320 1624 2669 1697 ferruginea},
2700 1621 3098 1694 signiﬁcantur.

1950 1826 2168 1882 XXXV.
2206 1827 2277 1881 At
2305 1825 2382 1880 illi
2409 1841 2536 1881 cum
2571 1824 2746 1881 sancti
2775 1823 3013 1895 Spiritus
3045 1829 3295 1891 expertes
3325 1819 3458 1886 sint,

186 1900 574 1970 ὰνακρίνονται
604 1901 701 1971 μὲν
734 1901 1138 1972 πνευματικῶς,
1173 1905 1247 1974 μὴ
1288 1904 1530 1965 νοοῦντες
1570 1904 1639 1957 τὰ
1680 1904 1773 1957 τοῦ

1889 1919 2124 1989 ejusdem
2152 1919 2204 1972 vi
2237 1916 2478 1989 Spiritus
2501 1932 2621 1991 quae
2642 1917 2763 1986 ejus
2799 1923 2928 1971 sunt
2960 1913 3174 1969 nescire
3199 1911 3461 1966 facillime

187 1989 529 2061 Πνεύματος,
578 1992 668 2047 καὶ
715 1993 855 2051 κατὰ
892 1994 983 2047 τὸν
1028 1995 1185 2063 λόγον
1221 1994 1531 2066 βουλόμενοι
1576 1995 1776 2064 λέγειν,

187 2083 284 2137 καὶ
315 2083 413 2136 οὑκ
451 2083 650 2147 εἰδότες
678 2083 744 2137 τὰ
777 2086 836 2139 ἐν
855 2088 920 2155 τῇ
956 2086 1088 2159 ἁγίᾳ
1126 2088 1417 2160 Ἐκκλησία
1445 2089 1776 2161 χαρίσματα,

187 2174 352 2227 ἆτινα
383 2173 600 2245 ἀληθῶς
641 2176 732 2231 καὶ
764 2177 1040 2242 εὐσταθῶς
1079 2179 1136 2234 ἐν
1175 2179 1643 2252 παρακολουθήσει
1686 2182 1780 2238 καὶ

187 2265 490 2337 ἐρρωμένῳ
533 2265 610 2336 νῷ
646 2267 707 2320 τὸ
745 2268 968 2340 Πνεῦμα
1001 2270 1061 2327 τὸ
1090 2270 1243 2340 ἆγιον
1270 2270 1566 2342 διηγήσατο
1588 2289 1603 2302 '
1638 2271 1779 2327 οἵτε

186 2355 339 2425 ἆγιοι
371 2357 647 2429 προφῆται
680 2359 776 2412 καὶ
811 2361 861 2417 οἱ
894 2359 1037 2429 ἆγιοι
1065 2361 1383 2415 ιίιπόστολοι⁸
1427 2363 1485 2415 ἐν
1518 2356 1598 2426 οἷς
1630 2362 1724 2417 καὶ
1751 2365 1780 2420 ὁ

186 2449 347 2516 ᾰγιος
388 2450 639 2520 Ἰωάννης
663 2450 751 2504 διὰ
780 2451 874 2504 τοῦ
909 2452 1241 2522 Εὑαγγελίου
1276 2454 1370 2508 καὶ
1399 2454 1508 2507 τῶν
1527 2454 1778 2509 Ἐπιστο-

185 2539 301 2595 λῶν
331 2541 424 2593 καὶ
452 2542 550 2612 τῆς
588 2542 1006 2613 Ἀποκαλύψεως
1034 2547 1097 2600 ἐκ
1120 2544 1213 2598 τοῦ
1245 2545 1411 2603 αὐτοῦ
1445 2546 1781 2619 χαρίσματος

184 2632 286 2686 τοῦ
317 2633 474 2701 ἁγίου
512 2634 872 2702 μεταδέδωκε.
915 2636 1111 2690 Φθάνει
1136 2637 1212 2705 ,δὲ
1256 2637 1351 2693 καὶ
1390 2637 1477 2690 ἐπ’
1501 2638 1698 2702 αὐτοὺς
1720 2637 1783 2692 τὸ

184 2725 500 2799 εἰρημένον.
526 2727 607 2779 ὅτι
635 2726 719 2793 Τῷ
744 2727 1219 2799 βλασφημοῦντι
1247 2733 1335 2798 εὶς
1356 2729 1424 2785 τὸ
1448 2731 1688 2800 Πνεῦμα
1715 2729 1781 2787 τὸ

184 2815 384 2886 ἅγιον,
416 2819 529 2870 οὐκ
580 2817 945 2886 ἀφεθήσεται
1011 2817 1172 2883 αὐτῷ
1214 2818 1359 2873 οὐδὲ
1411 2820 1480 2873 ἐν
1532 2819 1611 2885 τῷ
1666 2819 1784 2874 νῦν

185 2904 383 2971 αἰῶνι,
413 2904 559 2961 οὐδὲ
609 2908 680 2961 ἐν
711 2907 791 2973 τῷ
836 2907 1145 2978 μέλλοντι.
1188 2911 1299 2963 Καὶ
1349 2910 1457 2983 γὰρ
1492 2911 1632 2967 κατὰ
1674 2910 1782 2967 τῶν

189 2998 457 3070 ῥημάτων
495 2998 601 3053 τῶν
642 3000 745 3053 ὑπὸ
783 3001 876 3054 τοῦ
925 3000 1239 3071 Πνεύματος
1280 3004 1585 3075 εἰρημένων
1637 2995 1782 3058 οὗτοι

186 3091 649 3163 ἐστρατεύσαντο.

1876 2009 2214 2080 judicantur.
2236 2009 2340 2075 Qui
2364 2025 2487 2065 cum
2514 2009 2703 2064 divino
2719 2007 2886 2062 verbo
2907 2012 3279 2061 consentanea
3309 2000 3460 2072 loqui

1879 2101 2052 2156 videri
2071 2103 2285 2165 volunt,
2307 2101 2554 2155 cmlestia
2577 2099 2666 2153 illa
2696 2098 2751 2153 in
2764 2097 3065 2153 Ecclesiam
3078 2095 3274 2150 collata
3294 2093 3458 2157 dona,

1879 2192 2141 2248 vaticinia
2171 2191 2405 2256 scilicet,
2436 2194 2709 2261 ignorant,
2738 2203 2860 2259 quae
2888 2201 3015 2243 vere
3047 2200 3112 2240 ac
3140 2190 3463 2239 constanter

1882 2299 1979 2355 per
2006 2298 2103 2340 eos
2134 2284 2406 2346 homines,
2429 2281 2526 2352 qui
2548 2296 2612 2337 ea
2640 2295 2763 2351 qua:
2790 2278 3040 2334 dicerent
3073 2276 3459 2345 intelligerent,

1883 2389 1947 2431 ac
1998 2375 2152 2430 ﬁrma
2181 2381 2237 2430 et
2275 2374 2508 2429 robusta
2549 2381 2727 2426 mente
2760 2370 2973 2441 praediti
3005 2374 3185 2430 erant,
3220 2365 3462 2435 Spiritus

1884 2479 2109 2527 sanctus
2140 2466 2416 2536 exposuit.
2440 2464 2668 2531 .Quales
2717 2464 2892 2518 sancti
2935 2461 3215 2534 prophetae
3250 2467 3303 2514 et
3333 2474 3463 2529 apo-

1883 2562 2010 2617 stoli
2036 2559 2271 2614 fuerunt.
2292 2555 2537 2623 Quorum
2560 2570 2591 2610 e
2617 2569 2846 2609 numero
2876 2553 3070 2608 beatus
3099 2550 3339 2605 Joannes
3368 2563 3466 2619 per

1883 2649 2243 2723 Evangelium
2277 2663 2461 2712 suum,
2498 2655 2665 2718 atque
2695 2626 2990 2716 Epistolas,
3019 2651 3072 2698 et
3098 2640 3465 2712 Apocalypsin

1885 2743 2027 2798 idem
2066 2732 2292 2796 cccleste
2339 2753 2539 2792 munus
2591 2737 2871 2808 impertiit.
2924 2734 3194 2789 Caeterum
3242 2732 3297 2786 in
3342 2732 3468 2787 illos

1884 2831 2121 2904 quadrat
2148 2831 2265 2886 haec
2302 2829 2512 2884 Christi
2544 2828 2850 2885 sententia:
2885 2827 2991 2893 Qui
3021 2824 3467 2892 blasphemaverit

1885 2923 1941 2976 in
1982 2920 2237 2991 Spiritum
2262 2930 2526 2979 sanctum,
2558 2919 2608 2973 ei
2642 2934 2803 2988 neque
2836 2917 2888 2970 in
2916 2916 3188 2986 pra'scnli,
3221 2930 3382 2983 neque
3411 2910 3468 2966 in

1887 3016 2067 3085 futuro
2098 3012 2293 3068 swculo
2339 3021 2604 3081 peccatum
2642 3009 2841 3062 remitti
2862 3007 2905 3061 ³.
2948 3005 3101 3059 ‘Nam
3136 3005 3211 3059 illi
3242 3019 3470 3073 expres-

1886 3104 2121 3162 sissimis
2156 3104 2395 3173 Spiritus
2423 3101 2602 3157 sancti
2632 3099 2816 3155 verbis
2849 3107 3037 3169 aperte
3066 3104 3393 3168 repugnant.

262 3181 388 3234 Τῶν
434 3182 489 3236 δὲ
536 3183 793 3237 τοιούτων
840 3185 935 3238 καὶ
983 3185 1248 3240 τοσούτων
1293 3186 1596 3258 εἰρημένων
1647 3187 1783 3242 κατὰ

1959 3196 2136 3265 Atque
2171 3195 2283 3248 haec
2313 3193 2579 3248 adversus
2620 3191 2767 3244 illam
2824 3190 3061 3243 ltaaresin
3095 3188 3241 3241 hunc
3267 3189 3323 3241 in
3356 3202 3470 3242 mo-

185 3276 294 3344 τῆς
330 3273 585 3345 τοιαύτης
632 3276 918 3346 αἱρέσεως,
967 3277 1166 3341 ίκανῶς
1207 3277 1349 3348 ἔχειν
1389 3279 1648 3348 νομίσας,
1690 3281 1785 3333 καὶ

185 3366 266 3430 ὡς
300 3365 716 3437 σκολόπενδραν,
751 3368 783 3438 ἦ
819 3367 991 3420 ίοῦλον
1025 3369 1357 3440 καλούμενον
1392 3369 1662 3441 (ἑρπετὸν,
1696 3389 1788 3425 ποο

187 3458 421 3520 λύποδα,
443 3459 622 3528 ὀλίγον
652 3460 752 3529 μὲν
775 3463 840 3531 τῇ
873 3460 1189 3533 δυνάμειτῇ
1220 3463 1531 3534 περιοδυνίᾳ
1556 3463 1648 3517 τοῦ
1685 3464 1786 3528 ἰοῦ,

188 3551 476 3606 πολύπουν
502 3552 560 3605 δὲ
589 3553 686 3605 καὶ
726 3553 1134 3624 μακροείκελον)
1172 3556 1234 3624 τῇ
1267 3554 1361 3606 τοῦ
1397 3555 1532 3609 Θεοῦ
1562 3556 1788 3625 δυνάμει

189 3644 292 3697 καὶ
326 3641 552 3715 ἀληθείᾳ
586 3645 1108 3709 καταπατήσαντες,
1170 3643 1261 3695 ἐπὶ
1304 3643 1404 3706 τὰς
1456 3644 1583 3716 ἐξῆς
1632 3646 1789 3700 πάλιν

190 3735 601 3806 προϐαίνοντες,
634 3738 730 3789 σὺν
765 3737 830 3805 τῇ
864 3734 957 3788 τοῦ
996 3734 1129 3788 Θεοῦ
1158 3736 1383 3807 δυνάμει
1425 3736 1614 3808 ἴωμεν,
1655 3738 1792 3805 ἀγα-

191 3844 272 3899 πη
282 3828 381 3883 τοί.

602 3942 792 3995 ΚΑΤΑ
830 3941 1387 4013 ΑΔΑΜιΑΝΩΝως),

610 4056 852 4125 Αἵρεσις
875 4055 988 4109 AB’
1018 4058 1057 4125 ἠ
1092 4055 1188 4110 καὶ
1226 4058 1356 4110 NB’.

266 4168 349 4223 A'.
390 4168 705 4238 ’Λσφάλακα
761 4167 985 4223 καλοῦσί
1035 4186 1088 4221 τι
1128 4169 1266 4233 ζῶον
1310 4171 1368 4222 ἐν
1398 4171 1466 4241 τῇ
1519 4170 1589 4239 γῇ
1643 4169 1794 4222 κάτω

194 4256 536 4329 ἐμφωλεῦον,
575 4258 902 4330 τετράπουν,
932 4260 952 4290 ’
1000 4257 1215 4329 ὀρύττει
1283 4258 1382 4329 τὴν
1442 4257 1567 4327 γῆν,
1606 4257 1698 4310 καὶ
1736 4258 1795 4309 ἐν

194 4353 310 4413 τοῖς
340 4349 663 4420 μυχοτάτοις
689 4348 860 4418 αὐτῆς
895 4347 1006 4419 ἔχει
1036 4348 1133 4417 τὴν
1163 4346 1394 4416 οἴκησιν.
1423 4347 1506 4400 Τὰ
1535 4345 1591 4400 δὲ
1617 4346 1796 4399 πάντα

194 4438 295 4493 τοῦ
331 4439 471 4504 ζὼου
512 4440 749 4509 ὑπάρχει
782 4439 914 4491 ὡσεὶ
950 4437 1148 4510 μικροῦ
1198 4436 1467 4500 σκύλακος
1505 4436 1664 4500 κυνὸς
1696 4435 1795 4507 τὴν

1887 3286 2017 3339 dum
2052 3286 2276 3354 copiose
2318 3282 2595 3352 disputata
2647 3278 2895 3335 sufﬁcere
2938 3276 3233 3332 credimus.
3296 3275 3469 3340 Quam

1887 3377 2035 3431 velut
2073 3374 2515 3444 sc0polendram,
2548 3371 2641 3442 qui
2683 3378 2737 3427 et
2771 3371 2918 3425 iulus
2947 3368 3152 3422 dicitur
3179 3366 3471 3437 (serpentis

1889 3465 1942 3519 id
1966 3481 2138 3536 genus
2163 3474 2269 3528 est,
2293 3464 2570 3532 multipes,
2592 3461 2948 3523 imbecillum,
2970 3458 3129 3529 cujus
3146 3458 3298 3512 virus
3329 3454 3472 3511 haud

1889 3573 2150 3637 maguum
2178 3555 2334 3611 atl‘ert
2369 3557 2637 3628 dolorem,
2693 3554 2792 3610 sed
2837 3561 2891 3607 et
2936 3551 3127 3623 pedes.
3182 3559 3239 3603 ut
3268 3549 3473 3602 dictum

1892 3656 1998 3709 est,
2023 3647 2212 3716 plures
2239 3647 2421 3712 habet,
2445 3654 2499 3702 et
2524 3646 2819 3716 oblongum
2849 3644 2978 3710 est),
3004 3658 3129 3697 cum
3159 3641 3342 3696 divina
3364 3639 3476 3693 vir-

1893 3745 2011 3794 tute
2045 3753 2110 3793 ac
2154 3740 2386 3794 veritate
2430 3738 2873 3809 protriverimus,
2905 3734 3072 3808 458
3107 3733 3174 3788 ad
3212 3731 3475 3802 reliquas,

1892 3830 2229 3897 cbarissimi,
2262 3845 2387 3884 cum
2417 3830 2606 3885 eadem
2640 3828 2732 3884 Dei
2762 3843 2865 3897 ope
2897 3825 3334 3895 progrediamur.

2301 3939 2584 3995 CONTRA
2621 3935 3045 4002 ADAMIANOS,

2287 4051 2521 4106 eresis
2555 4050 2785 4105 XXXII
2817 4051 2923 4104 sive
2948 4048 3082 4103 LII.

1964 4165 2005 4220 I.
2043 4163 2269 4235 Talpam
2309 4179 2484 4237 genus
2523 4162 2796 4235 quoddam
2840 4159 3096 4213 animalis
3132 4164 3474 4226 nuncupant,

1896 4256 2233 4328 quadrupes,
2286 4254 2436 4325 quod
2481 4254 2587 4310 sub
2638 4260 2785 4306 terra
2820 4251 3060 4304 latebras
3092 4249 3270 4310 habet,
3303 4262 3478 4317 eaque

1895 4348 2116 4415 eII'ossa,
2168 4348 2224 4402 in
2268 4347 2480 4402 intimis
2531 4344 2680 4399 illius
2721 4341 3094 4415 penetralibus
3140 4339 3476 4393 domicilium

1898 4441 2150 4496 collocat.
2205 4438 2304 4495 Est
2338 4446 2520 4493 autem
2551 4438 2751 4492 canino
2780 4434 2962 4489 catulo
2993 4431 3175 4503 specie
3203 4446 3364 4501 quam
3397 4430 3479 4485 si-

197 4531 557 4602 περιφέρειαν
583 4530 683 4600 τῆς
715 4531 928 4602 ἡλικίας
967 4529 1109 4600 ἕχον,
1144 4521 1188 4596 ᾧ
1238 4529 1358 4582 οὑδὲ
1394 4528 1530 4592 ὅλως
1559 4529 1783 4601 ὑπάρχει

1900 4532 2210 4596 millimum,
2242 4531 2545 4603 eodemque
2574 4537 2799 4585 staturae
2826 4525 3031 4580 ambitu
3064 4531 3346 4586 constans,
3382 4523 3478 4577 sed

196 4627 411 4696 ὅρασις.
459 4623 838 4695 Ἐρημωτικὺν
880 4623 937 4676 δὲ
963 4622 1039 4693 ίδν
1073 4621 1135 4675 τὸ
1175 4620 1336 4686 ζῶον,
1369 4621 1611 4675 κάτωθεν
1644 4622 1795 4692 ἐκριο

199 4714 330 4780 ζοῦν
375 4716 553 4770 πάντα
603 4714 672 4766 τὰ
715 4714 825 4769 τῶν
867 4713 1187 4785 ἀνθρώπων,
1212 4716 1601 4785 γεωργήματα,
1634 4713 1704 4767 τά
1732 4731 1794 4765 τε

205 4807 447 4878 σικυηρὰ
466 4806 535 4859 τὰ
560 4805 813 4877 μάλιστα,
841 4807 1026 4860 καὶτὰ
1045 4807 1240 4879 δριμέα
1266 4806 1603 4876 φυτεύματα.
1632 4822 1797 4879 κρομο

205 4901 363 4971 μύων
402 4916 462 4952 τε
500 4901 594 4953 καὶ
640 4897 928 4968 σκορόδων,
979 4896 1185 4967 βολόῶν
1227 4897 1320 4950 καὶ
1364 4896 1472 4950 τῶν
1513 4895 1793 4959 τοιούτων,

204 4993 408 5063 κρίνων
435 5010 494 5045 τε
526 4992 620 5046 καὶ
647 4990 754 5044 τῶν
782 4988 975 5044 ἄλλων.
1013 4989 1140 5043 Ἐὰν
1173 4989 1229 5043 δὲ
1253 4988 1414 5042 λαθὸν
1446 4990 1503 5042 ἐν
1535 4988 1611 5059 τῷ
1636 4987 1796 5060 ὀρύτ-

201 5103 321 5142 τειν
353 5084 533 5156 φθάσῃ
565 5085 658 5137 ἐπὶ
687 5081 789 5153 τῆς
815 5084 915 5152 γῆς
955 5082 1080 5149 ἔξω,
1108 5083 1190 5145 εἰς
1232 5080 1324 5136 τὸν
1351 5081 1492 5154 ἀέρα
1519 5079 1793 5149 γενέσθαι,

205 5177 240 5249 ἦ
279 5177 441 5241 ἁλοὺς
479 5175 770 5247 θηρευθείη
817 5174 923 5228 ὑπὸ
971 5174 1079 5226 τῶν
1127 5173 1451 5245 ἀνθρώπων,
1496 5173 1701 5242 γέλοιόν
1742 5190 1798 5226 τι

205 5271 428 5339 ἐμποιεῖ
459 5269 593 5321 πᾶσι
626 5270 738 5331 τοῖς
771 5265 926 5320 τοῦτο
955 5266 1016 5319 τὸ
1058 5264 1194 5329 ζῶον
1228 5264 1572 5337 θηρεύσασιν.
1612 5265 1797 5331 Οὕτως

1899 4622 2019 4676 visu
2059 4623 2279 4691 penitus
2317 4630 2483 4676 caret.
2552 4621 2693 4676 Idem
2747 4618 2893 4689 agris
2941 4618 3254 4672 vastitatem
3299 4613 3479 4679 aﬂ'ert,

1895 4722 2162 4770 eteorum
2198 4727 2322 4782 qua!
2367 4712 2648 4767 hominum
2682 4710 2869 4764 labore
2897 4708 3109 4763 consita
3159 4713 3309 4769 sunt,
3335 4705 3481 4759 radi-

1895 4824 1991 4864 ces
2029 4807 2247 4872 evellit;
2296 4804 2391 4860 sed
2424 4818 2781 4858 cucumerum
2815 4803 2867 4857 iu
2914 4801 3125 4873 primis,
3173 4808 3284 4853 tum
3317 4797 3479 4868 quid-

1895 4899 2027 4973 quid
2049 4898 2324 4954 acriorum
2353 4902 2437 4950 est
2465 4895 2768 4951 seminum:
2806 4892 3116 4961 cujusmodi
3145 4897 3273 4965 sunt
3295 4903 3477 4958 caepm,

1896 4994 2048 5059 allia,
2097 4989 2272 5055 bulbi,
2318 4995 2627 5056 caeteraque
2671 4986 2724 5040 id
2773 5000 2985 5055 genus;
3028 4983 3158 5038 item
3215 4980 3346 5045 lilia,
3397 4990 3481 5033 at-

1896 5099 2005 5154 que
2059 5082 2163 5135 alia
2219 5081 2498 5151 pleraque.
2568 5078 2725 5145 Quod
2778 5077 2825 5133 si
2876 5072 3133 5132 lbdiendo
3162 5073 3379 5129 demum
3411 5072 3478 5126 ad

1895 5174 2224 5232 exteriorem
2271 5180 2433 5227 terrae
2479 5169 2849 5242 superﬁciem.
2902 5177 3259 5239 apertumque
3296 5177 3478 5218 aerem

1896 5265 2228 5338 pervenerit,
2273 5272 2368 5318 aut
2398 5264 2680 5319 hominum
2712 5260 2928 5317 insidiis
2972 5268 3165 5330 captus
3199 5258 3384 5325 fuerit,
3414 5256 3483 5311 iis

209 5362 307 5413 καὶ
335 5360 497 5423 αὑτὸς
521 5360 784 5432 ἐπιχειρῶ
811 5359 990 5428 λέγειν
1025 5361 1154 5430 περὶ
1180 5362 1278 5430 τῆς
1305 5359 1421 5412 νυνὶ
1452 5358 1591 5429 μετὰ
1612 5362 1783 5430 χεῖρας

1900 5373 1930 5413 a
1958 5357 2162 5429 quibus
2200 5365 2398 5428 captus
2431 5365 2536 5422 est,
2577 5356 2850 5412 ludicrum
2885 5353 2955 5410 de
2995 5370 3056 5411 se
3101 5351 3480 5423 spectaculum

206 5452 495 5525 αἱρέσεως,
518 5450 594 5514 ὡς
623 5451 720 5522 μὲν
764 5451 904 5505 κατὰ
936 5452 1035 5523 τὴν
1072 5450 1302 5521 καρδίαν
1342 5449 1665 5517 τυφλώττει,
1708 5450 1783 5504 κα⁴

1901 5451 2124 5522 praebet.
2163 5449 2310 5506 Idem
2344 5450 2508 5507 nobis
2545 5449 2613 5506 de
2645 5465 2732 5514 ea,
2772 5464 2936 5521 quam
2968 5463 3081 5519 pra:
3103 5445 3355 5501 manibus
3384 5442 3479 5497 ha.

283 5607 298 5638 ‘
340 5610 481 5683 Lege
537 5611 656 5665 ὅτι.
736 5611 756 5640 ³
790 5606 953 5665 Deest
977 5608 1133 5679 ὅπερ.
1213 5608 1234 5639 ³
1262 5605 1428 5661 Marc.
1464 5621 1546 5668 tu,
1587 5606 1678 5662 ἓξ).

307 5767 420 5837 (65)
472 5764 851 5833 Ἀδαμιανῶν.
915 5762 1297 5837 Spurcissimm
1352 5754 1542 5832 hujus.
1575 5757 1797 5815 haeresis
1851 5763 2130 5815 auctorem
2188 5755 2564 5815 Thcodorctus
2606 5752 2736 5809 facit
2800 5752 3126 5817 Prodicum,
3163 5748 3320 5819 cujus
3363 5757 3480 5799 me-

214 5834 576 5894 ntiuit‘Clem.
618 5850 673 5890 ιιι
713 5836 914 5891 Slrom.
