3958 6424
209 451 320 510 957

889 455 1259 513 ADVEllSUS
1299 455 1641 512 HEHESES
1669 455 1797 511 LIB.

1951 454 2115 513 ΤΟΜ.
2160 456 2198 512 Ι.
2236 456 2601 515 --HA§RES.
2636 457 2745 514 LII.

3388 451 3496 508 958

212 564 412 634 γυμνοὶ
464 568 621 631 ὄντες
652 566 918 621 τελοῦσιν.
970 567 1035 622 Εἰ
1081 568 1137 622 δὲ
1171 567 1339 633 δόξειε
1388 567 1548 633 τινα,
1582 567 1659 631 ὡς
1713 567 1809 620 καὶ

1934 582 2084 638 eque
2117 568 2267 639 ipsos
2308 567 2456 624 hunc
2503 569 2560 623 in
2601 566 2825 622 modum
2866 564 3166 636 decipiunt.
3213 561 3334 618 1am
3367 577 3501 618 vero

208 654 378 710 τοῦτο
407 659 690 728 λέγουσιν,
741 660 799 712 ὲν
847 659 1252 731 παραπτώματι
1305 659 1594 729 γενέσθαι,
1626 659 1810 713 οὐκέτι

218 751 415 805 τοῦτον
467 752 774 827 συνάγουσι.
827 752 1098 807 Φάσκουσι
1156 753 1264 825 γὰρ
1313 754 1474 807 αὑτὸν
1508 755 1598 807 τὸν
1641 753 1812 823 Ἀδὰμ

218 844 316 897 τὸν
351 842 665 914 βεδρωκότα
703 844 811 896 ἀπὸ
850 843 943 897 τοῦ
979 844 1138 911 ξύλου
1164 884 1178 907 ,
1212 844 1305 898 καὶ
1342 844 1617 916 κρίνουσιν
1651 843 1825 908 ὲξεῶη

223 934 351 989 σθαι
382 935 458 998 ώς
509 935 616 988 ἀπὸ
668 933 761 988 τοῦ
805 936 1135 1007 παραδείσου
1159 976 1174 999 ,
1204 936 1450 989 τουτέστι
1484 935 1580 1005 τῆς
1629 933 1811 989 αὐτῶν

236 1026 585 1095 Ἐκκλησίας.
633 1025 921 1094 Ἠγοῦνται
948 1031 1055 1098 γὰρ
1089 1028 1193 1098 τὴν
1221 1026 1430 1081 ἑαυτῶν
1484 1024 1810 1096 Ἐκκλησίαν

222 1114 368 1171 εἶναι
416 1117 508 1170 τὸν
563 1117 891 1188 παράδεισον
914 1160 928 1183 ,
952 1118 1057 1172 ’καὶ
1102 1120 1300 1182 αὐτοὺς
1337 1114 1477 1171 εἶναι
1523 1119 1650 1181 τοὺς
1684 1116 1812 1188 περὶ

235 1206 411 1277 ’Δδάμ
443 1207 537 1261 καί⁵
571 1206 731 1261 Εὔαν.
778 1208 897 1261 Τίνι
943 1203 1037 1261 οὖν
1071 1208 1148 1278 τῷ
1181 1209 1324 1279 λόγῳ
1362 1208 1687 1262 ὑποκαίουσι
1719 1206 1813 1259 τὸν

221 1298 496 1360 οἰκίσκον,
530 1297 617 1351 ἵνα
654 1299 728 1369 μὴ
768 1298 829 1352 τὸ
868 1298 1034 1368 κρύος
1066 1297 1246 1351 αὐτῶν
1277 1298 1594 1368 meamet;
1641 1295 1814 1368 Ἀδὰμ

221 1388 336 1459 γὰρ
371 1389 466 1442 καὶ
494 1386 608 1441 Εὔα
635 1389 737 1442 οὐκ
759 1391 818 1443 ὲν
852 1390 1182 1460 ύποκαύστῳ
1207 1392 1343 1461 οἴκῳ
1371 1391 1470 1461 τὴν
1497 1390 1705 1443 δίαιταν
1733 1384 1814 1443 εί-

221 1502 353 1556 χον,
378 1483 506 1553 ,οὔτε
538 1486 597 1538 ἐν
624 1485 851 1556 φλογμῷ
884 1503 989 1540 τινι
1023 1486 1380 1551 ὑπεπιέζοντο
1408 1526 1421 1544 .
1471 1484 1595 1538 οὔτε
1649 1483 1815 1555 κρύος

221 1576 423 1640 αὐτοὺς
449 1575 676 1646 ὲφόρτου
694 1593 706 1606 ’
740 1572 808 1647 ἦν
836 1575 894 1630 δὲ
926 1577 1112 1640 αὐτοῖς
1142 1577 1249 1648 ἀὴρ
1272 1574 1658 1647 καθαρώτατος
1676 1614 1692 1638 ,
1717 1574 1813 1628 καὶ

222 1665 407 1735 πάσης
435 1666 737 1736 εὐκρασίας
785 1667 1064 1729 εὐτάκτως
1108 1668 1171 1719 ὲκ
1222 1664 1359 1718 Θεοῦ
1396 1665 1808 1736 μεμερημένος,

219 1757 348 1812 οὔτε
412 1759 713 1830 ἀπηνότητι
745 1758 982 1831 ψυχρίας
1024 1761 1428 1831 τετονωμὲνος,
1482 1758 1604 1811 οὔτε
1656 1759 1814 1829 ἀηδεὲ

223 1847 398 1920 στάτῃ
424 1848 731 1919 ἐκπυρώσει
757 1849 1037 1910 καύσωνος
1076 1850 1485 1920 ἐπηρτημένον
1506 1848 1723 1919 διαίταη
1758 1848 1815 1901 δὲ

1913 656 2175 713 lectiones
2208 671 2274 711 ae
2322 657 2532 727 reliqua
2570 655 2623 711 id
2661 672 2834 728 genus
2879 655 3086 711 obeunt
3131 653 3286 709 nudi.
3342 649 3499 718 Quod

1912 748 1958 803 si
1994 748 2140 817 quis,
2174 758 2232 801 ιιι
2265 749 2450 803 dicere
2478 750 2678 811 solent,
2711 750 2764 802 in
2801 749 3018 819 culpam
3053 749 3242 818 lapsus
3275 762 3399 802 esse
3428 746 3506 800 vi-

1911 839 2124 904 deatur,
2169 839 2314 894 hunc
2361 841 2415 895 in
2452 852 2782 896 conventum
2813 858 2973 898 suum
3009 842 3233 896 minime
3264 840 3505 909 amplius

1913 928 2201 997 recipiunt.
2247 928 2513 983 Adamnm
2542 932 2686 987 enim
2723 932 2874 985 illutn
2906 947 3029 987 esse
3064 932 3275 992 dicunt,
3307 929 3401 999 qui
3433 930 3506 984 de

1914 1020 2061 1089 ligno
2087 1021 2440 1085 cumederit‘,
2484 1034 2646 1093 atque
2674 1040 2704 1079 e
2734 1024 3010 1093 paradiso.
3062 1024 3167 1077 hoc
3196 1031 3278 1077 est
3305 1020 3494 1076 Eccle-

1915 1112 1997 1167 sia
2027 1127 2150 1176 sua,
2179 1114 2654 1169 exterminandum
2686 1116 2955 1185 judicant.
3024 1114 3159 1169 Nam
3201 1114 3503 1170 Eet'lesiam
3589 1112 3599 1123 '

1914 1219 2070 1259 suam
2109 1206 2426 1276 paradisum
2466 1222 2590 1262 esse
2615 1216 2906 1274 statuunt;
2963 1210 3175 1279 seipsos
3203 1220 3330 1259 vero
3360 1205 3505 1258 Ada-

1914 1312 2063 1350 mum
2097 1305 2152 1352 et
2181 1296 2368 1353 Evam.
2415 1299 2529 1354 Cur
2571 1300 2738 1367 igitur
2787 1303 2979 1356 subter
3021 1299 3335 1356 cubiculum
3371 1296 3505 1350 illud

1915 1389 2095 1461 ignem
2127 1394 2393 1451 excitant.
2415 1408 2483 1447 ne
2506 1393 2713 1463 frigore
2735 1393 3102 1449 infestentur?
3138 1391 3346 1445 Etenim
3366 1388 3510 1443 Ada-

1916 1490 2050 1538 mus’
2071 1491 2126 1539 et
2156 1484 2266 1538 Eva
2303 1499 2481 1555 neque
2512 1487 2565 1539 in
2613 1487 2957 1557 ltypocausto
2983 1484 3274 1555 degebant,
3332 1493 3510 1549 neque

1917 1580 2111 1634 ardore
2139 1580 2271 1644 ullo,
2296 1588 2460 1650 atque
2487 1589 2624 1636 testu
2656 1581 3073 1651 premebantur;
3103 1592 3203 1631 nec
3233 1575 3402 1629 ullum
3429 1574 3511 1628 eis

1916 1671 2093 1742 frigus
2121 1680 2239 1728 crat
2275 1673 2601 1731 molestum:
2650 1673 2744 1727 sed
2780 1673 3077 1742 purissimo
3106 1685 3231 1725 aere
3256 1667 3511 1722 frueban-

1918 1772 2029 1826 tur,
2064 1779 2130 1819 ac
2161 1764 2389 1819 miriﬁce
2418 1781 2449 1820 a
2501 1763 2609 1818 Deo
2642 1771 2965 1835 temperato.
3009 1763 3100 1830 qtti
3155 1776 3257 1816 nec
3294 1758 3512 1830 frigoris

1919 1856 2208 1911 atrocitate
2242 1856 2638 1918 vehementior,
2693 1871 2793 1909 nec
2827 1854 3221 1909 molestissimo
3272 1850 3511 1907 incendii

222 1940 503 2010 ἀμῦροσία
544 1939 689 2011 μάλα
719 1941 784 1993 ὲκ
834 1942 970 1996 Θεοῦ
1002 1944 1381 2013 πεποιημένηο
1419 1944 1447 1995 ό
1474 1941 1652 2013 χῶρος
1696 1941 1816 1995 ἑτέ-

1934 1947 2125 2002 ardore
2156 1948 2431 2003 violentus
2467 1948 2797 2002 immineret.
2842 1945 3031 2001 Victus
3067 1945 3259 2000 iisdem
3288 1944 3511 1997 ambro-

221 2048 413 2095 τακτο,
443 2031 708 2104 θυμηδίας
736 2034 831 2088 καὶ
864 2035 1101 2099 εύζωϊας
1131 2034 1521 2106 πεποιημένος.
1557 2034 1670 2089 Καὶ
1694 2026 1817 2088 οἷδτέ

223 2122 372 2194 ῥίγει
410 2124 718 2178 ὑπέπιπτον
761 2124 885 2179 οὔτε
914 2125 1177 2188 καύσωνι,
1221 2127 1297 2191 ὡς
1323 2127 1481 2197 ἔφην.
1518 2126 1737 2180 Τούτων
1762 2125 1820 2179 δὲ

220 2216 484 2270 τοιούτων
515 2217 914 2289 ὲπιδεομένων,
971 2219 1116 2290 μάλα
1153 2218 1283 2291 παρ’
1330 2220 1516 2284 αὐτοῖς
1562 2220 1596 2291 ἡ
1654 2218 1820 2291 χλεύη

224 2305 459 2383 γίνεται.

1930 2041 2010 2095 sia
2034 2046 2153 2095 erat
2182 2055 2212 2094 a
2243 2038 2351 2094 Deo
2381 2046 2590 2110 parata.
2628 2038 2807 2092 Locus
2837 2039 2957 2121 ipse
2983 2038 3149 2109 460
3172 2036 3408 2105 denique
3440 2034 3510 2088 ad

1927 2148 2145 2188 omnem
2192 2144 2311 2187 erat
2361 2134 2695 2203 voluptatem
2748 2133 3262 2203 iucunditatemque
3311 2129 3510 2182 factus.

1922 2223 2001 2277 Ita
2051 2231 2111 2276 ut
2139 2238 2314 2289 neque
2357 2222 2527 2292 algori
2582 2237 2760 2292 neque
2822 2221 2997 2285 aestui,
3055 2215 3512 2290 quemadmodum

1926 2314 2390 2378 diximus,essent
2410 2314 2659 2369 obnoxii.
2693 2318 2762 2366 At
2791 2313 2866 2367 illi
2896 2328 3019 2366 cum
3053 2309 3361 2365 istiusmodi
3393 2308 3518 2362 vitae

1841 2406 1847 2411 ’
1925 2406 2355 2462 necessitatibus
2390 2406 2624 2476 expositi
2653 2406 2786 2468 sint,
2839 2403 3065 2459 omnino
3112 2401 3331 2457 ridiculi
3365 2412 3514 2455 sunt.

301 2506 377 2559 I“.
410 2502 549 2560 Εἶτα
574 2505 633 2559 δὲ
686 2505 782 2559 καὶ
822 2507 884 2560 τὸ
923 2506 1114 2579 ἕτερον
1162 2508 1527 2579 σκοπήσωμεν
1550 2549 1565 2574 ,
1622 2508 1738 2572 πῶς
1788 2510 1823 2581 ή

225 2600 384 2653 πᾶσα
434 2598 613 2669 πλάνη
651 2598 987 2670 διελέγχεται
1014 2641 1027 2663 ,
1060 2601 1143 2653 ὅτι
1176 2601 1236 2653 οὒ
1288 2600 1418 2671 μίαν
1442 2599 1593 2670 ὥραν
1628 2603 1825 2654 ἐκεῖνοι

224 2690 429 2761 γυμνοὶ
468 2686 652 2761 ἦσαν,
698 2688 834 2742 ἀλλὰ
884 2689 1176 2760 διηνεκῶς,
1209 2690 1303 2743 καὶ
1350 2690 1450 2743 οὐκ
1506 2690 1822 2761 ᾐσχύνοντο.

224 2782 453 2847 Τούτοις
484 2782 544 2836 δὲ
583 2782 645 2835 οὐ
686 2782 774 2835 διά
804 2781 866 2835 τὸ
921 2781 997 2854 μὴ
1028 2781 1384 2853 αἰσχύνεσθαι
1420 2785 1453 2852 ὴ
1510 2782 1826 2869 γύμνωσις,

226 2880 334 2936 κᾶν
360 2896 421 2933 τε
454 2879 627 2943 οὕτως
657 2877 809 2932 αὐτοὶ
833 2877 1149 2950 νομίσωσιν,
1183 2877 1297 2931 ἀλλ’
1331 2877 1495 2931 ἕνεκα
1529 2878 1827 2948 ἀκορέστου

227 2973 464 3044 ἡδονῆς,
507 2973 695 3047 κόραις
750 2971 1047 3043 ὀφθαλμῶν
1102 2969 1441 3041 ἐμποιούσης
1475 2967 1575 3041 τὴν
1628 2968 1826 3033 θέλξιν.

240 3063 550 3138 ’Δφῄρηται
600 3064 710 3136 γάρ
746 3064 842 3117 ἀπ’
878 3062 1060 3117 αὐτῶν
1110 3064 1143 3134 ή
1200 3059 1374 3137 ᾳίδὼ,
1415 3062 1448 3132 ἠ
1508 3062 1567 3114 ὲν
1627 3060 1831 3126 πάσαις

227 3156 417 3226 ἁγίαις
448 3157 694 3229 Γραφαῖς
727 3155 1125 3227 ὲπαινουμένη’
1162 3154 1257 3209 καὶ
1295 3151 1512 3223 ἀληθῶς
1540 3152 1832 3224 πεπλήρω-

1998 2519 2088 2575 111.
2127 2519 2270 2587 Quin
2302 2519 2439 2574 illud
2474 2536 2580 2574 una
2612 2516 3078 2575 considerandum
3111 2523 3219 2577 est,
3250 2511 3517 2583 quemad-

1928 2612 2153 2667 modum
2194 2629 2259 2668 ex
2296 2628 2361 2667 eo
2415 2612 2588 2667 refelli
2638 2611 2817 2668 omnis
2863 2610 3095 2664 istorum
3134 2621 3293 2661 error
3323 2604 3519 2676 possit.

1929 2700 2066 2756 Nam
2100 2702 2261 2772 primi
2287 2703 2461 2758 nostri
2497 2710 2751 2772 parentes
2789 2716 2895 2756 non
2927 2714 3035 2755 una
3069 2699 3336 2753 duntaxat
3366 2695 3520 2758 hora,

1931 2796 2026 2850 sed
2052 2802 2316 2863 perpetuo
2349 2793 2479 2847 nudi
2517 2794 2637 2849 sine
2666 2793 2776 2847 ullo
2804 2792 3011 2862 pudore
3037 2786 3523 2860 perseverabant’.

1931 2885 2001 2937 At
2025 2885 2114 2939 isti
2145 2901 2252 2939 non
2287 2883 2433 2953 quod
2466 2884 2676 2952 pudore
2704 2889 2951 2944 careant,
2985 2888 3273 2950 propterea
3305 2877 3523 2931 nudan-

1935 2982 2046 3040 tur,
2086 2977 2306 3029 tametsi
2344 2976 2418 3028 ita
2462 2975 2567 3029 sibi
2615 2974 3005 3044 persuadeant,
3048 2973 3142 3027 sed
3175 2971 3230 3025 id
3258 2969 3527 3025 insatiatte
3626 3002 3631 3015 ι

1934 3066 2147 3120 libidini
2172 3066 2443 3133 tribuunt,
2469 3081 2589 3135 qua!
2610 3063 2881 3135 ejusmodi
2907 3063 3085 3119 oculis
3121 3061 3406 3115 illecebras
3428 3062 3527 3113 ob.

1931 3156 2074 3226 jicit.
2146 3156 2431 3226 Siquidem
2464 3172 2682 3211 omnem
2722 3156 2798 3209 illi
2835 3152 3224 3210 verecundiam
3255 3152 3527 3220 deposue-

226 3265 321 3300 ται
348 3247 409 3300 τὸ
443 3246 598 3319 παρά
622 3245 701 3318 τῷ
745 3248 1001 3321 προφήτῃ
1034 3246 1323 3318 εἰρημένον
1365 3244 1447 3311 τὸ,
1480 3246 1660 3314 Ὅψις
1688 3246 1826 3313 πόρ-

1937 3255 2084 3310 runt,
2122 3264 2244 3318 qua:
2274 3247 2326 3300 iu
2360 3249 2617 3302 omnibus
2654 3248 2827 3303 sacris
2864 3245 3168 3315 Scripturis
3195 3254 3277 3299 est
3310 3243 3528 3296 laudata

226 3356 347 3407 rm-
370 3338 612 3408 ἐγένετᾶ
634 3355 733 3394 σοι
754 3356 769 3370 ο
798 3340 1380 3409 ἁπηναισχὺντησας
1396 3337 1548 3408 πρὸς
1572 3335 1823 3403 πάντας.

229 3429 387 3484 Μετὰ
417 3430 473 3483 δὲ
504 3430 603 3501 τὴν
641 3430 790 3501 ὥραν
834 3430 1049 3499 ἐκείνην
1078 3429 1183 3495 ἔξω
1232 3431 1468 3501 ἱματίοις
1504 3429 1830 3500 ἀμφιέννυν-

228 3538 355 3589 ται,
399 3522 493 3575 καὶ
525 3522 709 3575 οὐκέτι
738 3523 874 3576 εἰσὶν
903 3525 931 3575 ὁ
975 3522 1167 3592 Ἀδάμ.
1202 3521 1339 3574 Οῦτε
1362 3521 1470 3593 γάρ
1495 3522 1655 3583 εὐθὺς
1686 3523 1830 3575 έκεῖ-

235 3628 324 3676 νος
357 3613 593 3683 ἱματίοις
646 3613 962 3686 ηὐπόρησεν
995 3630 1009 3644 ⁸
1052 3612 1190 3666 ἀλλά
1241 3611 1459 3683 πρῶτον
1514 3613 1611 3682 μὲν
1655 3610 1830 3681 φύλλα

233 3706 407 3775 συκῆς
428 3746 442 3768 ,
469 3704 659 3758 ἔπειτα
690 3705 746 3758 δὲ
773 3704 1007 3777 χιτῶνας
1035 3704 1394 3776 δερματίνους
1415 3744 1428 3768 ,
1461 3703 1556 3757 καὶ
1582 3702 1660 3765 ὡς
1690 3701 1831 3772 μετὰ

231 3795 406 3848 πολὺν
452 3796 644 3868 χρόνον
696 3797 794 3868 τῆς
830 3796 1011 3850 αὐτῶν
1049 3795 1196 3867 ζωῆς
1242 3798 1275 3867 ἡ
1318 3793 1689 3866 παμποίκιλος
1734 3790 1830 3845 τοῦ

231 3881 371 3935 Θεοῦ
404 3885 566 3951 σοφία
593 3884 694 3953 τὴν
716 3885 924 3955 εἴδησιν
962 3886 1149 3948 αὐτοῖς
1191 3884 1415 3937 ἐνέϐαλε
1444 3883 1554 3936 τῶν
1584 3880 1827 3953 ἁμερίων.

234 3974 343 4030 Καὶ
375 3974 517 4029 κατά
552 3977 731 4030 πάντα
769 3976 972 4047 τρόπον
1007 3977 1162 4030 αὐτοὶ
1195 3975 1660 4047 χλευασθήσονται
1682 4014 1698 4037 ,
1736 3973 1831 4028 λέ-

233 4085 427 4137 γοντες
458 4068 683 4133 ἑαυτοὺς
719 4064 859 4122 εἶναι
904 4069 1031 4133 τοὺς
1084 4068 1213 4137 περὶ
1259 4068 1462 4139 Ἀδὰμ,
1495 4066 1830 4137 καταψευδό-

239 4174 393 4228 μενοι
430 4157 639 4212 ἑαυτῶν
663 4200 678 4222 ,
728 4159 824 4212 καὶ
860 4158 977 4230 ἃμα
1020 4157 1401 4230 ἀληθεύοντες.
1437 4158 1561 4213 Ὅτι
1594 4158 1693 4229 μὲν
1723 4156 1832 4230 γὰρ

236 4239 386 4301 οὗτοι
427 4246 599 4317 Ἀδὰμ
632 4248 730 4318 οὐχ
762 4248 1068 4319 ὑπάρχουσι
1092 4291 1104 4307 ,
1146 4246 1304 4301 τοῦτο
1334 4247 1492 4318 δῆλον
1521 4249 1586 4301 ὲκ
1622 4247 1835 4301 πολλῶν

236 4341 595 4412 τεκμηρίων,
631 4340 706 4405 ὡς
762 4340 856 4393 καὶ
901 4337 1297 4410 ὑπεδείξαμεν·
1350 4340 1433 4391 ὅτι
1482 4338 1539 4391 δὲ
1590 4338 1696 4391 ὑπὸ
1740 4336 1832 4391 τοῦ

239 4431 435 4503 νοητοῦ
468 4432 642 4501 ὄφεως
694 4432 1087 4503 ὲμπαίζονται,
1127 4430 1285 4484 τοῦτο
1335 4429 1496 4499 δῆλον
1546 4429 1697 4501 παρὰ
1735 4429 1836 4501 τῆς

241 4524 620 4595 πεποιημένης
647 4524 827 4578 αὐτῶν
851 4524 1294 4597 σχηματουργίας
1312 4562 1326 4586 ,
1357 4522 1450 4578 καὶ
1474 4520 1831 4595 γυμνώσεως,

242 4614 341 4677 καὶ
369 4614 630 4686 αἰσχύνης
650 4656 663 4680 ,
695 4617 791 4670 καὶ
825 4615 1042 4687 χλεύης.

316 4815 430 4867 Οὐκ
458 4814 606 4879 ἄξιον
633 4813 689 4867 δὲ
729 4815 876 4885 ἡμᾶς
920 4814 1046 4887 περὶ
1077 4813 1273 4867 πολλοῦ
1329 4813 1600 4868 ποιεῖσθαι
1628 4812 1838 4866 τούτων

240 4904 345 4976 τὴν
397 4905 730 4975 ἀνατροπὴν.
787 4903 926 4958 Οὔτε
967 4905 1075 4977 γάρ
1127 4905 1189 4958 τὸ
1236 4906 1421 4976 ὅμοιον
1478 4903 1657 4959 αὐτῶν
1702 4902 1840 4970 ζῶον

244 4995 461 5052 σκευῶν
491 4996 863 5068 πολεμικῶνῆ
893 4998 1142 5066 μεγάλων
1177 4997 1359 5051 ὃπλων
1397 4997 1673 5052 ἐπιδέεται
1704 4995 1841 5066 πρὸς

242 5089 554 5160 ἀναίρεσινο
586 5088 674 5141 διὰ
702 5088 814 5160 γὰρ
850 5089 1053 5159 μικρᾶς
1091 5088 1289 5159 ῥάϐδου
1316 5089 1475 5142 τοῦτο
1494 5087 1838 5158 ἀφανίζεται.

244 5185 516 5249 Πολλάκις
566 5185 657 5249 δὲ,
695 5183 832 5255 μετά
860 5183 920 5236 τὸ
962 5179 1316 5251 ἀνενεχθῆναι
1356 5180 1421 5233 ὲκ
1468 5179 1562 5233 τοῦ
1602 5175 1838 5248 φωλεοῦ,

244 5277 727 5348 καταλιμπάνεται
760 5275 950 5347 μόνον,
986 5274 1079 5327 καὶ
1112 5269 1291 5343 ἑαυτῷ
1311 5269 1716 5340 διαφθείρεται,
1750 5284 1845 5338 γε·

244 5370 521 5441 λώμενον,
555 5372 650 5425 καὶ
680 5369 1083 5441 ἐμπαιζόμενον
1106 5406 1121 5430 ,
1163 5367 1256 5421 καὶ
1304 5363 1379 5437 μὴ
1426 5361 1841 5435 εὑρισκόμενον,

243 5462 337 5515 διὰ
375 5462 471 5534 τῆς
505 5462 882 5532 παγγελάστου
933 5460 1131 5532 χλεύης
1156 5500 1170 5522 ,
1213 5459 1311 5512 καὶ
1352 5455 1588 5526 ἀσέμνου
1635 5453 1837 5521 διαγω·

246 5554 357 5624 γῆς
380 5594 396 5617 .
423 5554 518 5607 καὶ
547 5553 858 5617 ὑποθέσεως
872 5552 985 5624 τῆς
1018 5551 1313 5623 ληρῳδίας.
1338 5549 1449 5612 Τὰς
1491 5548 1549 5602 δὲ
1579 5547 1707 5618 ἑξῆς
1737 5546 1854 5600 δια-

250 5644 631 5714 σκοπήσαντες
657 5684 673 5708 ,
702 5643 866 5698 πάλιν
900 5642 1187 5714 εὐξώμεθα
1226 5641 1360 5695 Θεὸν
1391 5641 1676 5710 συνεργεῖν
1719 5638 1852 5709 ἡμῖν

328 5836 344 5868 ⁸
378 5835 511 5897 Gen.
548 5850 630 5904 tn,
662 5834 715 5891 6.
793 5835 968 5892 'lbid.
1007 5836 1056 5895 7.
1141 5836 1159 5866 ³
1182 5833 1384 5893 Jerem.
1419 5849 1502 5901 ns,
1536 5830 1592 5885 5.

1933 3339 2154 3409 saepius.
2206 3338 2285 3392 Ac
2312 3338 2603 3392 verissime
2633 3338 2687 3390 in
2717 3337 2827 3391 illis
2854 3336 3130 3405 prephetaa
3154 3335 3361 3387 dictum
3391 3330 3528 3384 illud

1932 3431 2225 3500 impletur:
2284 3427 2459 3482 Frons
2517 3429 2808 3482 meretricis
2841 3428 2985 3497 facta
3015 3436 3091 3480 est
3132 3425 3248 3500 (rbi.
3276 3425 3530 3493 pudorem

1933 3522 2073 3591 apud
2118 3539 2295 3577 omnes
2336 3522 2575 3591 abjecisli
2607 3522 2649 3577 ³.
2678 3506 2685 3519 ’
2710 3523 2980 3575 Creterunt
3013 3528 3138 3590 post
3170 3519 3315 3571 illum
3342 3517 3530 3570 borant

1935 3615 2070 3670 foris
2100 3629 2320 3669 rursum
2345 3623 2526 3669 vestes
2551 3614 2789 3669 induunt
2809 3624 2862 3668 et
2883 3611 3073 3667 Adauti
3101 3626 3224 3665 esse
3247 3608 3530 3663 desinunt.

1935 3704 2127 3776 Neque
2155 3704 2300 3761 enim
2333 3706 2383 3761 is
2412 3707 2646 3762 veslium
2679 3705 2911 3761 subinde
2929 3704 3143 3773 copiam
3178 3701 3368 3754 habuit
3394 3715 3409 3763 ;
3438 3696 3535 3753 sed

1933 3787 2347 3869 primum'ficus
2396 3798 2547 3860 folia,
2602 3798 2800 3853 deinde
2852 3796 3109 3866 pelliceas
3151 3793 3385 3847 tunicas.
3458 3791 3536 3845 Ita

1930 3890 2153 3943 nonnisi
2185 3891 2345 3959 longo
2379 3902 2643 3960 tempore.
2698 3904 2862 3956 quam
2894 3887 3065 3941 creati
3095 3885 3333 3944 fuerant.
3367 3881 3537 3936 vesti-

1935 3990 2247 4035 mentorum
2289 3996 2450 4035 usum
2490 3982 2675 4035 divina
2732 3982 2855 4047 illos
2905 3978 3174 4047 sapientia
3226 3975 3533 4045 perdocuit.

1935 4070 2303 4137 Quzuuobrem
2358 4072 2507 4125 omni
2542 4069 2869 4140 explodendi
2909 4070 3146 4123 ludibrio
3193 4078 3321 4122 sunt
3353 4065 3535 4120 homio

1936 4178 2034 4218 nes
2066 4163 2177 4227 isti,
2214 4162 2306 4232 qui
2351 4164 2451 4216 sibi
2483 4163 2674 4215 Adami
2716 4162 3087 4215 conditionem
3123 4159 3442 4220 vindicant;
3481 4156 3537 4209 in

1935 4271 2045 4327 quo
2068 4255 2265 4325 partim
2293 4256 2659 4318 mentiuntur,
2686 4254 2882 4325 partiiu
2910 4267 3036 4308 vera
3058 4252 3332 4320 iactitant.
3382 4245 3539 4314 Quod

1936 4348 2082 4402 enim
2128 4347 2320 4400 Adami
2360 4362 2467 4400 non
2513 4354 2665 4408 sunt,
2709 4345 2920 4407 multis,
2970 4352 3026 4398 ιιι
3062 4344 3427 4401 ostendimus.
3457 4346 3542 4394 est

1937 4438 2276 4508 argumentis
2302 4437 2684 4507 perspicuum;
2715 4435 2863 4506 quod
2892 4442 3018 4487 autc
3042 4450 3071 4483 ιι
3105 4438 3174 4486 ab
3201 4426 3530 4498 iutelhgibnli

1938 4535 2191 4597 serpente
2240 4526 2609 4585 ludificentur.
2662 4523 2714 4577 id
2752 4537 2880 4576 vero
2917 4536 2980 4575 ex
3023 4518 3278 4573 alfectato
3325 4516 3541 4568 illorutu

1863 4619 1916 4680 Ι)
1942 4619 2131 4673 habitu
2162 4635 2226 4673 ac
2273 4620 2524 4673 nud.tate
2556 4615 2923 4689 pudendoque
2953 4628 3017 4669 ac
3056 4608 3287 4667 ridendo
3337 4608 3431 4662 illo
3458 4606 3544 4660 in-

1946 4713 2142 4767 stituto
2172 4718 2415 4766 constat.

2022 4826 2318 4883 Enimvero
2358 4826 2496 4881 tanti
2529 4826 2750 4881 illorum
2794 4820 3187 4878 refutationem
3239 4812 3418 4867 facere
3448 4808 3549 4864 mi-

1949 4921 2098 4976 nime
2125 4919 2408 4975 convenit.
2445 4918 2634 4987 Neque
2659 4918 2806 4972 enim
2840 4913 3043 4969 animal
3075 4908 3231 4972 illud,
3261 4905 3351 4960 cui
3390 4902 3547 4957 simi-

1947 5012 2026 5067 les
2051 5018 2201 5075 sunt,
2245 5009 2458 5064 bellicis
2489 5008 2761 5062 machinis
2789 5013 2882 5059 aut
2920 5000 3224 5070 majoribus
3259 4994 3427 5049 armis
3455 5007 3551 5046 ex-

1948 5100 2179 5170 pugnari
2229 5098 2535 5168 conficique
2569 5095 2756 5158 debet,
2808 5093 2905 5149 sed
2938 5091 3132 5161 exigua
3186 5086 3367 5155 aliqua
3399 5084 3551 5151 virga

1948 5190 2294 5261 proﬂigatur.
2350 5188 2511 5257 Saepe
2543 5187 2710 5241 etiam
2739 5200 2866 5238 cum
2898 5198 2965 5236 ex
2999 5177 3269 5234 foramine
3307 5186 3552 5227 emerse-

1951 5259 2044 5339 in.
2078 5259 2131 5337 si
2162 5279 2362 5334 ibidem
2398 5276 2722 5333 destitutum
2758 5272 2944 5336 fuerit,
2990 5286 3086 5341 per
3106 5281 3229 5322 sese
3254 5259 3556 5330 exstingui-

1957 5376 2050 5421 tur
2076 5365 2192 5421 risu
2221 5364 2465 5418 omnium
2497 5378 2560 5417 ac
2597 5360 2834 5416 ludibrio
2867 5365 3144 5416 vexatum,
3183 5365 3284 5406 uec
3312 5347 3552 5417 amplius

1960 5471 2110 5526 repet
2129 5454 2257 5515 itur.
2278 5461 2636 5523 posteaquam
2666 5449 2745 5505 sic
2770 5447 2993 5500 illusum
3027 5439 3210 5500 fuerit,
3238 5451 3302 5491 ac
3335 5432 3559 5487 ludicrae

1963 5523 2347 5616 occupationis
2376 5536 2658 5615 materiem
2688 5535 3007 5611 praebuerit.
3040 5530 3160 5588 1am
3190 5542 3323 5584 vero
3357 5523 3425 5581 ad
3451 5536 3558 5577 ca:-

1963 5647 2111 5694 teras
2145 5632 2576 5692 considerandas
2614 5630 2855 5687 haereses
2894 5624 3136 5681 divinam
3165 5630 3324 5690 apem
3364 5625 3556 5669 rursus
