3958 6422
222 299 340 361 ’95!

854 273 1226 354 Anvunsos
1265 292 1775 366 nauesss‘ue.
1811 291 1877 348 ll.
1909 291 2076 348 TOM.
2113 292 2233 350 l.—
2271 291 2552 347 omnes.
2590 291 2722 346 LIV.

3406 298 3520 355 962

241 419 356 485 ξατ,
392 417 488 473 καὶ
511 413 762 479 τοὺς,ἁπ’
791 413 956 467 αὐτοῦ
973 455 988 477 ,
1027 416 1087 469 έν
1118 392 1455 479 ταῖς,ἅ.λλαις
1481 411 1823 485 προδεδηλω-

1944 423 2041 463 :am
2087 407 2353 467 adversus
2399 408 2664 476 Elxteum,
2702 406 3016 474 siveElxai,
3055 424 3220 480 quam
3260 411 3382 481 ejus
3425 428 3517 469 se-

236 510 437 581 μέναις
467 507 736 579 αἱρέσεσι.
769 505 913 560 Πᾶσι
941 503 1051 575 γὰρ
1079 505 1330 573 φωρατὸς
1368 506 1397 558 ὁ
1427 503 1668 567 τοιοῦτος
1687 542 1703 569 ,
1734 503 1830 557 καὶ.

241 602 279 672 ἡ
315 598 375 664 ἐξ
406 596 573 652 αὐτοῦ
627 596 869 665 αἵρεσις,
908 596 993 649 ὅτι
1026 594 1391 653 πεπλάνηται.
1433 594 1522 658 Ὠς
1566 590 1661 649 οῦν
1698 592 1829 647 σαῦ-

239 703 346 754 ραν
380 683 610 756 ἡλιακὴν
645 682 978 747 πεπαικότες
1015 683 1197 754 ῥάϐδῳ
1219 683 1433 748 ἐλπίδος
1454 683 1692 755 Χριστοῦ
1735 685 1830 738 καὶ

237 772 339 827 τοῦ
379 770 636 843 σταυροῦ,
668 772 761 825 ἐπὶ
787 772 885 835 τὰς
920 772 1046 842 ἑξῆς
1082 772 1271 843 ῐωμεν.
1302 772 1487 840 Ἄξιον
1521 774 1630 844 γάρ
1658 774 1827 838 ἐστιν,

335 846 558 933 ὀνόματι
593 862 821 925 ἑαυτοὺς
855 863 949 917 καὶ
991 855 1139 915 οὗτοι
1192 863 1483 934 ὠνόμασαν
1506 904 1522 929 ,
1563 862 1642 934 τῷ
1681 863 1830 934 αὐτῷ

218 955 543 1028 έκεχρῆσθαι
570 953 856 1024 αἰνίγματι
893 954 975 1017 είς
1007 953 1207 1025 φράσιν
1236 954 1337 1024 τῆς
1364 954 1543 1008 αὐτῶν
1577 972 1831 1026 παραπε-

214 1044 548 1116 ίποιημένης
598 1043 934 1114 ἐπωνυμίας.
981 1041 1251 1113 Σαμψαῖοι
1282 1042 1393 1113 γὰρ
1434 1043 1830 1116 έρμηνεύονται

224 1116 518 1217 ⁸’ξΙΙλιακοῆ
567 1128 672 1219 Διὸ*
709 1134 803 1189 καὶ
831 1133 926 1188 τοῦ
956 1134 1098 1199 ζώου
1125 1133 1570 1206 ἐπεμνήσθημεν.
1612 1137 1655 1188 Τ
1658 1137 1839 1221 αὐτην⁸

210 1208 353 1295 γὰρ
394 1223 602 1296 σαῦραν
659 1214 802 1278 οὕτω
850 1223 1239 1295 κικλήσκουσιν
1276 1223 1506 1296 ἡλιακὴν
1539 1227 1587 1278 oi
1622 1224 1830 1297 ἄνθρω-

226 1324 355 1370 ποι.
392 1315 604 1387 Χείρων
630 1313 688 1367 δὲ
732 1314 942 1384 αἵρεσις
986 1311 1126 1384 αῦτη
1165 1302 1280 1384 ’τῆς
1326 1312 1567 1385 σαύρας,
1600 1315 1732 1387 μηδὲ
1766 1314 1829 1369 τὸ

238 1406 532 1475 ἀκαριαῖον
560 1405 658 1475 τῆς
676 1396 950 1474 ὠφελείας
989 1404 1188 1474 ἑαυτῆς
1213 1404 1435 1475 ἐχουσα.
1480 1405 1692 1477 Ἐκείνη
1720 1406 1831 1479 γὰρ

238 1497 695 1567 ἀμϐλυωπήσασα
726 1486 903 1568 χρόνῳ
937 1494 1254 1561 ἀναϐλέπει,
1293 1496 1381 1553 διὰ
1410 1495 1640 1569 ἡλιακῆς
1669 1515 1830 1570 στρο-

239 1587 506 1657 φάλιγγπ
534 1588 592 1640 ὲν
613 1587 806 1659 φωλεῷ
828 1587 966 1659 πρὸς
993 1587 1258 1658 ἀνατολὴν
1284 1587 1604 1660 προσέχοντι
1631 1590 1831 1661 ἑαυτὴν

238 1676 644 1748 προσθλίψασα,
682 1675 778 1731 καὶ
807 1676 1171 1747 νηστεύσασα,
1200 1675 1338 1746 πρὸς
1370 1676 1635 1749 ἀνατολὴν
1664 1694 1833 1732 κατα·-

1931 500 2134 555 ctarios
2180 501 2254 556 sit
2313 499 2531 556 abunde
2580 501 2907 571 prestitum.
2972 500 3200 557 Accedit
3245 502 3517 558 neminem

1929 605 2072 656 esse.
2105 580 2202 662 qui
2234 607 2346 647 non
2374 591 2619 656 ethunc,
2654 600 2709 647 et
2737 591 2903 661 hujus
2927 592 3179 650 haeresim
3224 608 3255 647 a
3283 594 3520 650 veritate

1923 684 2228 755 plurimum
2265 685 2526 739 aberrare
2555 693 2875 754 cognoscat.
2914 683 3192 748 Quocirca
3216 699 3342 751 cum
3368 686 3521 740 sola-

1940 791 2053 831 rem
2084 777 2232 831 illam
2266 777 2526 833 lacertam
2559 776 2677 847 spei
2709 776 2765 831 in
2786 775 3019 831 Christo
3052 783 3122 830 let
3150 775 3333 833 crucis
3365 776 3517 844 virga

1929 864 2387 933 percusserimus,
2400 866 2469 920 ad
2488 875 2714 921 caeteras
2724 880 3037 936 pergamus.
3052 864 3302 921 Estenim
3317 866 3520 920 rationi

1935 962 2391 1021 consentaneum,
2410 964 2466 1011 ut
2485 970 2595 1026 quo
2619 957 2842 1012 nomine
2863 958 3076 1027 seipsos
3096 954 3356 1022 alliciunt,
3372 955 3514 1010 idem

1931 1046 1999 1101 ad
2031 1046 2153 1101 illos
2177 1047 2613 1114 adumbraudos,
2649 1056 2828 1119 atque
2869 1050 3192 1105 cmentitam
3234 1048 3384 1103 illam
3422 1062 3519 1117 ap-

1931 1139 2282 1210 pellationem
2333 1140 2723 1195 declarandam
2783 1140 3167 1197 adhibeamus.
3250 1138 3516 1211 Sampsaei

1931 1232 2134 1302 quippe
2171 1232 2317 1288 idem
2364 1249 2428 1289 ac
2466 1233 2688 1289 Solares
2717 1232 3051 1303 signiﬁcant.
3085 1234 3250 1291 {inde
3276 1244 3332 1289 et
3368 1235 3519 1289 illius

1932 1325 2189 1381 animalis
2221 1325 2595 1381 meminimus.
2661 1323 2796 1379 Nam
2828 1325 3099 1394 ejusmodi
3139 1326 3400 1381 lacertam
3426 1341 3519 1381 so-

1930 1414 2110 1470 larent
2148 1415 2397 1485 homines
2437 1426 2780 1487 nuncupant.
2835 1415 3160 1488 Quanquam
3206 1419 3363 1489 longe
3404 1418 3519 1475 hac

1932 1507 2161 1585 haeresis
2182 1508 2387 1563 lacerta
2410 1508 2655 1565 deterior
2681 1517 2787 1573 est,
2822 1525 2946 1580 quae
2977 1526 3045 1565 ne
3074 1510 3363 1565 minimum
3393 1511 3519 1579 qui-

1931 1598 2056 1655 dem
2087 1600 2309 1656 utilitati
2352 1616 2466 1656 suae
2498 1602 2755 1658 consulit.
2807 1603 2877 1656 At
2918 1604 3148 1669 lacerta,
3193 1618 3319 1659 cum
3370 1602 3519 1657 oculi

1933 1690 2173 1760 caligare
2215 1692 2503 1762 coeperint,
2551 1693 2836 1762 aliquanto
2889 1702 3080 1764 postea
3113 1695 3291 1769 visum
3322 1693 3520 1749 solaris

237 1765 458 1822 νοοῦσα.
491 1765 640 1836 Αὕτη
671 1766 755 1834 δὲ,
790 1767 954 1851 φημι,
996 1767 1029 1838 ἡ
1064 1766 1275 1838 αἵρεσις
1296 1808 1311 1831 ,
1342 1767 1400 1820 ὲν
1427 1766 1632 1822 ἅπασιν
1663 1771 1832 1842 ἀφρο-

1944 1781 2203 1838 circuitus
2234 1783 2502 1838 beneficio
2524 1784 2752 1854 recipit.
2793 1784 2929 1840 Nam
2962 1787 3018 1840 in
3038 1764 3342 1857 angustum
3375 1784 3522 1840 fera-

240 1859 413 1931 σύνην
447 1859 711 1932 κέκτηται
741 1859 836 1914 ειοῦ
862 1860 1036 1925 ζώουο
1069 1860 1129 1914 οὐ
1154 1859 1266 1932 μὴν
1296 1862 1400 1914 κᾶν
1425 1861 1488 1915 τὸ
1519 1863 1698 1933 ὀλίγον
1731 1863 1826 1918 τοῦ

237 1945 488 2010 ἐπαίνου.
532 1953 620 2017 Ὦς
653 1947 745 2007 οὖν
789 1953 884 2006 καὶ
916 1951 1057 2025 αὕτη
1094 1954 1127 2023 ὴ
1176 1954 1422 2026 αἵρεσις,
1462 1954 1636 2025 σαῦρα
1693 1958 1828 2027 ἡμῖν

235 2043 497 2115 λεχθεῖσα
519 2044 719 2117 ἡλιακὴ
742 2084 756 2111 ,
807 2045 900 2099 καὶ
930 2044 1516 2115 καταπατηθεῑσαὺπδ
1550 2047 1650 2118 τῆς
1694 2048 1829 2120 ἁλη-

237 2135 396 2200 θείας
433 2136 599 2192 αὐτοῦ
633 2138 859 2209 μενέτω,
894 2137 1060 2208 μηδὲν
1089 2138 1461 2209 κατισχύουσα
1497 2140 1627 2212 περὶ
1649 2140 1666 2171 ⁸
1691 2140 1826 2194 Θεοῦ

232 2228 520 2298 ἆληθείας.
571 2228 761 2300 Ἡμεῖς
808 2228 865 2282 δὲ
919 2229 1010 2281 ἐπὶ
1046 2228 1144 2293 τὰς
1199 2229 1397 2297 ἄλλας,
1451 2231 1528 2295 ὼς
1578 2231 1826 2303 εἴπομεν,

237 2318 369 2391 ὲξορ
377 2322 449 2393 μή
457 2337 656 2391 σωμεν.

1935 1886 2081 1938 men,
2103 1874 2249 1942 quod
2274 1875 2341 1929 ad
2369 1874 2634 1930 orientem
2659 1875 3086 1943 obversumvest,
3116 1877 3365 1940 subiens,
3389 1890 3520 1931 sese

1935 1965 2269 2036 comprimit,
2293 1967 2477 2036 pabuli
2501 1983 2719 2039 expers,
2739 1979 2793 2025 et
2816 1968 2885 2023 ad
2902 1968 3518 2038 orientemrespiciens.

1934 2052 2137 2109 Contra
2170 2056 2395 2114 haeresis
2425 2058 2530 2114 ista
2575 2043 2931 2115 stoliditatem
2981 2061 3201 2130 quidem
3248 2060 3302 2113 in
3336 2059 3520 2113 omni-

1938 2147 2044 2203 bus
2072 2148 2324 2205 animalis
2363 2150 2528 2220 hujus
2555 2153 2844 2224 exprimit:
2882 2152 3032 2222 quod
3058 2152 3111 2206 in
3145 2167 3212 2207 eo
3232 2166 3370 2206 vero
3402 2151 3522 2203 tau--

1946 2238 2128 2295 (labile
2156 2250 2263 2307 est,
2286 2258 2353 2298 ne
2376 2243 2602 2298 minima
2631 2244 2851 2314 quidem
2886 2260 2950 2299 ex
2982 2252 3135 2314 parte
3160 2245 3390 2301 obtinet.
3414 2247 3522 2317 lgi-

1937 2336 2029 2385 tur
2055 2347 2177 2402 quae
2220 2349 2251 2388 a
2278 2334 2439 2390 nobis
2467 2335 2690 2391 haeresis
2727 2336 2934 2392 lacerta
2964 2338 3168 2393 solaris
3191 2339 3515 2410 appellatur,

235 2426 276 2467 a
309 2411 534 2468 veritate
571 2412 888 2482 proculcata
950 2410 1114 2467 modo
1150 2410 1517 2483 relinquatur,
1574 2428 1702 2469 cum
1724 2415 1865 2472 nihil
1899 2420 2166 2479 adversus
2201 2423 2443 2480 divinam
2482 2426 2768 2481 veritatem
2843 2425 3055 2484 efﬁcere
3089 2430 3350 2500 potuerit.
3412 2414 3523 2486 Dios

214 2504 464 2559 -iutcrim
496 2502 563 2557 ad
589 2504 747 2570 alias,
774 2512 834 2559 ut
858 2504 1065 2560 dictum
1096 2519 1203 2571 est,
1226 2508 1666 2580 progrediamur.

584 2645 791 2698 KA‘fA
818 2644 1299 2701 esoaorrANoN
1327 2648 1477 2717 (67),

250 2778 581 2848 Τριακοστὴ
619 2779 864 2849 τετάρτη
889 2821 905 2845 ,
936 2783 988 2850 ἡ»
1009 2783 1107 2836 καὶ
1147 2784 1537 2855 πεντηκοστὴ
1563 2783 1833 2856 τετάρτη.

317 2918 397 2969 Δ’.
426 2915 651 2985 Ἀνέστη
684 2915 845 2970 πάλιν
873 2915 1128 2980 Θεόδοτός
1153 2926 1255 2981 τις,
1284 2917 1628 2989 ἀπόσπασμα
1659 2919 1836 2992 ὑπάρ-

2291 2657 2571 2716 CONTRA
2601 2660 3163 2728 TllEODOTlANOS,

2304 2782 2546 2849 Hazresis
2571 2792 2768 2848 XXXI
2786 2794 2825 2849 V
2854 2796 2963 2850 sive
2988 2794 3143 2851 ιιιι.

2008 2922 2046 2977 Ι.
2090 2921 2417 2982 Theodotus
2460 2927 2659 2982 iterum
2706 2929 2899 2983 nescio
2933 2932 3057 3002 quis
3099 2932 3344 2999 emersit,
3377 2934 3529 2989 velut

241 3025 357 3078 χων
384 3010 448 3062 ἐκ
470 3008 571 3079 τῆς
598 2999 1003 3079 προειρημένης
1030 3009 1227 3077 ἀλόγου
1273 3009 1539 3082 αἱρέσεως
1559 3052 1573 3076 ,
1600 3012 1697 3082 τῆς
1732 3014 1833 3084 ἀρ-

1944 3014 2210 3084 appendix
2243 3018 2494 3087 quaedam
2540 3018 2691 3073 illius
2733 2999 2979 3083 haresis,
3024 3036 3187 3090 quam
3229 3023 3526 3093 Alogorum

236 3096 512 3167 νουμένης
549 3097 610 3150 τὸ
635 3099 775 3153 κατὰ
815 3100 1065 3172 Ἰωάννην
1114 3100 1443 3171 Εὑαγγέλιον
1471 3142 1484 3167 ,
1516 3103 1611 3155 καὶ
1653 3103 1746 3156 τὸν
1773 3105 1831 3156 ὲν

240 3188 399 3259 αὐτῷ
447 3189 504 3243 ὲν
534 3189 676 3261 ἀρχῇ
705 3188 833 3244 ὄντα
851 3190 983 3244 Θεὸν
1007 3192 1196 3261 Λόγον,
1230 3193 1325 3246 καὶ
1348 3193 1448 3266 τὴν
1477 3194 1642 3248 αὐτοῦ
1678 3196 1838 3250 Ἀπο-

240 3280 503 3351 κάλυψιν,
535 3281 671 3335 ἀλλὰ
710 3285 805 3336 καὶ
836 3287 957 3347 ταῖς
995 3284 1185 3350 ἄλλαις
1219 3286 1465 3359 αἱρέσεσι
1494 3291 1616 3352 ταῖς
1649 3305 1839 3361 προει-

244 3374 516 3445 ρημέναις
545 3375 944 3447 συγγενόμενός
972 3394 1038 3430 τε
1057 3379 1152 3431 καὶ
1177 3379 1545 3450 συνυπάρξας,
1577 3381 1670 3434 καὶ
1693 3380 1836 3435 κατὰ

240 3464 343 3519 ’τδν
379 3467 568 3538 χρόνον
617 3466 790 3530 αὐτὰς
826 3467 1206 3540 διαδεξάμενος
1228 3513 1243 3534 ,
1280 3471 1338 3537 ἐξ
1369 3465 1538 3544 οὗπερ
1564 3475 1614 3527 oi
1644 3474 1837 3528 Θεοδο-

244 3559 424 3612 τιανοὶ
461 3558 805 3630 καλούμενοι.
847 3561 959 3615 Καὶ
1010 3563 1058 3614 εί
1111 3561 1211 3631 μὲν
1263 3562 1499 3635 ὑπάρχει
1548 3568 1580 3636 ή
1626 3568 1838 3639 αἵρεσις

242 3649 330 3702 ἔτι
353 3647 492 3719 αὕτη
516 3649 853 3721 ἀγνοουμένη
879 3652 898 3682 ³
919 3662 943 3680 ’⁷
967 3648 1036 3702 τὰ
1066 3650 1123 3704 δὲ
1146 3652 1226 3715 είς
1248 3652 1396 3723 ἡμᾶς
1418 3654 1525 3707 ἀπὸ
1557 3672 1840 3726 συγγραμ-

218 3788 221 3791 ,
250 3741 442 3811 μάτων
482 3740 707 3796 ἐλθόντα
732 3741 984 3812 ἒροῦμεν.

1422 3946 1451 3965 θ

292 4033 303 4048 ’
324 4024 493 4095 Οὗτος
530 4033 559 4084 ό
586 4024 837 4094 Θεόδοτος
860 4029 968 4083 ἀπὸ
1003 4025 1297 4095 Βυζαντίου
1332 4030 1431 4101 μὲν
1457 4030 1705 4103 ὡρμᾶτο,
1744 4030 1841 4101 τῆς

232 4124 735 4195 -νυνὶκαλουμένης
772 4124 1182 4177 Κωνσταντίνου
1215 4122 1442 4186 πόλεως,
1474 4124 1705 4185 σκυτεὺς
1744 4124 1841 4192 τὴν

246 4218 469 4289 τέχνην,
514 4214 836 4288 πολυμαθὴς
887 4216 945 4269 δὲ
991 4215 1068 4287 τῷ
1125 4215 1288 4287 λόγῳ.
1340 4211 1507 4279 Οὗτος
1559 4216 1679 4287 ἃμα
1730 4215 1841 4268 τισὶ

250 4309 497 4363 πλείοσιν
541 4310 598 4361 ὲν
644 4307 821 4379 καιρῷ
866 4306 1106 4378 διωγμοῦ
1144 4308 1451 4370 ἐνστάντος,
1483 4307 1582 4360 οὐκ
1619 4302 1734 4360 οἶδα
1763 4309 1831 4359 εἰ·

1937 3106 2160 3161 nomine
2182 3109 2722 3178 comprehendimus,
2749 3128 2872 3182 quae
2892 3110 3121 3170 Joannis
3147 3113 3526 3184 Evangelium,

1936 3206 1991 3255 et
2015 3199 2185 3255 Deum
2213 3200 2363 3254 illum
2388 3201 2558 3275 ’463
2588 3201 2850 3269 Verbum,
2887 3206 3033 3276 quod
3064 3221 3094 3260 a
3126 3207 3398 3278 principio
3426 3208 3535 3263 ibi-

1937 3291 2059 3347 dem
2093 3292 2264 3348 fuisse
2289 3294 2514 3361 dicitur,
2567 3311 2779 3352 necnon
2808 3304 2863 3352 et
2883 3297 3252 3368 Apocalypsin:
3298 3301 3527 3369 respuit.

1940 3380 2048 3437 Sed
2090 3388 2145 3437 et
2189 3382 2422 3437 aliarum
2474 3392 2601 3440 ante
2644 3394 3200 3441 commemoratarum
3252 3386 3529 3442 haereseon

1938 3474 2342 3530 consuetudine
2387 3490 2523 3531 usus
2577 3482 2663 3533 est
2691 3474 3038 3541 Theodotus,
3075 3484 3135 3532 et
3167 3478 3358 3533 eodem
3395 3487 3533 3533 tem-

1940 3581 2074 3637 pore
2104 3567 2262 3635 vixit,
2299 3575 2465 3638 atque
2490 3568 2601 3624 illis
2626 3577 2816 3639 postea
2844 3571 3138 3638 successit,
3164 3585 3193 3624 a
3225 3586 3334 3641 quo
3352 3570 3536 3626 Theo-

1940 3654 2389 3710 dotiani.nomen
2432 3665 2787 3727 acceperunt.
2837 3656 2964 3713 'Jam
3012 3674 3142 3715 vero
3182 3662 3326 3716 sitne
3373 3661 3535 3715 hodie

1942 3755 2222 3815 snperstes
2248 3745 2364 3800 haec
2381 3745 2627 3811 haeresis,
2647 3749 2808 3817 plane
2833 3750 3141 3806 nescimus:
3172 3766 3293 3820 quae
3314 3753 3533 3823 quidem

1942 3837 2208 3891 librorum
2241 3838 2617 3893 monumentis
2653 3839 2721 3893 ad
2751 3850 2998 3895 nostram
3029 3844 3351 3909 meritoriam
3384 3860 3534 3899 COIII-
3588 3913 3596 3919 _

1942 3928 2199 3984 mendata
2226 3937 2620 3999 pervenerunt,
2648 3946 2713 3986 ea
2741 3932 3118 3988 narrabimus.

2004 4020 2334 4076 Theodotus
2369 4021 2538 4092 igitur
2596 4022 2700 4079 iste
2757 4022 3017 4095 Byzantio
3065 4025 3355 4089 oriundus,
3403 4044 3523 4097 qu».

1944 4110 2108 4166 hodie
2144 4110 2653 4180 Constantinopolis
2685 4112 2911 4191 dicitur,
2947 4122 3064 4169 arte
3096 4117 3365 4171 coriarius
3394 4126 3534 4179 erat.

1946 4202 2111 4268 homo
2140 4202 2388 4272 apprime
2419 4203 2615 4258 litteris
2662 4204 2931 4261 eruditus.
2974 4206 3079 4271 Qui
3115 4222 3238 4262 cum
3272 4209 3395 4263 aliis
3424 4210 3540 4279 ple-

1944 4292 2133 4364 risque
2190 4292 2413 4348 ineunte
2460 4296 2842 4363 persecutione
2886 4298 3315 4367 comprehensus
3368 4301 3540 4371 (qua:-

246 4407 378 4457 πεῖν
409 4406 466 4457 ἐν
493 4401 571 4473 τῷ
627 4400 893 4471 τοιούτῳ³
935 4398 1045 4471 (68)
1078 4398 1325 4470 διωγμῷ,
1359 4397 1469 4452 ἀπὸ
1500 4396 1595 4452 τοῦ
1625 4399 1724 4470 τῆς
1750 4399 1834 4453 πό-

1950 4398 2076 4440 nam
2114 4399 2244 4440 vero
2291 4399 2354 4439 ea
2407 4387 2720 4455 persecutio
2750 4386 2935 4453 fuerit,
2971 4389 3215 4443 nondum
3240 4394 3537 4462 comperi).

250 4496 393 4558 λεως
432 4492 689 4567 ἄρχοντος
740 4491 1065 4562 συλληφθεὶς
1102 4493 1239 4561 μετὰ
1302 4490 1582 4557 πλειόνων,
1628 4490 1723 4544 καὶ
1754 4488 1843 4553 ἐξ-

1950 4475 2045 4533 sed
2071 4484 2187 4531 tum
2221 4477 2289 4532 ab
2322 4478 2475 4533 urbis
2499 4477 2754 4549 praefecto
2786 4494 2914 4535 cum
2948 4481 3198 4551 pluribus
3229 4493 3539 4554 correptus.

252 4585 505 4649 ετασθεὶς
540 4586 637 4638 σὺν
669 4587 782 4648 τοῖς
804 4583 983 4647 ἄλλοις
1014 4583 1161 4653 ὑπὲρ.
1187 4581 1447 4654 Χριστοῦ,
1477 4584 1526 4635 οἱ
1561 4585 1659 4653 μὲν
1693 4581 1834 4635 ἄλλοι

1954 4585 2076 4624 cum
2113 4569 2182 4626 de
2213 4571 2470 4626 omnibus
2511 4572 2742 4642 quastio
2781 4573 2854 4627 ob
2888 4571 3096 4629 Christi
3132 4590 3333 4630 nomen
3376 4576 3543 4629 hahe-

252 4678 457 4741 πάντες
504 4676 639 4731 Θεοῦ
684 4675 881 4740 δοῦλοι,
930 4675 990 4729 τὸ
1023 4678 1171 4739 νῖκος
1214 4674 1673 4746 ἀπενεγκάμενοι,
1708 4674 1845 4747 βρα-

251 4771 419 4824 δείων
464 4768 653 4841 ἔτυχον
691 4768 1050 4840 ἐπουρανίων,
1091 4768 1232 4838 ὑπὲρ
1264 4766 1502 4840 Χριστοῦ
1560 4768 1845 4840 μαρτυρή-

254 4872 486 4921 σαντεςο
536 4850 692 4920 οὗτος
738 4856 817 4918 δὲ,
840 4856 1083 4928 Χριστὸν
1113 4857 1492 4927 ἀρνησάμενος
1541 4858 1634 4911 καὶ
1665 4875 1845 4931 παρα-

253 4946 440 5001 πεσὼν
468 4946 562 5001 τοῦ
595 4945 799 5001 σκοποῦ
830 4947 933 5017 τῆς
963 4946 1246 5018 ἀληθείας,
1273 4948 1332 5000 έν
1379 4947 1722 5018 παρεκϐάσει
1751 4965 1845 5017 γε-

252 5039 480 5111 γένηται
501 5056 515 5070 ο
558 5040 652 5093 καὶ
685 5036 796 5092 ἀπὸ
819 5034 1080 5106 αἰσχύνης
1111 5035 1313 5107 πολλῆς
1335 5037 1440 5090 ὑπὸ
1469 5035 1677 5091 πολλῶν
1698 5037 1846 5091 ’ὀνει-

251 5132 555 5203 διζόμενος,
585 5131 862 5200 ἀπέδρασε
891 5131 991 5199 τῆς
1023 5127 1218 5182 ἑαυτοῦ
1250 5126 1523 5199 πατρίδος.
1574 5127 1684 5181 Καὶ
1711 5129 1846 5182 ἀνα-

1950 4672 2127 4729 retur,
2161 4664 2343 4720 caeteri
2363 4665 2583 4736 qdidem
2604 4662 2713 4720 Dei
2744 4665 2955 4730 famuli,
2983 4675 3257 4737 reportata
3288 4668 3541 4732 victoria,

1952 4755 2178 4811 caeleste
2231 4757 2516 4827 praemium
2575 4760 2861 4823 consecuti
2916 4768 3080 4823 sunt,
3130 4760 3393 4831 martyrio
3444 4775 3544 4831 pro

1953 4845 2177 4902 Christo
2221 4845 2522 4916 perfuncti.
2575 4845 2645 4901 At
2694 4847 2787 4902 ille
2832 4846 3114 4902 Christum
3158 4865 3392 4919 negans,
3424 4858 3476 4903 et
3512 4864 3542 4901 a

1953 4955 2124 5010 scopo
2176 4940 2426 4995 veritatis
2474 4938 2759 5004 cxcidens,
2791 4948 3169 5011 transgressor
3205 4947 3287 4995 est
3340 4940 3541 4995 factus.

1946 5034 2079 5099 ‘Qua
2107 5047 2175 5087 ex
2203 5046 2283 5098 re,
2313 5046 2439 5087 cum
2463 5031 2677 5101 .probro
2700 5032 2942 5086 omnium
2979 5033 3250 5102 appetitus
3279 5031 3542 5102 pudorem

1956 5125 2235 5181 sustinere
2258 5138 2365 5178 non
2405 5124 2843 5193 possetirelicta
2893 5124 3091 5194 patria,
3125 5124 3390 5194 profugus
3442 5120 3543 5176 Ro-

256 5222 362 5287 ϐὰς
412 5223 493 5288 είς
538 5218 806 5294 “⁴Ρώμην,
842 5221 1038 5273 ’ἐκεῖσε
1071 5217 1359 5291 διέτριϐεν.
1424 5216 1560 5270 ’Υπό
1606 5234 1751 5280 τινος
1789 5216 1834 5270 δὲ

1955 5232 2101 5271 mam
2138 5215 2443 5281 contendit,
2493 5223 2549 5271 et
2580 5216 2691 5271 illic
2730 5216 3016 5272 habitavit.
3056 5214 3163 5272 Sed
3198 5226 3251 5271 et
3287 5214 3477 5271 Romae
3520 5230 3544 5269 ε

228 5340 232 5349 1
335 5381 350 5411 ³
378 5378 526 5434 Adde
555 5376 654 5447 τῆς
688 5377 834 5447 περί.
923 5378 953 5407 ³
977 5374 1038 5430 ιθ.
1066 5372 1389 5446 ἀγνοοῦμεν.
1471 5371 1584 5429 ³τΡ.
1611 5372 1805 5443 ὁποίῳ.

331 5537 445 5608 (67)
484 5532 903 5608 Θεοδοτιᾳνῷγς.
959 5529 1226 5608 Theodoti
1277 5529 1506 5608 coriatji
1557 5528 1842 5608 Byzantini

262 5600 510 5664 meminit
538 5600 804 5660 Eusebius
825 5604 919 5659 lib.
950 5619 984 5657 ν
1017 5601 1246 5664 "istan,
1275 5616 1398 5670 cap.
1438 5600 1616 5663 27,Act
1646 5600 1737 5654 alii
1764 5601 1844 5654 ci-

250 5680 358 5733 .tati
394 5693 423 5731 a
455 5677 688 5732 Baronio
741 5676 805 5729 Α.
861 5673 983 5729 196.
1023 5672 1360 5738 Augustinus
1409 5670 1840 5727 'l'heodotioncm

254 5749 528 5805 tiominat.
572 5746 800 5802 Exstant
834 5745 1166 5801 collectanea
1201 5760 1228 5797 a
1260 5739 1526 5800 Theodoti
1557 5740 1842 5810 cujusdam

1952 5527 2174 5597 scriptis
2191 5525 2331 5597 apud
2353 5524 2524 5597 Clem.
2552 5539 2675 5597 quae
2700 5539 2809 5597 non
2836 5522 3056 5597 sapiunt
3078 5522 3443 5597 Catholicam.

2018 5591 2137 5669 ,(68)
2171 5591 2294 5669 Οὔκ
2317 5591 2674 5669 οἶδα-εἰθίεᾷ
2700 5595 2769 5649 ἐν
2792 5593 2871 5661 τῷ
2900 5591 3164 5669 τοιούτῳ.
3192 5594 3547 5669 correximus

1953 5665 2142 5738 ὁποίῳ.
2185 5667 2301 5723 Sub
2335 5665 2404 5719 Μ.
2446 5665 2654 5720 Aurelii
2689 5665 3064 5733 persecutione
3107 5666 3253 5721 istud
3294 5665 3543 5738 contigit,

1956 5749 2013 5794 ut
2037 5738 2235 5794 Barea.
2276 5738 2474 5792 ibidem
2501 5738 2721 5794 asserit.
