3958 6426
282 321 414 379 Ὧῧὸ

980 320 1352 378 Αογειιευε
1393 316 1736 376 ΗΔΕΒΕΞΕΞ
1772 315 1901 369 LlB.

2009 354 2016 368 .
2062 311 2227 366 TOM.
2274 312 2386 364 1.-
2427 309 2701 365 ίΙᾸΞΒΕὸ.
2739 305 2870 362 LIV.
2908 352 2909 359 η

3476 303 3595 363 θῧϐ.

383 433 457 493 τ’.
473 429 584 488 Kal
604 429 766 485 πάλιν
786 426 841 481 δὲ
859 426 887 478 6
908 423 1069 490 αὐτὸς
1088 421 1344 507 Θεόὸοτός
1368 438 1532 493 φησι·
1560 421 1672 478 Kal
1696 424 1726 476 6
1746 423 1904 494 νόμος

2079 421 2166 475 ltl.
2229 418 2435 490 Objicit
2484 427 2743 490 prteterca
2801 414 3116 470 Theodotus
3162 430 3177 468 :
3228 412 3335 468 Lex
3385 412 3461 467 ita
3516 415 3586 468 de

308 524 443 599 vrte
470 521 639 578 αὑτοῦ
665 520 768 591 ἔφη
788 532 802 547 ”
835 516 1161 587 Προφήτην
1186 515 1257 568 ἐκ
1284 513 1405 569 τῶν
1438 513 1723 584 ἀδελφῶν
1740 513 1910 581 ὑμῶν

305 620 507 692 ἐγερεῖ
531 621 748 688 Κύριος
771 619 851 684 ὡς
881 614 984 687 ἐμὲ
1007 633 1022 647 ο
1073 614 1259 669 αὐτοῦ
1295 613 1610 667 ἀκούσετε.
1663 607 1903 678 Μωῦσῆς

305 714 367 766 δὲ
405 709 473 783 ἦν
513 710 820 781 ἅνθρωπος.
863 710 923 761 '0
967 707 1024 760 δὲ
1059 709 1124 759 ἐκ
1151 703 1288 758 Θεοῦ
1335 701 1702 773 ἐγειρόμενος,
1745 695 1897 765 φησι,

307 802 546 874 Χριστὸς
572 796 725 864 οὗτος
762 799 863 853 οὐκ
890 793 959 869 ἦν
1000 796 1156 861 Θεὸς,
1186 793 1323 848 ἀλλὰ
1352 792 1634 864 ἄνθρωπος
1655 804 1669 817 ·
1714 784 1901 856 ἐπειδὴ

308 894 372 960 ἐξ
440 891 621 946 αὐτῶν
680 887 749 962 ἦν
777 931 791 955 ,
853 890 931 953 ὼς
994 887 1091 942 καὶ
1141 885 1382 956 Μωῦσῆς
1440 882 1726 953 ἅνθρωπος
1808 875 1896 949 ἦν.

310 984 424 1037 Kal
495 983 597 1036 οὐκ
664 977 804 1034 οἶδεν
868 980 923 1031 ὲν
992 976 1209 1046 ἑαυτῷ,
1287 977 1315 1027 6
1375 974 1432 1025 ὲν
1488 971 1899 1043 παραπτώματι

284 1073 552 1143 γεγονὼς
588 1072 859 1134 Θεόδοτος,
890 1068 1008 1131 πῶς
1050 1067 1209 1120 πάλιν
1238 1064 1440 1136 ἑκάστη
1477 1062 1622 1127 λέξις
1653 1062 1764 1132 ἔχει
1802 1059 1899 1131 τὴν

307 1166 511 1237 ἑαυτῆς
578 1162 895 1226 ἀσφάλειαν.
960 1160 1082 1212 Ὅτι
1145 1158 1245 1228 μὲν
1305 1155 1365 1221 ἐξ
1426 1154 1669 1223 ἀδελφῶν
1738 1152 1898 1205 αὑτὸν

307 1261 502 1331 1ἷγειρε
550 1255 774 1327 Κύριος.
822 1252 909 1305 διὰ
961 1250 1020 1303 τὸ
1058 1250 1123 1302 ἐκ
1158 1248 1381 1319 Μαρίας
1430 1246 1590 1299 “ore”
1634 1244 1895 1314 γεγεννῆ’

310 1349 460 1413 σθαι,
492 1347 568 1411 ὼς
598 1346 784 1414 λέγει·
825 1339 979 1396 Ἰδοὺ
1018 1340 1053 1407 ὴ
1085 1336 1380 1405 παρθένος
1411 1336 1482 1389 ἐν
1510 1334 1721 1404 γαστρὶ
1749 1333 1891 1398 ἔξει,

308 1441 409 1494 καὶ
469 1438 698 1498 τέξεται
750 1435 917 1487 υἱόνο
966 1434 1094 1495 καὶ,
1149 1427 1453 1498 Παρθένος
1497 1427 1772 1497 μένουσα
1826 1426 1895 1480 ἐν

292 1532 523 1603 ,γαστρὶ
552 1529 689 1596 ἔξει,
723 1526 823 1580 οὐκ
852 1526 915 1577 ὲκ
961 1522 1275 1594 σπέρματος
1313 1520 1524 1592 ἀνδρὸς,
1557 1519 1653 1572 καὶ
1680 1516 1893 1582 τέξεται

308 1625 446 1688 υἱὸν,
477 1621 634 1691 δῆλον
668 1621 725 1673 ὲν
758 1617 923 1689 σαρκὶ
947 1615 1008 1668 τὸ
1037 1615 1286 1684 γέννημα
1318 1612 1426 1666 ἀπὸ
1467 1609 1734 1682 παρθένου
1764 1624 1889 1678 γεν-

305 1715 573 1786 νώμενον.
617 1710 775 1763 Ἀλλὰ
823 1708 1159 1762 καλέσουσι
1205 1704 1273 1758 τὸ
1305 1703 1492 1772 ὄνομα
1522 1701 1711 1756 αὑτοῦ
1756 1702 1891 1769 Ἐμ-

306 1775 611 1873 μανουὴλ,
642 1798 673 1852 ὃ
708 1797 1116 1867 ἑρμηνεύεται,
1154 1794 1297 1859 Θεὸς
1338 1794 1469 1862 μεθ’
1504 1790 1691 1861 ήμῶν.
1744 1791 1901 1844 Ἔστι

2009 1802 2143 1849 tttm.
2177 1794 2257 1848 Ad
2300 1795 2416 1848 haec
2460 1812 2473 1846 :

305 1897 422 1965 γὰρ
462 1892 594 1956 Θεὸς
642 1890 965 1961 ἄνθρωπος,
1024 1886 1133 1941 ἀπὸ
1192 1885 1405 1955 Πατρὸς
1466 1884 1565 1954 μὲν
1621 1882 1904 1953 γεννηθεὶς

306 1987 565 2056 ἁνάρχως
597 1982 692 2037 καὶ
722 1981 988 2052 ἀχρόνως,
1016 1978 1301 2049 ἄνθρωπος
1332 1976 1389 2030 δὲ
1426 1975 1535 2029 ἀπὸ
1563 1974 1783 2046 Μαρίας
1816 1974 1903 2027 διὰ

305 2076 409 2143 τὴν
439 2074 701 2143 Ενσαρκον
727 2069 1053 2141 παρουσίαν.

383 2247 538 2316 Εἶτα,
580 2250 735 2319 φησὶ,
771 2248 863 2301 καὶ
910 2247 1044 2300 αὐτὸ
1082 2246 1145 2299 τὸ
1177 2243 1510 2312 Εὐαγγέλιον
1539 2230 1652 2314 (70)
1689 2240 1794 2311 ἔφη
1836 2242 1903 2312 τῇ

309 2343 505 2416 Μαρίᾳ
532 2357 549 2376 ο
611 2341 855 2410 Πνεῦμα
907 2340 1129 2408 Κυρίου
1191 2338 1586 2391 ἐπελεύσεται
1637 2335 1737 2390 ἐπὶ
1792 2333 1900 2388 σέ·

311 2435 410 2489 καὶ
437 2435 538 2488 οὐκ
579 2427 734 2486 alter
770 2431 1015 2500 Πνεῦμα
1059 2430 1283 2496 Κυρίου
1322 2427 1640 2498 γενήσεται
1672 2428 1742 2482 ἐν
1781 2426 1901 2481 σοί.

309 2526 408 2580 Διὸ
437 2527 502 2578 ἐκ
548 2522 889 2593 πανταχόθεν
920 2519 1243 2590 φιλονεικῶν
1282 2520 1311 2571 6
1357 2518 1581 2589 ἀνόητος
1620 2518 1907 2591 ἄνθρωπος

310 2615 572 2670 ἐκπίπτει
599 2613 698 2684 τῆς
724 2610 1004 2683 ἀληθείας.
1042 2608 1478 2679 ’Λσφαλιζομένη
1512 2608 1621 2679 γὰρ
1652 2611 1685 2680 ή
1714 2610 1907 2682 Γραφὴ

313 2704 651 2775 πανταχόθεν
695 2703 795 2773 τὴν
842 2701 1119 2774 ἡμετέραν
1163 2699 1329 2771 ζωὴν,
1384 2692 1472 2752 ἵνα
1516 2699 1722 2770 Τριάδα
1758 2698 1909 2772 δείξῃ

314 2793 493 2863 πάντη
523 2808 581 2845 τε
605 2793 699 2844 καὶ
726 2792 783 2845 ἐν
815 2791 979 2843 παντὶ
1003 2788 1135 2842 εῖδει
1161 2787 1425 2842 συνοῦσαν
1457 2790 1622 2859 ἑαυτῇ
1648 2788 1740 2841 καὶ
1784 2805 1909 2842 συν-

311 2881 605 2955 εργοῦσαν,
643 2880 729 2933 ἵνα
769 2881 843 2951 μή
879 2895 1024 2942 τινες
1053 2879 1300 2941 εἴπωσιν,
1339 2878 1414 2941 ὡς
1442 2878 1537 2930 καὶ
1568 2878 1754 2932 πολλοὶ
1783 2896 1911 2951 προ-

313 2972 636 3042 φασίζονται
686 2972 901 3034 ἑαυτοῖς
950 2969 1127 3035 κακὰ,
1191 2968 1599 3040 ἀλλοτριοῦντες
1646 2970 1706 3024 τὸ
1755 2971 1909 3040 ἅγιον

312 3066 541 3136 Πνεῦμα
578 3064 673 3118 τοῦ
718 3062 955 3136 Χριστοῦ
997 3062 1093 3116 καὶ
1134 3061 1383 3132 Πατρόςο
1428 3062 1617 3116 τούτου
1653 3062 1840 3115 ἕνεκεν
1879 3064 1908 3115 6

312 3158 545 3228 ἄγγελος
575 3156 723 3226 λέγει
754 3159 820 3227 τῇ
852 3154 1087 3226 Μαριάμ
1106 3171 1121 3184 ο
1163 3152 1405 3223 Πνεῦμα
1445 3153 1617 3225 ἅγιον
1657 3155 1908 3209 ἐπελεύ-

312 3265 488 3304 σεται
520 3248 619 3301 ἐπὶ
667 3246 762 3312 σὲ,
798 3247 896 3301 καὶ
942 3246 1199 3315 δύναμις
1238 3244 1534 3314 ’Υψίστου
1564 3246 1907 3303 ἐπισκιάσει

294 3356 437 3395 -σοι,
486 3337 585 3392 Διὸ
615 3337 716 3390 καὶ
756 3336 825 3390 τὸ
874 3336 1249 3407 γεννώμενον
1288 3335 1359 3387 ἐκ
1402 3334 1519 3389 σοῦ
1554 3335 1727 3405 ἅγιον
1763 3340 1907 3405 κλη-

314 3432 568 3500 θήσεται
613 3427 746 3493 Υἱὸς
775 3425 946 3482 Θεοῦ.
997 3426 1107 3479 Καὶ
1131 3426 1232 3480 οὐκ
1276 3422 1395 3479 εἷπε
1445 3427 1625 3497 μόνον,
1674 3427 1746 3482 Τὸ
1775 3445 1909 3495 τεν-

314 3523 608 3593 νὼμενον,
646 3519 801 3582 ἀλλὰ,
835 3518 935 3573 Διὸ
963 3520 1061 3572 καὶ
1096 3524 1163 3571 τὸ
1189 3516 1599 3587 γεννώμενον·
1633 3518 1719 3571 ἵνα
1758 3518 1910 3592 δείξῃ

316 3613 527 3670 ἄνωθεν
553 3611 687 3665 Θεὸν
725 3610 919 3678 Λόγον,
947 3609 1043 3662 καὶ
1072 3610 1129 3661 ὲν
1164 3610 1349 3679 μήτρᾳ.
1378 3607 1717 3679 γεννώμενον
1766 3609 1910 3663 κατὰ

317 3707 418 3777 τὴν
448 3702 643 3758 ἑαυτοῦ
680 3698 1115 3772 ὲνανθρώπησιν,
1154 3700 1245 3753 καὶ
1284 3700 1424 3752 κατὰ
1455 3699 1554 3771 τὴν
1595 3701 1789 3755 ἑαυτοῦ
1819 3702 1910 3753 εὑ-

314 3796 527 3850 δοκίαν.
566 3795 674 3848 Kal
699 3793 765 3847 δι’
795 3793 861 3861 ἢν
898 3791 1248 3863 ᾠκονόμησεν
1278 3791 1472 3845 ἑαυτοῦ
1499 3791 1909 3862 ὲνανθρὼπησιν

320 3894 400 3955 εἰς
438 3889 598 3962 ἡμῶν
632 3889 927 3961 σωτηρίαν,
968 3887 1330 3959 προσ-τίθησι⁸
1370 3886 1469 3941 Διὸ
1513 3888 1611 3941 καὶ
1658 3888 1725 3941 τὸ
1774 3904 1909 3957 γεν-

319 3982 590 4053 νώμενον
639 3982 811 4050 ἅγιον
860 3981 1229 4048 κληθήσεται
1286 3980 1419 4045 Υἱὸς
1466 3978 1636 4034 Θεοῦ.
1686 3981 1750 4033 Et
1802 3981 1911 4053 γὰρ

322 4072 468 4136 εἷπε,
508 4074 750 4143 Πνεῦμα
793 4073 967 4143 ἅγιον
1009 4074 1421 4127 εἰσελεύσεται
1470 4076 1557 4139 είς
1594 4074 1690 4138 σὲ,
1727 4073 1910 4127 οὐκέτι

322 4165 454 4220 Υἰὸν
478 4162 611 4216 Θεοῦ
639 4158 708 4234 ἦν
739 4162 989 4233 ἡγεῖσθαι
1019 4164 1076 4216 ὲν
1117 4163 1282 4234 σαρκὶ
1316 4163 1750 4235 παραγεγονότα,
1777 4163 1913 4217 ἀλλὰ

325 4255 551 4325 Πνεῦμα
578 4253 732 4322 ἅγιον
758 4256 815 4307 ὲν
845 4255 1011 4326 σαρκὶ
1038 4254 1490 4323 παραγεγονέναι.
1534 4254 1656 4307 Ὅτι
1682 4254 1739 4307 δὲ
1769 4253 1912 4308 ἄνω-

326 4343 419 4398 θέν
448 4346 598 4397 ἐστιν
640 4342 809 4396 ἐλθὼν
840 4344 870 4395 6
905 4342 1097 4405 Λόγος,
1142 4341 1414 4413 Ἰωάννης,
1453 4342 1756 4415 σαφηνίσας
1813 4345 1913 4413 τὴν

2006 512 2226 566 Christo
2262 518 2489 565 narrat:
2526 509 2847 579 Prophetnm
2888 524 2916 562 e
2956 504 3217 573 fratribus
3253 505 3438 559 vestris
3493 520 3585 560 su-

2005 604 2217 658 scitabit
2286 603 2542 657 Dominus
2579 611 2833 672 tanquam
2871 616 2987 664 me;
3040 599 3210 666 ipsum
3262 596 3487 650 audietis
3541 598 3556 628 ¹

2003 695 2168 765 Atqui
2202 694 2418 766 Moyses
2448 695 2612 748 homo
2640 700 2775 747 erat.
2800 691 2981 757 Quare
3011 690 3103 760 qui
3136 705 3164 743 a
3203 687 3312 743 Deo
3344 689 3583 743 suscita-

2008 793 2096 837 tus
2131 795 2237 848 est,
2268 783 2526 838 Christus
2583 783 2707 843 iste,
2742 796 2849 833 non
2895 777 3038 832 Deus
3072 785 3211 835 erat.
3244 778 3336 829 sed
3368 777 3530 827 homo
3567 791 3581 827 :

2003 873 2443 945 quandoquidem
2528 886 2557 925 a
2616 870 2819 926 Iudaeis
2885 869 3019 939 ipsis
3105 866 3375 921 oriundus
3442 873 3581 926 crat,

2002 964 2463 1036 quemadmodum
2495 971 2548 1017 et
2585 961 2798 1033 Moyses
2825 961 2987 1013 homo
3021 957 3139 1012 fuit.
3174 955 3373 1012 Verum
3409 958 3585 1011 nescit

2002 1058 2200 1126 impius
2282 1056 2374 1111 ille
2428 1054 2675 1110 desertor
2736 1053 3087 1114 Theodotus,
3140 1065 3303 1119 quam
3369 1050 3585 1118 egregie

2000 1163 2344 1218 unaquaque
2392 1146 2562 1201 dictio
2613 1161 2710 1203 sua
2744 1146 2999 1200 cautione
3044 1144 3249 1197 munita
3295 1141 3385 1197 sit.
3449 1138 3585 1193 Nam

1999 1241 2145 1312 quod
2175 1256 2206 1295 e
2255 1238 2517 1294 fratribus
2553 1239 2704 1293 illum
2736 1238 3000 1292 Dominus
3029 1234 3305 1300 excitavit,
3347 1249 3413 1285 eo
3446 1231 3587 1285 refe-

1997 1336 2225 1390 rendum
2260 1343 2364 1401 est,
2410 1334 2557 1403 quod
2603 1349 2634 1388 e
2668 1331 2836 1386 Maria
2880 1331 2951 1386 sit
2980 1330 3195 1400 genitus
3226 1345 3240 1381 :
3274 1341 3383 1396 quo
3416 1341 3583 1381 sensu

1998 1427 2130 1482 illud
2174 1427 2596 1496 accipiendum:
2641 1424 2773 1478 Ecce
2816 1422 2979 1495 465
3027 1422 3170 1491 virgo
3206 1421 3261 1473 in
3309 1429 3457 1472 utero
3491 1417 3587 1470 Ita-

1996 1519 2152 1583 bebit,
2186 1527 2236 1574 et
2262 1520 2433 1588 pariet
2480 1518 2656 1589 ﬁlium
2679 1520 2700 1549 ³
2731 1533 2745 1582 ;
2782 1516 2948 1585 virgo,
2984 1514 3226 1580 inquam.
3262 1526 3499 1573 manens,
3531 1509 3587 1562 in

1995 1621 2143 1666 utero
2177 1611 2417 1673 habebit,
2447 1626 2556 1665 non
2584 1625 2650 1665 ex
2688 1608 2790 1662 viri
2824 1606 3054 1668 semine,
3078 1604 3357 1673 liliumque
3390 1602 3588 1671 pariet,

1994 1699 2163 1756 fetum
2212 1702 2400 1770 utique
2443 1714 2609 1753 carne
2666 1696 2979 1767 praeditum,
3031 1703 3085 1748 et
3134 1707 3164 1746 a
3197 1691 3405 1760 virgine
3448 1688 3594 1759 geni~

2539 1789 2747 1843 Nomen
2795 1787 2909 1857 ejus
2945 1786 3199 1839 vocabunt
3254 1781 3589 1843 Emmanuel,

2004 1884 2143 1951 quod
2207 1884 2608 1952 interpretatur,
2646 1878 2940 1932 Nobiscum
2997 1875 3138 1928 Deus
3192 1874 3232 1926 ³.
3297 1873 3393 1927 Est
3445 1874 3590 1926 enim

2007 1973 2171 2027 ltomo
2209 1973 2351 2027 Deus
2384 1988 2414 2026 a
2462 1971 2642 2033 Patre,
2685 1969 2836 2024 nullo
2869 1981 3046 2036 neque
3080 1964 3368 2035 principio,
3414 1977 3594 2032 neque

2005 2074 2253 2136 tempore
2288 2065 2526 2137 genitus,
2576 2072 2631 2118 et
2668 2079 2732 2117 ex
2788 2059 2957 2114 Maria
3006 2058 3181 2131 factus
3222 2056 3406 2118 homo,
3454 2070 3592 2125 qua-

2004 2166 2169 2212 tenus
2209 2171 2374 2210 carne
2407 2156 2665 2225 praeditus
2696 2154 2934 2208 advenit.

2084 2246 2191 2301 Sed
2224 2255 2278 2300 et
2309 2246 2441 2299 illud
2476 2245 2723 2315 opponit,
2779 2243 2923 2312 quod
2975 2241 3027 2295 in
3079 2237 3375 2307 Evangelio
3410 2236 3595 2292 Maria;

2010 2353 2336 2409 responsum
2381 2338 2579 2407 legitur
2609 2354 2620 2387 τ
2659 2334 2892 2404 Spiritus
2924 2332 3143 2386 Domini
3183 2330 3506 2399 superveniet
3539 2329 3595 2382 in

2008 2442 2056 2483 tc
2104 2434 2145 2484 ⁸.
2194 2429 2309 2484 Νοιι
2350 2430 2494 2484 enim
2549 2428 2706 2491 dixit,
2744 2425 2975 2494 Spiritus
3027 2424 3239 2477 Domini
3277 2424 3377 2477 erit
3424 2423 3477 2474 in
3522 2431 3591 2475 te.

2018 2522 2169 2577 lluuc
2204 2521 2258 2575 in
2307 2521 2528 2575 modum
2562 2519 2798 2574 stolidus
2835 2517 3130 2571 homuncio
3178 2516 3379 2583 ubique
3409 2512 3595 2567 studio

2010 2614 2381 2669 contentionis
2432 2612 2609 2666 elatus
2665 2627 2693 2663 a
2755 2610 2984 2663 veritate
3046 2607 3323 2661 desciscit.
3382 2604 3592 2657 Etenim

2013 2702 2295 2773 Scriptura
2340 2716 2521 2765 sacra,
2570 2714 2682 2770 quo
2730 2701 2897 2753 vitam
2946 2705 3190 2752 nostram
3232 2694 3596 2763 undequaque

2012 2796 2273 2858 ﬁrmaret,
2310 2803 2478 2863 utque
2535 2800 2943 2847 sacrosanctam
2982 2789 3235 2844 Triadem
3282 2788 3506 2857 ubique,
3540 2793 3597 2841 et

2012 2885 2066 2939 in
2097 2885 2245 2938 omni
2295 2886 2572 2938 actionum
2604 2898 2804 2952 genere
2834 2883 3131 2936 convenire
3178 2895 3363 2935 secum
3396 2880 3594 2949 ipsam,

2012 2992 2076 3030 ac
2107 2977 2473 3041 communiter
2516 2972 2730 3028 edicere
2761 2973 3085 3037 declararet,
3128 2987 3191 3025 ac
3236 2988 3301 3025 ne
3345 2974 3437 3041 qui
3482 2970 3597 3023 tor-

2013 3079 2160 3123 tasse
2181 3071 2394 3138 jactare
2423 3067 2630 3137 aliquid
2662 3074 2906 3136 possent,
2931 3065 3075 3135 quod
3105 3081 3135 3117 a
3164 3063 3412 3133 pluribus
3443 3076 3599 3117 usur-

2010 3173 2195 3232 patum
2249 3171 2354 3225 est,
2411 3161 2502 3231 qui
2556 3176 2850 3230 pravorum
2904 3158 3219 3227 dogmatum
3275 3156 3598 3210 occasiones

2010 3254 2115 3310 sibi
2161 3259 2472 3323 captarunt,
2502 3262 2555 3307 et
2585 3267 2614 3305 a
2663 3250 2886 3305 Christo
2918 3250 3084 3304 simul
3134 3263 3196 3301 ac
3232 3245 3389 3301 Patre
3423 3246 3598 3315 Spiri—

2010 3355 2125 3402 tum
2175 3355 2424 3401 sanctum
2463 3344 2865 3409 abalienarunt,
2917 3350 3201 3412 propterea
3255 3340 3335 3394 sic
3369 3338 3595 3394 Mariam

2012 3440 2260 3509 angelum
2296 3438 2592 3491 allocutum
2641 3451 2765 3491 esse
2818 3433 3104 3502 Scriptura
3155 3437 3595 3487 commemorat:

2012 3532 2248 3602 Spiritus
2294 3541 2510 3584 sanctus
2554 3529 2881 3597 superveniet
2920 3528 2974 3578 in
3024 3536 3091 3589 te,
3126 3534 3176 3578 et
3219 3526 3383 3578 virtus
3432 3523 3599 3577 Altis-

2012 3626 2134 3678 simi
2179 3622 2513 3676 obumbrabit
2548 3620 2664 3674 tibi.
2714 3618 2941 3687 Ideoque
2984 3627 3031 3671 et
3072 3617 3209 3687 quod
3252 3625 3500 3670 nascetur
3535 3630 3602 3669 ex

1972 3776 1975 3781 λ
2013 3725 2061 3769 te
2111 3724 2375 3778 sanctum,
2417 3710 2692 3765 vocabitur
2734 3706 2913 3761 Filius
2945 3706 3040 3760 Dei
3076 3706 3119 3760 ⁵.
3161 3704 3270 3759 Nec
3321 3705 3372 3757 iit
3420 3705 3599 3758 solum

2012 3805 2171 3867 dixit,
2198 3803 2351 3869 Quod
2406 3812 2671 3862 nascetur,
2717 3800 2835 3862 sed,
2888 3797 3015 3851 Ideo
3062 3809 3110 3851 et
3151 3795 3290 3867 quod
3333 3804 3598 3857 nascetur,

2013 3894 2181 3949 Deum
2221 3903 2279 3947 ut
2312 3892 2552 3946 Verbum
2586 3907 2614 3943 a
2646 3889 2917 3959 principio
2949 3889 3120 3942 fuisse
3162 3896 3514 3948 monstraret,
3546 3890 3601 3939 et

2018 3986 2072 4037 in
2121 3984 2311 4037 matris
2366 3990 2520 4036 utero
2570 3982 2836 4048 genitum,
2889 3993 3013 4031 cum
3055 3988 3305 4031 naturam
3361 3977 3599 4033 hominis

2017 4083 2211 4143 sponte
2242 4087 2342 4128 sua
2377 4086 2441 4126 ac
2474 4072 2757 4125 voluntate
2792 4070 3056 4136 suscepit.
3096 4067 3165 4122 Ut
3202 4070 3368 4137 igitur
3403 4069 3600 4124 salutis

2017 4171 2217 4220 nostra:
2244 4163 2417 4232 gratia
2463 4167 2635 4216 totum
2684 4159 2816 4213 illud
2863 4168 3073 4212 naturae
3118 4170 3386 4227 suscepr
3432 4173 3603 4228 nego-

2015 4257 2149 4309 tium
2180 4254 2619 4310 administratum
2652 4253 3004 4322 intelliget-es,
3024 4251 3126 4305 ista
3153 4250 3417 4317 Subjecit-
3442 4249 3602 4304 Ideo-

2013 4366 2110 4420 que
2138 4358 2187 4402 et
2219 4348 2356 4416 quod
2382 4356 2629 4401 nascetur
2657 4356 2922 4407 sanctum,
2959 4344 3232 4399 vocabitur
3273 4341 3446 4397 Filius
3481 4343 3594 4398 Dei.

322 4433 419 4489 τοῦ
452 4433 684 4503 ἀγγέλου
724 4432 1086 4504 εὐαγγελικὴν
1122 4432 1327 4504 φωνὴν.
1378 4433 1563 4501 λέγει·
1610 4434 1714 4488 Ἕν
1751 4433 1904 4503 ἀρχῇ

2017 4438 2173 4506 Quod
2205 4438 2249 4495 si
2283 4439 2354 4492 ita
2386 4437 2638 4499 dixisset,
2670 4435 2902 4505 Spiritus
2945 4447 3162 4489 sanctus
3192 4435 3515 4505 ingredietur
3541 4434 3598 4487 in

324 4524 410 4594 ἦν
438 4526 471 4580 ό
504 4525 714 4593 Λόγος,
772 4523 933 4578 καὶὸ
976 4525 1166 4593 Λόγος
1222 4519 1304 4593 ἦν
1358 4525 1509 4591 πρὸς
1569 4525 1679 4577 τὸν
1736 4526 1905 4587 Θεὸν,

325 4615 429 4671 καί
457 4615 603 4681 Θεὸς
651 4610 731 4684 ἦν
771 4618 804 4669 ό
862 4616 1072 4685 Λόγος.
1153 4614 1354 4669 Πάντα
1411 4615 1488 4670 δι’
1544 4617 1731 4671 αὑτοῦ
1783 4618 1910 4688 ἐτέ-

326 4725 490 4773 νετο,
537 4705 637 4761 καὶ
667 4707 847 4775 χωρὶς
886 4707 1073 4761 αὑτοῦ
1121 4706 1357 4776 ἐγένετο
1404 4708 1548 4763 οὐδὲ
1609 4709 1718 4764 ἓν·
1788 4707 1908 4764 εἶτα

333 4797 474 4871 μετὰ
528 4796 735 4851 ταῦτα’
783 4798 895 4851 Kal
952 4803 984 4852 ό
1020 4802 1211 4871 Λόγος
1280 4800 1438 4870 σὰρξ
1488 4800 1753 4870 ἐγένετο·
1812 4805 1908 4857 καὶ

328 4892 429 4945 οὐκ
459 4885 580 4945 εἶπε
602 4905 615 4919 ο
652 4888 727 4942 Τὸ
753 4890 993 4960 Πνεῦμα
1042 4892 1199 4961 σὰρξ
1258 4891 1518 4962 ἐγένετο·
1576 4893 1699 4949 οὐδὲ
1748 4892 1869 4949 εἷπε
1892 4912 1906 4927 ·

327 4979 582 5051 Χριστὸς
610 4968 918 5047 ἅνθρωπος
944 4981 1256 5051 ἐγεννήθη.
1307 4983 1489 5054 Hdtch
1535 4985 1644 5055 γὰρ
1677 4987 1908 5055 ἀσφαλι-

328 5070 534 5141 ζομένη
586 5074 619 5144 ἡ
666 5072 787 5126 θεία
832 5072 872 5123 Γ
877 5072 1022 5143 ραφὴ
1068 5072 1201 5125 Θεὸν
1252 5074 1347 5126 καὶ
1395 5073 1679 5145 ἄνθρωπον
1750 5079 1909 5132 αὐτὸν

404 5249 421 5280 ⁸
453 5247 611 5304 Deut.
638 5262 793 5316 xvm,
820 5248 904 5304 l5.
979 5248 1002 5281 ¹
1041 5249 1144 5304 lsa.
1177 5265 1275 5316 vn,
1318 5249 1404 5304 M.
1481 5250 1502 5283 ⁸
1538 5251 1708 5318 ibid.;
1740 5251 1904 5307 Matth

403 5431 515 5503 (70)
540 5432 702 5505 Εἶτα,
720 5430 891 5505 φησι,
917 5432 1177 5505 καὶαύτὸ
1191 5436 1256 5489 τὸ
1275 5432 1663 5505 Euan-grav.
1690 5433 1783 5489 Vis
1801 5434 1901 5489 ista

332 5502 769 5559 ratiocinationis
803 5504 964 5568 hujus
1002 5502 1173 5559 fuisse
1206 5502 1453 5561 videtur.
1481 5502 1797 5559 Tneodotus
1848 5512 1908 5559 ut

331 5574 590 5643 probaret
619 5571 897 5643 Christum
924 5587 1129 5627 merum
1156 5613 1169 5638 ,
1206 5591 1271 5631 ac
1300 5575 1599 5643 simplicem
1632 5575 1907 5629 hominem

329 5641 475 5722 esse,
503 5641 667 5722 Lucae
700 5641 880 5722 verbis
898 5646 1185 5722 utebatur,
1235 5641 1435 5722 quibus
1466 5646 1693 5722 angelus
1730 5645 1909 5698 Mariae

329 5710 518 5779 dixit;
562 5719 1015 5782 superventurum
1076 5715 1128 5767 in
1169 5710 1288 5771 eam
1341 5710 1603 5784 Spiritu'm
1634 5723 1908 5779 sanctum,

2019 4542 2087 4597 te,
2118 4548 2226 4586 non
2256 4532 2368 4601 jam
2412 4531 2502 4585 Dei
2529 4528 2700 4586 Filius
2725 4545 2892 4584 carne
2916 4529 3199 4599 praeditus,
3226 4527 3320 4582 sed
3358 4525 3599 4596 Spiritus

2016 4630 2244 4679 sanctus
2302 4623 2519 4677 venisse
2569 4621 2904 4675 crederetur.
2962 4619 3117 4686 Quod
3173 4627 3354 4673 autem
3399 4634 3428 4673 e
3458 4619 3600 4671 caelo

2016 4710 2254 4769 Verbum
2282 4714 2582 4775 advenerit,
2607 4710 2845 4767 Joannes
2868 4711 3237 4780 evangelicam
3264 4711 3408 4764 illam
3435 4726 3599 4765 usur-

2017 4818 2197 4878 patam
2243 4809 2311 4862 ab
2352 4808 2543 4878 angelo
2575 4822 2763 4860 vocem
2798 4806 3084 4875 explicans
3137 4804 3211 4857 ita
3256 4810 3485 4857 testatur
3526 4803 3546 4832 ⁸
3579 4819 3593 4854 :

2019 4898 2086 4952 In
2133 4899 2388 4967 principio
2438 4909 2554 4952 erat
2603 4896 2864 4961 Verbum,
2914 4906 2962 4949 et
3031 4894 3251 4946 Verbum
3297 4906 3407 4946 erat
3456 4890 3599 4961 apud

2016 4988 2209 5049 Deum,
2242 4998 2292 5042 et
2328 4987 2464 5041 Deus
2486 4996 2600 5039 erat
2641 4985 2880 5039 Verbum.
2921 4984 3114 5039 Omnia
3133 4998 3223 5052 per
3258 4983 3426 5050 ipsum
3452 4981 3598 5051 facta

2019 5090 2163 5141 sunt,
2208 5087 2257 5133 et
2305 5078 2418 5132 sine
2465 5078 2579 5145 ipso
2630 5082 2830 5145 [actum
2869 5084 2946 5129 est
2990 5073 3140 5129 nihil.
3184 5072 3388 5128 Deinde
3434 5070 3598 5143 paulo

1970 5269 2005 5319 ι,
2042 5254 2132 5307 ‘23.
2215 5254 2237 5285 ⁵
2266 5253 2396 5307 Luc.
2428 5269 2465 5317 t,
2499 5252 2588 5307 35.
2672 5254 2692 5285 '
2735 5252 2868 5306 ibid.
2943 5250 3140 5306 ‘Joan.
3175 5267 3212 5316 t,
3257 5252 3282 5306 i
3329 5266 3452 5322 sqq.

2005 5451 2116 5490 non
2143 5447 2325 5491 autem
2360 5436 2415 5491 in
2444 5452 2506 5491 ca
2543 5424 2811 5497 futurum,
2842 5434 2949 5506 vel,
2990 5443 3048 5488 ut
3076 5436 3239 5504 paulo
3266 5442 3391 5506 post
3423 5435 3602 5506 loqui-

2008 5515 2131 5569 tur,
2170 5507 2225 5559 in
2252 5522 2373 5578 eam
2395 5512 2801 5578 ingressui-um.
2836 5504 2972 5578 Nam
3015 5506 3105 5578 illa
3138 5504 3331 5570 verba,
3370 5504 3599 5560 ἐπελεύ-

2009 5593 2164 5631 σεται
2209 5576 2304 5630 ὲπὶ
2345 5577 2435 5639 σέ,
2469 5576 2826 5631 adventitium
2874 5576 3114 5645 aliquid,
3145 5585 3201 5631 et
3256 5578 3605 5631 extrinsecus

2010 5646 2277 5702 accedens
2316 5648 2560 5703 indicare
2594 5645 2865 5700 videntur.
