3958 6428
489 317 592 376 367

1876 308 1938 369 ε.
1981 306 2329 368 EPIPHANll

3628 326 3715 385 968

486 440 653 504 post:
692 431 759 487 Et
801 430 1026 487 Verbum
1063 448 1187 487 caro
1221 426 1419 502 factum
1462 440 1558 485 est.
1608 430 1728 484 Non
1759 428 2074 499 dixit,-Spi—

2179 427 2461 483 ὲπίσσέαται
2481 447 2495 461 ·
2529 422 2660 484 Θεδν
2686 426 2794 486 ἀπὸ
2821 432 2955 487 Θεοῦ
2979 432 3182 491 ἀνωθεν
3206 437 3405 508 ἥκοντα
3423 454 3438 468 ·
3459 439 3716 505 ἄνθρωπον

488 526 623 580 ritus
654 541 779 580 caro
806 524 980 595 factus
1015 535 1092 579 est
1115 541 1136 590 ;
1169 538 1233 578 ac
1264 538 1333 578 ne
1363 522 1494 577 illud
1532 521 1752 592 quidem
1785 541 1796 576 :
1828 520 2071 576 Christus

486 618 642 671 homo
670 617 876 688 genitus
916 625 1011 671 est.
1048 614 1258 685 Quippe
1289 612 1573 683 Scriptura
1605 627 1783 678 sacra,
1820 614 1969 667 omni
1999 610 2065 668 e‘x

486 720 643 778 parte
697 707 907 762 munita
959 706 1311 776 stabilitaque
1364 703 1619 760 eumdem
1680 697 1852 758 Deum
1904 710 2072 774 atque

2177 515 2286 574 ἀπὸ
2329 521 2549 592 Μαρίας
2575 523 2705 578 ἄνευ
2745 523 3057 597 σπέρματος
3098 526 3289 597 ἀνδρὸς
3334 530 3715 602 γεγεννημένον.

2176 610 2299 664 Τῶν
2350 612 2408 665 δὲ
2446 608 2541 691 otio
2567 613 2772 668 τούτων
2819 616 3087 688 ἀληθινῶν
3134 619 3163 672 ὁ
3211 618 3364 682 ἐκτὸς
3413 618 3605 689 βαίνων
3638 623 3723 695 οὐχ

2172 704 2407 774 ὑπάρχει
2438 706 2537 778 τῆς
2564 706 2843 779 ἀληθείας.

488 799 762 854 hominem
808 796 1099 869 agnoscit:
1170 794 1339 849 Deum
1389 792 1608 864 quidem
1679 808 1709 847 a
1759 788 2140 851 Deo'cmlitus
2179 794 2518 865 profectum;
2578 797 2851 856 hominem
2907 819 3038 859 vero
3093 794 3213 859 sine
3263 801 3403 857 virili
3463 805 3657 861 semine
3696 822 3722 861 α

489 889 658 947 Maria
694 887 1057 959 progenitum.
1096 884 1199 953 Qui
1232 897 1385 941 extra
1418 885 1533 941 hac
1556 884 1723 958 466
1748 885 1859 940 duo
1883 883 2044 957 longe
2068 886 2355 942 verissima
2378 889 2644 959 graditur,
2686 905 2715 944 a
2752 896 2978 950 veritate
3007 905 3093 951 est
3128 897 3356 952 alienus.

557 1002 650 1058 ιν.
690 998 852 1056 Aliud
898 999 1123 1070 insuper
1162 996 1482 1054 Theodotus
1532 999 1784 1069 opponit,
1820 1000 1970 1070 quod
2002 1000 2069 1055 de

2228 1002 2302 1055 A'.
2322 999 2725 1071 Προφασίζεται
2744 1000 2905 1055 πάλιν
2924 1003 2952 1054 ὁ
2968 1001 3135 1066 τάλας
3150 1002 3401 1070 Θεόδοτος
3420 1005 3530 1078 (il)
3550 1005 3725 1077 λέγων,

490 1095 610 1167 ipso
654 1091 920 1158 Jeremias
958 1090 1371 1164 pronuntiavit:
1404 1089 1574 1144 Homo
1606 1100 1703 1153 est,
1742 1099 1794 1143 et
1834 1091 1951 1160 quis
1982 1107 2071 1144 co-

2179 1092 2239 1146 i'ct.
2287 1093 2383 1146 καὶ
2426 1094 2454 1145 ὁ
2486 1092 2758 1162 Ἱερεμίας
2798 1094 2926 1163 περὶ
2953 1094 3117 1148 αὑτοῦ
3146 1095 3272 1166 ἔφη.
3302 1099 3382 1152 ὅτι
3415 1103 3726 1171 Ἄνθρωπός

368 1202 371 1205 ·
485 1195 699 1257 gnoscet
730 1185 883 1238 illum
909 1182 969 1237 “i
996 1181 1107 1238 Nec
1135 1182 1411 1253 intelligit,
1438 1197 1539 1253 pro
1564 1197 1631 1236 eo
1657 1190 1819 1251 atque
1859 1194 1892 1235 a
1924 1181 2069 1235 veri-

489 1287 602 1333 tate
628 1284 871 1332 remotus
903 1280 1008 1338 est,
1046 1287 1487 1342 unamquamque
1509 1272 1805 1326 dictionem
1832 1269 2070 1324 notionis

489 1382 604 1424 sum
663 1381 729 1422 ac
789 1365 1084 1437 potestatis
1139 1365 1645 1435 interpretationem
1699 1362 1901 1417 habere
1948 1376 2074 1415 con-

483 1457 758 1527 iunctam.
823 1453 960 1508 Nam
1016 1451 1111 1524 qui
1165 1454 1331 1508 homo
1380 1453 1473 1517 sit,
1526 1452 1685 1523 plane
1725 1465 1757 1504 a
1801 1450 2074 1520 plerisque

490 1545 866 1616 cognoscitur,
897 1545 1098 1615 quibus
1123 1542 1269 1598 haud
1299 1545 1519 1615 ignotus
1544 1559 1665 1598 esse
1696 1550 1875 1613 potest
1900 1562 1913 1597 :
1943 1551 2071 1613 puta

488 1637 559 1692 ab
596 1647 829 1707 utroque
863 1644 1108 1707 parente,
1140 1635 1426 1700 fratribus,
1472 1635 1742 1704 cognatis,
1780 1634 2074 1689 contuber-

490 1726 732 1789 nalibus,
778 1726 999 1789 vicinis,
1036 1725 1271 1792 civibus,
1322 1740 1387 1780 ac
1418 1727 1612 1780 servis.
1649 1725 1717 1777 At
1761 1724 1874 1779 illic
1919 1722 2071 1779 Scri-

2174 1182 2329 1242 ἐστι.
2370 1182 2468 1237 καὶ
2512 1183 2604 1248 τίς
2650 1182 2943 1252 γνώσεται
2988 1185 3211 1249 αὐτόν;
3249 1185 3357 1238 Καὶ
3392 1185 3494 1238 οὐκ
3536 1180 3661 1240 οἶδεν
3699 1188 3724 1240 ὁ

2179 1275 2370 1328 ἑαυτὸν
2413 1275 2510 1345 τῆς
2561 1274 2818 1345 ἀληθείας
2868 1275 3248 1345 ἀποξενώσας,
3303 1278 3412 1343 ὅτι,
3464 1277 3539 1340 ὡς
3586 1278 3720 1351 ἔφην,

2177 1363 2384 1433 ἑκάστη
2432 1364 2576 1429 λέξις
2623 1365 2736 1435 ἔχει
2764 1366 2864 1436 τῆς
2896 1362 3096 1437 ἑαυτῆς
3124 1366 3403 1436 δυνάμεως
3443 1368 3537 1439 τὴν
3570 1371 3725 1441 ἑρμης

2173 1457 2344 1510 νείαν.
2389 1458 2447 1509 '0
2484 1457 2594 1529 γὰρ
2622 1457 2907 1530 ἄνθρωπος
2952 1457 3028 1513 ὢν
3063 1459 3279 1523 πάντως
3308 1455 3411 1512 ὑπὸ
3439 1459 3638 1513 πολλῶν
3663 1478 3727 1529 για

2175 1547 2443 1601 νὼσκεται
2474 1547 2582 1601 τῶν
2627 1547 2787 1601 αὐτὸν
2820 1550 3195 1617 γινωσκόντων
3221 1567 3234 1580 '
3285 1551 3427 1620 φημὶ
3459 1544 3514 1604 δὲ
3546 1550 3727 1621 πατῴς

2175 1636 2269 1690 καὶ
2319 1636 2555 1707 μητρὸς,
2592 1630 2835 1706 ἀδελφῶν
2863 1646 2923 1690 τε
2967 1637 3061 1691 καὶ
3111 1640 3391 1708 συγγενῶν
3411 1679 3426 1703 ,
3471 1640 3725 1711 συσκήνων

2174 1743 2233 1778 τε
2277 1727 2373 1779 καὶ
2398 1717 2676 1794 γειτόνων,
2711 1725 2941 1780 πολιτῶν
2970 1745 3027 1781 τε
3055 1724 3148 1781 καὶ
3190 1728 3432 1783 οἰκετῶν.
3491 1728 3725 1785 Ἐνταῦθα

491 1828 652 1893 ptura
690 1818 859 1873 totius
891 1818 960 1872 ab
991 1817 1084 1872 illo
1108 1816 1352 1888 suscepti
1383 1816 1584 1887 negotii
1613 1810 1942 1871 miraculum
1971 1831 2071 1871 ex-

2179 1816 2228 1871 δὲ
2342 1812 2570 1889 Γραφὴ,
2624 1816 2685 1870 τὸ
2733 1814 3043 1888 θαυμαστὸν
3104 1819 3434 1891 διηγουμένη
3482 1816 3579 1891 τῆς
3615 1816 3724 1892 ὅλης

485 1904 724 1976 plicans,
748 1904 1021 1961 hominem
1064 1900 1282 1976 quidem
1314 1914 1539 1976 propter
1562 1914 1900 1977 assumptam
1946 1921 2070 1961 car-

490 2011 615 2051 nem
663 1998 934 2062 nominat,
979 1995 1113 2051 iisce
1159 2009 1326 2066 porro
1366 1994 1588 2051 verbis:
1617 1991 1749 2062 Quis
1799 2002 2073 2066 cognoscat

490 2087 641 2140 illum
666 2089 692 2143 ?
730 2085 796 2142 ad
826 2087 946 2156 ejus
993 2084 1357 2150 divinitatem,
1389 2100 1510 2156 quae
1553 2084 1942 2156 comprehendi
1972 2100 2068 2139 ne-

488 2179 644 2248 quit,
695 2177 1078 2233 declarandam
1126 2178 1203 2231 uti
1252 2178 1442 2232 voluit.
1513 2175 1649 2230 Nam
1695 2192 1819 2231 cum
1867 2175 2071 2230 Fitium

491 2287 643 2324 nemo
690 2271 829 2324 novit
885 2271 990 2324 nisi
1031 2265 1234 2324 Pater:
1266 2285 1427 2339 neque
1482 2267 1700 2322 Patrem
1734 2270 1876 2323 novit
1907 2269 2071 2333 ultus,

493 2363 597 2417 nisi
623 2361 823 2428 Filius,
859 2372 909 2417 et
942 2364 986 2417 is
1024 2364 1109 2417 cui
1138 2364 1379 2417 reuelauit
1408 2363 1449 2430 ',
1493 2363 1763 2433 sequitur,
1790 2379 1858 2418 ne
1893 2361 2074 2434 ipsum

491 2456 746 2526 quidem,
792 2457 895 2511 nisi
946 2456 1033 2511 cui
1084 2457 1438 2521 revelaverit,
1494 2458 1563 2513 ab
1605 2458 1715 2513 ullo
1773 2446 1935 2529 posse
1982 2472 2076 2513 co—

489 2549 703 2619 gnosci.
744 2546 1012 2603 Caeterum
1058 2545 1239 2604 Patris
1270 2549 1359 2603 ille
1397 2547 1481 2604 sui
1526 2563 1590 2602 ac
1620 2564 1774 2604 suam
1808 2549 1943 2605 adeo
1990 2548 2077 2601 di-

491 2640 774 2695 vinitatem
815 2648 868 2694 et
895 2639 1124 2710 gloriam
1158 2640 1335 2695 servis
1368 2639 1484 2694 suis
1510 2654 1606 2709 per
1649 2637 1912 2709 Spiritum
1944 2653 2078 2693 san-

491 2739 644 2787 ctum
677 2730 897 2798 revelat,
928 2746 1142 2786 necnon
1174 2738 1228 2786 et
1252 2730 1493 2786 futuram
1518 2731 1665 2784 illam
1690 2733 2077 2802 sempiternam

489 2823 683 2888 vitam,
724 2806 1048 2893 reliquaque
1095 2822 1377 2893 mysteria,
1431 2836 1494 2877 ac
1535 2821 1864 2884 doctrinam,
1912 2832 2079 2892 atque

491 2915 638 2971 inter
673 2922 869 2969 caetera
902 2930 1081 2968 veram
1114 2913 1262 2967 illam
1302 2929 1458 2968 suam
1501 2914 1969 2979 incarnationem;
2012 2927 2079 2967 ac

489 3006 954 3079 quemadmodum
986 3004 1128 3061 Deus
1181 3022 1211 3060 e
1244 3006 1403 3075 cmlo,
1451 3004 1615 3061 homo
1658 3022 1723 3062 ex
1751 3000 1920 3059 Maria
1952 3020 2080 3078 pro-

493 3097 678 3153 dierit.
1606 3082 1612 3097 ‘

563 3208 630 3266 ν.
677 3209 859 3281 Pergit
894 3210 1033 3264 idem
1083 3209 1174 3267 ille
1222 3205 1564 3271 Theodotus,
1593 3214 1647 3261 et
1692 3208 1761 3263 ab
1791 3206 1932 3264 lsaia
1978 3207 2078 3261 hoc

493 3304 696 3360 minem
725 3303 878 3357 illum
904 3318 1029 3358 esse
1053 3300 1314 3356 allirmari
1337 3300 1515 3366 docet,
1544 3300 1631 3354 his
1654 3299 1835 3355 verbis
1861 3318 1875 3354 :
1903 3297 2078 3354 Homo

424 3464 427 3467 Α
486 3397 662 3465 sciens
695 3395 922 3450 tolerare
943 3394 1336 3463 inﬁrmitatem.
1367 3390 1435 3446 Et
1459 3393 1683 3447 vidimus
1706 3407 1825 3446 eum
1864 3405 2078 3459 percus—

490 3502 612 3540 sum
644 3494 692 3539 et
722 3484 857 3538 male
894 3482 1152 3535 habitum.
1180 3479 1249 3534 Et
1279 3481 1568 3550 ignominia
1600 3480 1817 3549 amictus
1847 3488 1946 3542 est,
1988 3493 2079 3531 nec

492 3586 769 3646 reputatus
793 3574 833 3628 ³.
867 3571 1071 3628 Verum
1108 3573 1383 3642 quomodo
1408 3572 1604 3625 iterum
1630 3570 1884 3641 redargui
1907 3569 2080 3640 possit

492 3680 661 3734 pecus
702 3664 806 3719 ista
839 3679 946 3719 non
977 3664 1145 3719 videt.
1182 3662 1393 3733 Quippe
1426 3661 1599 3718 lsaias
1640 3661 1830 3717 eodem
1865 3661 1919 3713 in
1959 3659 2080 3715 loco

494 3757 569 3812 ita
613 3757 896 3827 loquitur:
934 3754 1213 3825 Tanquam
1259 3755 1370 3808 ovis
1416 3754 1484 3807 ad
1535 3755 1849 3809 occisionem
1887 3752 2080 3805 ductus

491 3856 609 3913 est;
650 3857 699 3901 et
748 3856 805 3899 ut
836 3861 1003 3914 agnus
1047 3860 1228 3899 coram
1261 3842 1502 3897 tondente
1542 3858 1597 3896 se
1640 3851 1839 3904 mutus,
1875 3841 1949 3894 sic
1976 3856 2081 3894 non

493 3939 665 4009 aperit
710 3955 769 3993 os
803 3954 979 3993 suum.
1028 3934 1093 3990 In
1123 3934 1423 4009 humilitate
1466 3934 1638 4004 ipsius
1673 3932 1936 4003 judicium
1967 3931 2080 4001 ejus

494 4029 762 4084 sublatum
810 4037 908 4083 est.
962 4026 1198 4096 Suhjicit
1241 4024 1441 4080 deinde
1477 4043 1489 4078 :
1535 4021 1933 4078 Generationem
1966 4023 2080 4093 ejus

492 4118 609 4189 quis
642 4116 912 4171 enarrabit
938 4117 962 4172 ?
993 4117 1245 4187 quoniam
1284 4115 1492 4169 tollitur
1522 4113 1585 4168 de
1624 4123 1767 4167 terra
1808 4112 2079 4166 hominum

494 4212 603 4265 vita
629 4210 763 4279 ejus.
797 4207 917 4263 Non
949 4210 1108 4269 dixit,
1149 4207 1362 4262 tollitur
1390 4208 1500 4262 vita
1545 4204 1698 4275 ejus;
1745 4205 1842 4260 sed
1879 4219 1944 4259 ex
1988 4203 2081 4258 Ito-

496 4301 730 4357 mintbus
773 4301 994 4371 adjecit.
1055 4300 1191 4355 Cum
1224 4301 1369 4355 enim
1409 4297 1643 4354 Verbum
1687 4306 1951 4370 perpetuo
1998 4298 2083 4353 vi-

496 4402 621 4455 vat,
664 4400 829 4463 atque
864 4392 919 4446 in
961 4407 1083 4447 sese
1118 4390 1287 4444 vitam
1321 4391 1540 4453 habeat,
1586 4404 1816 4459 eamque
1864 4389 1952 4454 iis,
1984 4390 2082 4459 qui

2174 1908 2339 1963 αὑτοῦ
2382 1909 2787 1980 πραγματείας,
2826 1902 3113 1982 ἄνθρωπον
3144 1906 3243 1980 μὲν
3268 1910 3372 1981 ἔφη
3398 1905 3487 1965 διὰ
3530 1904 3620 1983 τὴν
3653 1911 3724 1964 ἒν-

2176 2017 2378 2073 σαρκον
2428 2001 2730 2073 παρουσίαν
2777 2002 2861 2066 τὸ,
2914 2003 3011 2068 Τίς
3066 1998 3136 2056 δὲ
3186 1999 3480 2073 ⁴Γνώσιειναι
3527 2000 3726 2065 αὐτόν;

2175 2095 2415 2165 ὲσήμανε
2457 2096 2585 2162 περὶ
2612 2094 2710 2164 τῆς
2740 2093 2903 2147 αὑτοῦ
2945 2093 3195 2165 θεότητος
3222 2092 3321 2165 τῆς
3351 2095 3724 2166 ἀκαταλήπτου,

2188 2182 2404 2256 Ἐπειδὴ
2449 2184 2558 2256 γὰρ
2611 2184 2810 2252 οὐδεὶς
2863 2181 2986 2239 οἶδε
3024 2184 3134 2239 τόν
3171 2185 3308 2240 Titia-
3341 2188 3396 2240 εί
3438 2185 3524 2256 μὴ
3561 2189 3592 2241 d
3629 2188 3722 2239 Πα-

2174 2273 2308 2343 τὴρ,
2345 2274 2444 2330 καί
2473 2276 2579 2329 τὸν
2618 2271 2848 2344 Πατέρα
2885 2275 3085 2342 οὐδεὶς
3113 2276 3278 2332 οἶδεν
3323 2279 3378 2332 εί
3402 2277 3489 2348 μὴ
3522 2280 3555 2333 ὀ
3596 2276 3723 2344 Υἱὸς.

2177 2363 2277 2416 καὶ
2321 2355 2369 2429 ᾦ
2405 2358 2514 2417 ἐὰν
2556 2362 2926 2434 ἀποκαλύψῃ
2947 2382 2962 2397 ο
3004 2363 3181 2428 οὐδεὶς
3223 2359 3314 2417 οὖν
3371 2364 3624 2434 γνώσεται
3651 2365 3726 2417 azi-

2178 2455 2289 2520 τὸν,
2347 2453 2441 2507 ἐὰν
2508 2454 2585 2526 μὴ
2645 2453 2793 2526 αὐτῷ
2838 2448 3186 2527 ἀποκαλύψῃ.
3248 2454 3639 2509 Ἀποκαλύπτει
3678 2456 3726 2508 δὲ

2176 2549 2244 2605 δι’
2298 2548 2451 2619 ἁγίου
2504 2546 2821 2619 Πνεύματος
2862 2551 2973 2612 τοῖς
3002 2548 3167 2602 αὑτοῦ
3204 2548 3414 2612 δούλοις
3458 2551 3552 2618 τὴν
3586 2547 3726 2603 αὐτοῦ

2176 2644 2274 2699 καὶ
2316 2641 2414 2713 τὴν
2458 2640 2550 2694 τοῦ
2582 2634 2748 2696 αὑτοῦ
2796 2640 3009 2713 Πατρὺς
3039 2640 3291 2712 θεότητα,
3319 2646 3417 2697 καὶ
3457 2641 3622 2710 δόξαν,
3649 2642 3726 2697 καὶ

2177 2731 2276 2800 τὴν
2311 2729 2475 2784 αὐτοῦ
2517 2727 2663 2800 ζωὴν
2709 2724 2929 2784 αἰώνιον
2959 2732 3056 2801 τὴν
3092 2731 3416 2803 μέλλουσαν,
3451 2734 3542 2788 καὶ
3567 2733 3630 2786 τὰ
3654 2733 3729 2787 αὑ-

2176 2818 2272 2873 τοῦ
2320 2821 2617 2891 μυστήρια,
2662 2822 2756 2874 καὶ
2802 2821 3169 2888 διδασκαλίαν,
3218 2824 3313 2878 καὶ
3342 2824 3445 2897 τὴν
3482 2822 3636 2879 αὑτοῦ
3673 2823 3727 2877 δι’

2179 2911 2326 2983 ἡμᾶς
2359 2910 2623 2984 ἐνσαρκον
2669 2912 2848 2983 ἀληθῆ
2883 2913 3208 2985 παρουσίαν,
3243 2915 3325 2969 δτι
3368 2915 3504 2980 Θεὸς
3530 2916 3725 2981 ἀνωθεν,

2180 3004 2275 3056 καὶ
2322 3002 2608 3074 ἄνθρωπος
2646 3003 2756 3058 ἀπὸ
2794 3004 3035 3075 Μαρίας.

2226 3210 2306 3267 Ε’.
2347 3207 2481 3264 Εἶτα
2529 3210 2558 3264 ὀ
2605 3208 2770 3272 αὐτὸς
2811 3207 2974 3261 πάλιν
3027 3206 3162 3280 φησὶ
3205 3205 3486 3272 Θεόδοτος,
3533 3204 3611 3259 ὅτι
3646 3198 3724 3255 καὶ

2166 3297 2395 3362 Ἡσαΐας
2423 3298 2553 3368 περὶ⁵
2580 3297 2746 3351 αὐτοῦ
2781 3295 2908 3367 ἔφη.
2948 3297 3032 3350 ὅτι
3057 3296 3352 3369 ἄνθρωπός
3379 3297 3546 3357 ἔστιν,
3573 3289 3723 3352 οὕτως

2180 3382 2350 3438 εἰπών
2368 3401 2383 3416 ο
2429 3384 2775 3451 Ἀνθρωπος
2818 3382 2988 3450 εἰδὼς
3029 3384 3231 3453 φέρειν
3277 3383 3593 3453 μαλακίαν.
3633 3379 3725 3436 Καὶ

2178 3472 2418 3543 εἴδομεν
2461 3473 2648 3527 αὐτὸν
2690 3473 2762 3528 ἐν
2806 3471 3011 3544 πληγῇ
3057 3475 3156 3529 καὶ
3197 3474 3268 3528 ἐν
3319 3473 3592 3529 κακώσει.
3630 3469 3726 3525 Kal

2178 3564 2497 3635 ἠτιμάσθη,
2526 3564 2624 3618 καὶ
2672 3566 2785 3619 οὐκ
2824 3565 3137 3635 ἐλογίσθη.
3170 3563 3312 3619 Ἀλλ’
3344 3566 3448 3619 οὐκ
3490 3563 3591 3619 οἶδε
3629 3562 3726 3625 uti»;

2181 3657 2341 3711 πάλιν
2389 3655 2669 3725 ἐλέγχεται
2712 3658 2743 3710 ὁ
2797 3656 3095 3728 κτηνώδης.
3145 3656 3231 3711 Ἐν
3274 3656 3471 3721 αὐταῖς
3507 3657 3607 3728 γὰρ
3630 3659 3728 3718 ταῖς

2180 3749 2387 3814 λέξεσιν
2432 3749 2660 3813 Ἡσαΐας
2708 3748 2882 3813 οὕτως
2939 3742 3091 3802 εἶπεν
3112 3764 3127 3777 ·
3173 3748 3270 3815 Ὦς
3313 3751 3606 3818 πρόϐατον
3645 3746 3727 3802 ἐπὶ

2181 3843 2429 3912 σφαγὴν
2457 3841 2637 3911 ἤχθη,
2675 3841 2772 3895 καὶ
2821 3841 2902 3908 ὡς
2948 3841 3141 3911 ἀμνὸς
3187 3842 3469 3898 ἐναντίον
3503 3841 3602 3897 τοῦ
3631 3841 3727 3895 διεί-

2173 3949 2398 4001 ραντος
2448 3933 2637 3986 αὐτόν
2692 3932 2929 4002 ἄφωνος
2953 3949 2967 3963 ο
3028 3934 3216 4001 οὕτως
3257 3936 3370 3989 οὐκ
3416 3935 3631 4003 ἀνοίγει
3674 3930 3728 3985 τό

2182 4026 2379 4093 στόμα
2413 4024 2623 4079 αὐτοῦ.
2684 4025 2786 4078 Ἐν
2834 4022 2910 4094 τῇ
2945 4023 3297 4080 ταπεινώσει
3337 4025 3526 4080 αὑτοῦ
3551 4026 3587 4091 ἡ
3626 4023 3731 4091 xpl-

2182 4132 2283 4185 σις
2316 4117 2505 4173 αὐτοῦ
2552 4116 2728 4186 ἤρθη.
2775 4113 2907 4173 Εἷτά
2943 4135 3108 4189 φησι·
3157 4117 3276 4186 Τὴν
3313 4118 3530 4188 γενεὰν
3567 4113 3727 4171 αὐτοῦ

2182 4207 2273 4272 τις
2319 4205 2706 4276 διηγήσεται;
2759 4206 2848 4259 ὅτι
2899 4206 3125 4275 αἴρεται
3166 4202 3284 4260 ἀπὸ
3331 4205 3447 4274 τῆς
3484 4204 3590 4275 τῆς
3630 4200 3729 4256 τῶν

2183 4295 2509 4366 ἀνθρώπων
2537 4298 2575 4365 ἡ
2608 4294 2717 4365 ζωὴ
2747 4297 2955 4352 αὑτοῦ.
2988 4298 3097 4351 Καὶ
3120 4297 3220 4350 οὐκ
3249 4291 3423 4362 εἶπεν,
3454 4296 3662 4364 αἰρεται
3696 4291 3725 4356 ti

2185 4386 2296 4457 ζωὴ
2359 4388 2570 4448 αὑτοῦ.
2626 4387 2781 4453 ἀλλὰ,
2838 4388 2957 4443 ἀπὸ
3017 4387 3361 4455 ἀνθρώπων.
3420 4389 3528 4442 Ἀεὶ
3570 4387 3666 4455 γὰρ
3704 4382 3729 4434 ὸ

494 4498 619 4539 sese
650 4493 855 4549 ament,
888 4483 1188 4554 impertiat,
1224 4498 1291 4537 ex
1329 4481 1650 4537 hominibus
1673 4490 1757 4537 est
1788 4481 2074 4553 illius‘qui-

2185 4481 2354 4549 Λόγος
2389 4480 2498 4544 ζῶν
2527 4480 2810 4551 ὑπάρχων,
2865 4479 2960 4534 καὶ
3006 4479 3069 4533 τδ
3096 4479 3194 4550 ζῇν
3245 4481 3331 4548 ἐφ’
3378 4478 3563 4543 {aurei
3591 4476 3724 4546 ἔχων.

567 4667 581 4696 ¹
610 4662 813 4720 .lcrem.
842 4678 974 4726 xvu,
1006 4661 1064 4715 9.
1138 4665 1158 4694 '
1190 4659 1381 4717 Matth.
1412 4678 1491 4725 ιι,
1520 4661 1618 4729 27;
1645 4661 1779 4717 Luc.
1822 4678 1877 4724 ι,
1913 4662 2005 4719 22.

2179 4679 2242 4718 ιο.
2268 4679 2383 4728 LIII,
2427 4664 2463 4718 5
2496 4680 2619 4735 sqq.

564 4820 647 4893 (Ἠ
660 4819 678 4890 )
718 4815 1142 4893 Προφασίζεται
1156 4811 1344 4893 getting
1357 4819 1390 4871 ὁ
1401 4817 1589 4893 τάλας
1606 4815 1910 4893 Θεόδοτος.
1964 4831 2077 4893 ore:

494 4885 617 4946 mia!
649 4885 802 4946 locus
826 4885 917 4945 ille
940 4930 956 4953 ,
976 4905 1136 4958 quem
1156 4887 1472 4943 Theodotus
1498 4887 1794 4950 afferebat,
1821 4903 1885 4958 es
1936 4885 2076 4940 LXX

493 4962 779 5017 Seniorqu
846 4956 1083 5016 editione
1149 4959 1505 5028 depromptus
1573 4966 1698 5013 est:
1759 4956 2076 5028 Ἄνθρωπός

491 5034 640 5097 ἐστι,
681 5033 776 5088 καὶ
822 5032 906 5095 τίς
955 5030 1227 5099 γνώσεται
1256 5028 1459 5096 αὐτόνς
1496 5028 1761 5084 Hebraica
1802 5043 1903 5081 vox
1931 5037 2075 5086 usus

490 5104 743 5172 aliibigua
774 5098 1173 5171 signiﬁcatione
1193 5101 1557 5172 occasionem
1612 5098 2076 5172 interpretationis

491 5166 851 5232 illius'dedit:
898 5179 957 5224 ut
990 5169 1374 5223 animadvertit
1409 5168 1627 5224 llieron.
1667 5166 1812 5221 Nam
1841 5169 1888 5219 si
1930 5168 2075 5235 lega-

491 5259 606 5311 mus
633 5239 798 5321 wing,
841 5242 1003 5295 homo
1025 5239 1223 5293 dicitur
1247 5254 1265 5291 :
1293 5239 1340 5291 si
1377 5249 1551 5293 autent
1591 5239 1756 5323 vui},
1793 5238 2071 5291 iuscruta-

491 5346 618 5413 bile,
649 5350 752 5401 sive
784 5347 1164 5416 desperabile;
1203 5362 1263 5400 eo
1300 5345 1443 5416 quod
1468 5342 1644 5398 nutt'us
1679 5359 1772 5398 cor
1799 5342 2070 5416 hominum

489 5416 661 5469 ualeat
708 5413 957 5471 invenire.
1016 5420 1084 5471 At
1141 5413 1320 5472 sancti
1375 5414 1480 5469 PP.
1537 5415 1873 5469 contrarium
1924 5413 2067 5481 ejus.

490 5485 635 5553 quod
686 5484 1001 5557 '[heodotus
1058 5487 1362 5557 pugnabat.
1405 5485 1701 5557 exeodem
1740 5486 1861 5538 loco
1899 5483 2070 5557 όοάιιτ

489 5552 624 5611 (ﬁunt
651 5572 665 5607 :
697 5555 972 5624 Citristutti
1004 5552 1110 5609 non
1136 5552 1451 5624 Vsimplicem
1485 5555 1757 5609 hominem
1792 5568 1935 5613 esse.
1956 5552 2063 5624 sed

491 5638 598 5694 tina
636 5624 799 5677 etiam
848 5623 1058 5694 Deum:
1094 5625 1238 5693 quod
1262 5623 1649 5694 illieronymus
1687 5640 1793 5677 non
1853 5623 2062 5692 probat.

492 5691 710 5757 Solent,
758 5692 936 5761 inquit
965 5733 977 5753 ,
1008 5691 1223 5761 quidam
1258 5698 1460 5759 nostri,
1494 5691 1645 5748 ’ίιοηο
1685 5691 1893 5762 quidem
1924 5703 2059 5757 voto,

2182 4817 2272 4872 sed
2311 4832 2415 4871 non
2461 4819 2748 4871 secundum
2791 4820 3065 4873 scientiam
3089 4858 3105 4883 ,
3155 4820 3232 4873 uti
3274 4817 3371 4874 hoc
3423 4819 3532 4873 loco
3567 4824 3725 4871 contra

2180 4887 2433 4947 Iudaeos;
2461 4888 2598 4955 quod
2631 4888 2784 4942 homo
2826 4892 2897 4943 sit
2931 4890 3183 4944 Dominus
3225 4907 3401 4959 teque,
3437 4901 3585 4959 atque
3620 4884 3726 4939 Sat-

2183 4968 2352 5019 vator,
2412 4964 2696 5011 secundum
2747 4958 3193 5026 dispensationem
3223 4958 3399 5015 carnis
3431 4958 3723 5022 assumpta;

2184 5028 2463 5097 uullusque
2509 5029 2675 5099 possit
2734 5031 3027 5085 nativitatis
3077 5030 3190 5099 ejus
3248 5033 3395 5099 scire
3430 5028 3723 5099 mysterium.

2182 5098 2469 5152 secundum
2505 5098 2642 5151 illud
2680 5099 2817 5168 quod
2864 5098 3119 5168 scriptum
3161 5108 3269 5154 est:
3316 5121 3333 5152 ι
3362 5098 3723 5154 Generationem

2179 5170 2293 5235 ejus
2343 5171 2460 5233 quis
2492 5170 2810 5225 enarrabit?
2835 5189 2853 5221 ι
2901 5172 3003 5225 nisi
3039 5171 3182 5223 solus
3223 5170 3363 5225 Deus
3388 5212 3401 5236 ,
3433 5170 3520 5239 qui
3548 5177 3721 5219 arcana

2179 5239 2445 5309 rimatur,
2476 5250 2532 5293 et
2574 5240 2742 5292 reddit
2773 5241 3052 5309 unicuique
3089 5242 3373 5294 secundum
3428 5254 3577 5307 opera
3620 5248 3719 5309 sua.

2178 5306 2371 5362 Melius
2406 5298 2581 5363 autem
2614 5319 2711 5370 est,
2761 5320 2817 5362 ut
2862 5298 3173 5377 simpliciter
3226 5298 3578 5377 accipiamus.
3603 5298 3721 5377 quod

2176 5379 2778 5449 nullus‘cogitationum
2831 5372 3029 5434 secreta
3081 5372 3396 5448 cognoscat,
3446 5378 3551 5449 nisi
3596 5372 3719 5449 satus

2177 5448 2338 5502 Deus.
2372 5445 2497 5503 Haec
2528 5450 2651 5503 .ille.
2686 5448 2763 5503 Ad
2813 5450 3060 5504 eumdem
3099 5445 3320 5506 séusum
3377 5448 3532 5504 refert
3577 5445 3717 5498 etiam

2177 5518 2594 5583 Theodoretus;
2641 5519 2847 5573 Tertul.
2892 5534 3018 5574 vero
3057 5517 3258 5575 Contra
3291 5517 3441 5581 Jud.,
3487 5530 3599 5583 cap.
3635 5508 3715 5568 l4;

2174 5589 2493 5661 Cyprianus,
2520 5587 2675 5645 Cont.
2710 5589 2866 5650 λεια..
2908 5605 3029 5661 cap.
3064 5590 3174 5656 10;
3238 5588 3484 5661 Lactant.
3522 5585 3623 5661 lib.
3654 5593 3713 5637 IV.

2173 5648 2396 5730 6ςῖρηίῦ
2423 5675 2438 5723 ;
2470 5648 2647 5730 etalii
2678 5700 2691 5721 ,
2739 5648 2878 5730 quos
2909 5648 3072 5715 tacito
3102 5648 3320 5715 nomine
3349 5667 3490 5714 notat
3522 5648 3716 5708 Hieron.

2174 5729 2239 5782 ad
2277 5729 2477 5784 Christi
2510 5728 2865 5787 divinitatem.
