3958 6462
496 342 602 398 995

1918 338 1977 394 S.
2020 332 2367 395 EPIPBANII

3666 334 3763 397 996

496 463 598 518 hos
639 460 755 516 fere
794 466 1013 515 centum
1047 471 1113 512 ac
1144 457 1429 529 tringinta,
1480 456 1536 511 in
1597 454 1729 513 Asia
1778 454 2070 521 oriundus,

2190 454 2287 509 τῶν
2334 453 2541 508 τούτων
2599 451 2797 506 ἐκατὺν
2851 451 3169 523 τριάκοντα,
3225 449 3407 506 πλείω
3468 444 3504 521 ἢ
3553 452 3766 525 ἐλάσσω,

497 554 633 610 urbe
660 552 896 624 Epheso.
929 549 1032 618 Qui
1057 550 1237 604 alieno
1282 548 1482 618 spiritu
1531 545 1745 603 adlatus
1790 560 1857 601 ea
1906 544 2091 602 dicere

497 660 563 699 ac
614 644 812 698 docere
869 656 1038 695 ausus
1107 646 1214 703 est,
1278 653 1402 710 quas
1461 652 1564 693 nec
1612 636 1925 708 prophetae,
1989 651 2089 693 nec

498 733 752 805 apostoli,
781 746 883 787 nec
906 729 1152 784 Ecclesia
1184 728 1256 782 ab
1308 727 1466 782 initio
1515 728 1713 791 tenuit,
1750 741 1814 781 ac
1842 742 1910 808 ne
1939 725 2091 799 cogi-

499 826 633 879 tavit
655 823 897 895 quidem.

565 999 737 1069 Igitur
763 996 915 1052 velut
957 995 1192 1067 quadam
1219 995 1399 1050 elatus
1452 993 1667 1049 insania
1704 1007 1932 1065 passum
1964 1008 2087 1050 esse

504 1091 718 1147 Patrem
744 1104 854 1144 non
894 1088 1168 1144 dubitavit
1194 1101 1465 1141 asserere.
1502 1084 1606 1140 Sed
1638 1093 1693 1139 et
1722 1083 1917 1155 majori
1951 1100 2087 1157 qua-

499 1182 623 1235 dam
655 1179 972 1250 arrogantia
1028 1192 1093 1233 ac
1128 1176 1382 1233 vecordia
1436 1176 1614 1232 elatus
1666 1191 1788 1231 sese
1822 1173 2082 1247 Moysem,

500 1273 724 1328 fratrem
755 1286 886 1326 vero
908 1285 1069 1325 suum
1102 1268 1373 1325 Aaronem
1398 1283 1523 1323 esse
1543 1266 1701 1322 dixit.
1736 1266 1884 1322 Inter
1914 1265 2086 1339 580

500 1366 618 1419 haec
647 1366 821 1420 beate
852 1360 1127 1418 memoria:
1151 1360 1457 1432 presbyteri
1509 1358 1630 1430 ejus
1664 1357 1744 1413 rei
1796 1357 1936 1411 fama
1971 1372 2089 1427 per-

503 1457 635 1511 moti
665 1456 943 1512 hominem
978 1454 1285 1509 advocant:
1312 1451 1490 1523 deque
1523 1450 1609 1504 his
1637 1448 1894 1504 omnibus
1919 1449 2087 1502 inter-

502 1559 721 1618 rogant,
752 1555 1066 1600 utrumnam
1111 1552 1219 1599 tam
1275 1542 1732 1598 contumeliosum
1773 1540 1826 1594 in
1861 1539 2081 1594 Patrem

2205 545 2473 610 Ἀσιανὺς,
2512 545 2612 617 τῆς
2675 544 2902 614 Ἐφέσου
2943 542 3151 608 πόλεως
3183 540 3296 615 (96)
3322 542 3620 616 ὑπάρχων.
3666 548 3769 613 Ὃς,

2191 634 2458 708 ἀλλοτρίῳ
2489 634 2762 705 πνεύματι
2798 633 3118 707 φερόμενος,
3154 632 3428 713 ἠθέλησεν
3462 635 3559 705 ἀφ’
3597 634 3768 690 ἑαυτοὲ

2190 721 2226 777 ἀ
2256 725 2393 794 μήτε
2419 725 2718 797 προφῆται,
2752 724 2893 796 μήτε
2922 723 3234 790 ἀπόστολοι,
3267 726 3413 798 μήτε
3446 722 3510 791 ἐξ
3540 725 3769 799 ὑπαρχῆς

2190 800 2454 884 κατέσχεν
2485 815 2518 885 ἡ
2566 812 2884 885 Ἐκκλησία,
2921 815 3061 887 μήτε
3086 813 3368 888 ἐνενοήθη,
3397 814 3588 885 λέγειν
3614 833 3671 871 τι
3692 818 3769 872 καὶ

2187 904 2483 960 διδάσκειν.

2261 988 2469 1065 Οὗτος,
2493 997 2587 1067 ἀφ’
2618 992 2813 1050 ἐαυτοῦ
2861 996 2950 1061 ἐπ’
2979 996 3191 1068 ἅρμασι
3230 994 3249 1027 ¹
3276 991 3487 1068 μανίας
3510 992 3769 1068 ἐπαρθεὶς,

2187 1087 2457 1161 ἐτόλμησε
2507 1089 2689 1158 λέγειν
2744 1086 2837 1144 τὸν
2895 1087 3119 1160 Πατέρα
3171 1087 3530 1143 πεπονθέναι.
3568 1088 3685 1143 Ἔτι
3721 1089 3770 1144 δὲ

2189 1179 2398 1250 μείζονί
2425 1197 2531 1233 τινι
2562 1177 2718 1252 τύφῳ
2746 1179 2840 1234 καὶ
2871 1178 3270 1253 παραφροσύνῃ
3296 1178 3571 1249 ἐνεχθεὶς,
3600 1181 3770 1233 ἑαυτὸν

2188 1269 2341 1341 ἔλεγε
2362 1269 2622 1335 Μωῦσέα,
2654 1271 2749 1325 καὶ
2770 1271 2863 1324 τὸν
2874 1270 3104 1341 ἀδελφὺν
3130 1268 3298 1325 αὐτοῦ
3341 1270 3586 1342 ’Δαρών.
3628 1269 3769 1325 Ἀλλὰ

2189 1361 2391 1433 μεταξὺ
2438 1361 2644 1417 τούτων
2686 1362 2796 1417 ἀπὸ
2825 1362 2933 1433 τῆς
2987 1362 3118 1433 περὶ
3159 1359 3322 1417 αὐτὸν
3370 1363 3702 1434 ἐνηχήσεως,
3723 1362 3765 1417 ot

2189 1454 2452 1529 μακάριοι
2485 1455 2847 1528 πρεσϐύτεροι
2885 1454 2986 1525 τῆς
3030 1453 3361 1525 Ἐκκλησίας
3412 1454 3769 1526 προσκαλεσά-

2188 1563 2339 1617 μενοι
2366 1545 2548 1613 αύτὸν,
2582 1545 2846 1618 ἐξήταζον
2894 1545 3023 1618 περὶ
3059 1544 3266 1600 τούτων
3300 1545 3588 1608 ἁπάντων,
3620 1546 3705 1599 καὶ
3725 1544 3766 1599 εί

499 1638 695 1708 dogma
740 1636 1142 1708 proposuisset.
1174 1634 1244 1687 At
1288 1634 1379 1690 ille
1417 1648 1605 1689 coram
1637 1630 2083 1702 presbyterorum

2190 1638 2388 1709 ταύτην
2409 1638 2507 1710 τὴν
2532 1636 2881 1709 βλασφημίαν
2902 1637 3026 1708 περὶ
3040 1636 3256 1708 [ἰατρὸς
3265 1636 3638 1709 προηγάγετο.
3654 1636 3706 1689 '0
3720 1635 3767 1689 δὲ

498 1743 764 1785 consessu
795 1726 1093 1797 productus
1115 1725 1341 1781 inficiari
1367 1724 1566 1797 primo,
1587 1721 1735 1809 quod
1758 1729 1882 1777 ante
1905 1721 2083 1792 ipsum

2190 1728 2256 1782 τὰ
2281 1729 2471 1803 πρῶτα
2505 1730 2605 1802 μὲν
2632 1730 2870 1801 ἠρνεῖτο,
2902 1731 2995 1782 ἐπὶ
3022 1727 3115 1783 τοῦ
3158 1727 3562 1800 πρεσϐυτερίου
3590 1726 3765 1799 axem.

498 1836 663 1876 nemo
696 1829 850 1875 atrox
893 1818 1024 1873 illud
1064 1826 1228 1886 atque
1286 1815 1505 1872 exitiale
1535 1801 1689 1868 virus
1727 1811 2082 1867 evomuisset.

2190 1836 2297 1885 νος,
2327 1801 2416 1875 διὰ
2446 1801 2515 1874 το
2554 1820 2758 1893 μηδένα
2795 1820 2903 1892 πρὸ
2932 1820 3101 1903 αὐτοῦ
3123 1821 3237 1892 (97)
3262 1818 3533 1891 ἐξεμέσαι
3564 1820 3764 1892 ταυτηνὶ

498 1913 693 1968 Postea
728 1927 881 1975 vero,
911 1925 1036 1965 cum
1088 1910 1297 1965 rabiem
1355 1921 1513 1963 suam
1571 1903 1874 1969 nonnullis,
1915 1912 1976 1957 ut
2012 1901 2087 1970 ita

498 2004 702 2068 dicam,
737 2003 1085 2072 aspersisset,
1129 2016 1193 2055 ac
1217 2001 1405 2057 decem
1437 1997 1553 2056 fere
1582 1997 1832 2053 homines
1862 1995 1968 2052 sibi
1993 1995 2090 2050 ad-

495 2096 795 2166 junxisset,
851 2094 1112 2163 majorem
1168 2094 1223 2147 in
1263 2091 1579 2161 superbiam
1641 2096 1807 2160 atque
1854 2087 2093 2143 insolen-

500 2191 632 2245 tiam
660 2190 859 2253 elatus,
898 2195 1063 2260 atque
1089 2185 1351 2240 audacior
1389 2183 1589 2248 factus,
1620 2183 1798 2254 palam
1837 2180 2087 2236 haeresim

499 2298 655 2337 suam
676 2280 1078 2338 disseminavit.
1093 2277 1331 2335 Proinde
1354 2292 1580 2332 rursum
1596 2275 1740 2331 idem
1762 2274 1839 2333 illi
1862 2273 2089 2346 presby-

502 2374 628 2440 teri,
651 2381 762 2427 tam
789 2372 990 2443 ipsum,
1022 2386 1185 2443 quam
1211 2370 1303 2441 qui
1338 2385 1398 2426 se
1424 2369 1493 2424 ad
1521 2385 1646 2425 eum
1675 2367 1970 2423 infeliciter
1996 2382 2091 2439 ag-

499 2474 805 2536 gregarent,
831 2473 1140 2528 arcessunt,
1174 2472 1340 2533 atque
1368 2462 1560 2529 iisdem
1585 2460 1654 2525 de
1682 2460 1850 2523 rebus
1898 2458 2090 2519 scisci-

500 2563 711 2609 tantur.
739 2555 834 2610 llle
857 2570 981 2609 cum
1018 2569 1182 2625 grege
1229 2568 1331 2609 suo
1385 2552 1621 2608 frontem
1659 2549 1966 2621 perfricans
1991 2563 2090 2604 au-

500 2645 690 2700 dacter
743 2646 1121 2701 contradicere
1158 2644 1361 2714 coepit;
1395 2658 1481 2707 ac,
1512 2641 1675 2709 Quid,
1731 2641 1927 2712 inquit,
1955 2640 2083 2712 mali

504 2736 652 2791 feci?
683 2735 867 2793 Unum
898 2736 1064 2791 Deum
1098 2750 1349 2802 veneror,
1376 2749 1543 2793 unum
1566 2733 1730 2801 novi;
1763 2748 1863 2789 nec
1893 2742 2086 2805 praeter

504 2827 680 2898 ipsum
704 2828 934 2883 alterum
968 2835 1178 2892 natum,
1207 2842 1454 2898 passum,
1475 2834 1772 2883 mortuum.

570 2994 651 3048 Ad
690 3009 853 3066 quam
884 2997 1197 3065 opinionem
1225 3011 1349 3051 cum
1377 3004 1697 3053 constanter
1751 2996 2091 3055 adhaeresce-

504 3090 607 3148 ret,
637 3101 764 3141 eum
810 3088 1014 3156 pariter
1044 3098 1206 3159 atque
1237 3088 1359 3157 ejus
1399 3089 1707 3160 discipulos
1741 3089 1809 3144 ab
1840 3088 2086 3147 Ecclesia

502 3176 734 3243 pellunt.
760 3175 993 3230 Moritur
1027 3176 1224 3232 deinde
1258 3178 1423 3247 paulo
1444 3188 1569 3248 post
1602 3194 1728 3233 cum
1763 3177 1934 3235 fratre
1962 3194 2085 3243 suo;

503 3281 679 3336 neque
716 3275 898 3323 tamen
922 3276 1016 3322 aut
1053 3269 1145 3335 ille
1168 3268 1287 3338 pari
1315 3284 1378 3324 ac
1411 3268 1626 3341 Moyses
1653 3270 1805 3332 olim,
1848 3277 1944 3326 aut
1968 3270 2088 3340 ejus

505 3359 675 3413 frater
707 3358 920 3425 eadem,
939 3375 1045 3430 qua
1076 3361 1260 3415 Aaron
1282 3358 1696 3416 honorificentia
1714 3361 1912 3432 sepulti
1937 3370 2085 3417 sunt:

503 3460 767 3523 tanquam
802 3453 948 3507 enim
997 3451 1310 3508 desertores
1337 3453 1537 3522 abjecti
1570 3461 1721 3515 sunt,
1754 3468 1855 3507 nec
1879 3453 1950 3508 ab
1976 3454 2089 3507 ullo

502 3545 914 3601 Catholicorum
949 3546 1244 3616 sepulturae
1266 3545 1527 3599 mandati.
1550 3543 1682 3600 Post
1705 3545 1821 3599 haec
1849 3544 1943 3616 qui
1974 3559 2092 3600 cor-

504 3642 724 3704 ruptam
779 3635 847 3689 ab
893 3648 960 3689 eo
991 3635 1297 3689 doctrinam
1350 3635 1651 3689 hauserant
1705 3633 1851 3689 istud
1907 3636 2086 3706 ipsum

505 3728 701 3797 dogma
734 3727 1185 3791 corroborarunt,
1218 3725 1434 3794 iisdem,
1461 3726 1663 3797 quibus
1695 3727 1940 3797 ipsorum
1973 3741 2089 3782 ma-

505 3818 677 3888 gister
712 3817 892 3884 initio,
915 3818 1098 3874 verbis
1120 3817 1377 3885 adducti;
1408 3832 1536 3874 nam
1581 3834 1707 3874 cum
1745 3819 2090 3891 presbytero-

504 3926 628 3964 rum
653 3909 891 3966 concilio
927 3894 1268 3980 percontanti
1322 3911 1570 3979 dixisset,
1612 3926 1784 3966 unum
1818 3926 1878 3968 se
1917 3909 2087 3967 Deum

503 4001 706 4065 colere,
742 4016 871 4056 vere
918 4001 1022 4056 hoc
1060 4005 1128 4055 ab
1154 4002 1262 4056 illis
1288 4016 1613 4071 responsum
1648 4000 1863 4057 audiit:
1890 4000 1957 4056 Et
1984 4017 2088 4059 nos

505 4108 675 4148 unum
722 4106 939 4163 quoque
984 4090 1151 4147 Deum
1185 4092 1438 4158 colimus,
1492 4093 1587 4148 sed
1625 4092 2087 4162 quemadmodum

507 4184 748 4254 legitime
782 4181 935 4235 illum
971 4181 1153 4235 colere
1175 4183 1448 4236 novimus.
1480 4179 1781 4251 Itidemque
1806 4181 2087 4237 Christum

505 4275 770 4328 habemus
796 4288 992 4337 unum,
1018 4272 1111 4327 sed
1141 4271 1600 4342 quemadmodum
1623 4273 1898 4337 novimus,
1919 4288 2086 4328 unum

502 4366 780 4421 Christum
811 4363 906 4419 Dei
930 4364 1159 4430 Filium;
1194 4377 1436 4447 passum,
1470 4363 1745 4434 quomodo
1767 4379 1963 4434 passus
1978 4375 2084 4432 est;

2187 1910 2287 1981 τὴν
2309 1909 2489 1979 δεινὴν
2524 1909 2618 1963 καὶ
2643 1902 3171 1983 ὁλετήριονπικρίαν
3196 1925 3210 1939 ·
3249 1908 3488 1982 ὕστερον
3521 1908 3579 1962 δὲ
3600 1911 3687 1979 ἀφ’
3706 1902 3762 1981 ἧς

2189 2000 2303 2072 εἶχε
2355 2001 2560 2077 λύσσης
2600 2002 2682 2065 είς
2735 2019 2890 2065 τινας
2924 2001 3117 2066 ἄλλους
3158 1999 3445 2073 ἐμϐαλὼν,
3483 2000 3560 2064 ὡς
3589 2001 3761 2063 εἰπεῖν,

2189 2091 2284 2145 καὶ
2319 2091 2415 2144 σὺν
2468 2088 2618 2161 αὑτῷ
2675 2088 2863 2162 ὥσπερ
2907 2090 3041 2145 δέκα
3069 2090 3270 2167 ἀνδρας
3300 2089 3662 2160 ἐπαγόμενος,
3694 2090 3760 2152 εἰς

2189 2182 2356 2251 τύφον
2393 2182 2615 2254 μείζονα
2636 2183 2731 2236 καὶ
2760 2182 2961 2254 θράσος
3008 2174 3290 2255 ἐπαρθεὶς,
3322 2178 3603 2254 τολμηρὸς
3633 2196 3761 2249 τετοσ

2190 2275 2315 2340 νὼς,
2341 2276 2627 2348 παρρησίᾳ
2645 2275 2832 2331 λοιπὸν
2875 2275 2973 2347 τὴν
2998 2276 3212 2348 αἵρεσιν
3233 2272 3583 2345 ἐδογμάτιζε.
3616 2271 3758 2326 Πάλιν

2187 2366 2234 2420 δ’
2267 2359 2336 2420 αὖ
2358 2368 2407 2420 οἱ
2458 2366 2615 2421 αὐτοὶ
2646 2366 3028 2439 πρεσϐύτεροι,
3069 2365 3585 2441 προσκαλεσάμενοι
3620 2363 3760 2417 αὐτόν

2186 2473 2248 2509 τε
2277 2457 2371 2510 καὶ
2411 2457 2536 2521 τοὺς
2579 2455 3028 2528 προσφθαρέντας
3066 2454 3215 2526 αὐτῷ
3264 2453 3614 2526 ἀνθρώπους,
3649 2453 3756 2524 περὶ

2187 2547 2298 2602 τῶν
2323 2548 2503 2602 αὐτῶν
2536 2548 2696 2601 πάλιν
2734 2546 2981 2619 ἠρώτων.
3026 2548 3084 2602 '0
3118 2547 3177 2603 δὲ
3206 2547 3321 2618 ἅμα
3349 2549 3470 2610 τοῖς
3499 2546 3589 2600 ὑπ’
3615 2545 3755 2601 αὑτοῦ

2191 2641 2623 2713 πεπλανημένοις
2674 2639 2981 2712 ὑποτρίψας
3017 2632 3077 2694 sb
3110 2639 3389 2711 μέτωπον,
3437 2638 3617 2693 λοιπὸν
3639 2637 3756 2709 παῤ-

2192 2732 2358 2804 ῥησίᾳ
2390 2731 2666 2800 ἀντέλεγε,
2720 2732 2946 2801 φάσκων
2965 2746 2980 2762 ⁶
3016 2731 3082 2785 Τί
3114 2730 3223 2803 γὰρ
3252 2731 3432 2785 κακὸν
3473 2729 3753 2800 πεποίηκας

2189 2823 2329 2877 Ἕνα
2388 2823 2521 2878 Θεὸν
2572 2822 2802 2891 δοξάζω,
2834 2823 2932 2877 ἕνα
2968 2821 3291 2894 ἐπίσταμαι,
3335 2822 3440 2876 καὶ
3481 2820 3581 2875 οὐκ
3618 2818 3753 2875 ἄλλον

2190 2913 2331 2986 πλὴν
2356 2913 2545 2981 αὐτοῦ,
2576 2913 2929 2985 γεννηθέντα,
2954 2913 3278 2977 πεπονθότα,
3310 2912 3663 2971 ἀποθανόντα.

2272 3007 2361 3071 Ὧς
2418 3002 2511 3060 οὖν
2571 3009 2629 3059 ἐν
2679 3006 2890 3069 τούτοις
2950 3005 3160 3081 ἔμενεν,
3206 3003 3452 3069 ἐξέωσαν
3485 3003 3637 3057 αὑτὸν
3671 2998 3753 3070 τῆς

2202 3096 2532 3168 ΪΕκκλησίας
2566 3095 2683 3168 ἀμα
2731 3098 2847 3159 τοῖς
2897 3095 2988 3148 ὑπ’
3018 3094 3181 3148 αὐτοῦ
3213 3094 3393 3166 δόγμα
3445 3093 3752 3166 μεμαθητευ-
3858 3144 3867 3149 _

2196 3191 2394 3260 μένοις.
2436 3189 2676 3260 Τελευτᾷ
2738 3188 2794 3241 δέ
2837 3188 2867 3239 ὁ
2896 3188 3068 3251 αὐτὸς
3118 3186 3344 3257 ἔναγχος
3393 3187 3511 3258 ἅμα
3658 3182 3751 3251 ἰδίῳ

2189 3279 2426 3353 ἀδελφῷ,
2480 3280 2578 3357 οὐχ
2622 3280 2752 3345 ὼςό
2799 3281 3043 3352 Μωῦσῆς
3088 3281 3145 3333 ἐν
3188 3276 3336 3352 δόξῃ,
3376 3279 3500 3333 οὐδὲ
3543 3279 3570 3330 ό
3613 3271 3749 3329 αὐτοῦ

2189 3374 2462 3443 ἀδελφὺςό
2502 3371 2712 3445 Ἀαρὼν
2740 3371 2916 3443 ἐτάφη
2945 3372 3002 3423 ἐν
3038 3374 3172 3443 τιμῇ
3190 3389 3204 3405 ο
3238 3371 3547 3443 ἐρρίφησαν
3573 3368 3668 3439 γὰρ
3688 3364 3751 3428 ('0;

2189 3464 2528 3536 παραϐάται,
2581 3465 2675 3517 καὶ
2706 3463 2881 3526 οὐδεὶς
2933 3462 3131 3524 αὐτοὺς
3162 3460 3270 3515 τῶν
3316 3459 3583 3515 θεοσεϐὦν
3619 3472 3748 3527 περι-

2189 3555 2417 3613 έστειλε.
2450 3554 2604 3609 Μετὰ
2625 3553 2783 3608 τοῦτο
2806 3554 2857 3606 οἱ
2892 3552 2986 3606 ὑπ’
3012 3551 3175 3608 αὐτοῦ
3203 3552 3291 3606 τὸν
3320 3553 3453 3606 νοῦν
3488 3547 3747 3620 φθαρέντες

2190 3647 2496 3718 ἐκράτυναν
2550 3645 2699 3698 τουτὶ
2740 3643 2802 3698 τὸ
2835 3644 3032 3716 δόγμα,
3069 3643 3277 3707 τούτοις
3307 3644 3428 3706 τοῖς
3463 3642 3632 3713 ῥητοῖς
3659 3639 3742 3691 ὐπ-

2188 3736 2465 3808 αχθὲντες,
2499 3729 2582 3797 οἷς
2604 3735 2698 3788 καὶ
2728 3736 2756 3787 ό
2774 3733 2952 3789 αὐτῶν
2980 3731 3295 3795 διδάσκαλος
3334 3730 3401 3795 ἐξ
3430 3728 3615 3802 ἀρχῆς.
3641 3725 3745 3778 Ὅτε

2188 3827 2297 3899 γὰρ
2319 3825 2674 3898 ἐρωτώμενος
2704 3825 2810 3883 ἀπὸ
2834 3825 2924 3879 τοῦ
2952 3823 3348 3896 πρεσϐυτερίου
3382 3823 3491 3894 ἔφη
3523 3821 3611 3874 Eva
3634 3816 3744 3870 Θεὸν

2188 3913 2451 3982 δοξάζειν,
2477 3916 2643 3987 ἤκουε
2672 3915 2803 3987 παρ’
2843 3913 3023 3973 αὐτῶν
3051 3911 3377 3983 φιλαλήθως,
3412 3912 3494 3966 ὅτι
3526 3910 3612 3962 ’ἐνα
3633 3903 3742 3959 Θεὸν

2188 4005 2485 4077 δοξάζομεν
2515 4006 2607 4063 καὶ
2650 4005 2826 4069 αὐτοὶ,
2874 4004 2988 4058 ἀλλ’
3018 4004 3094 4067 ὼς
3124 4003 3343 4073 οἴδαμεν
3368 4001 3587 4065 δικαίως
3609 3995 3739 4061 δοξά.

2190 4096 2325 4161 ζειν.
2366 4096 2479 4149 Καὶ
2507 4094 2605 4149 ἕνα
2640 4093 2872 4166 Χριστὸν
2922 4093 3140 4165 ἔχομεν,
3178 4091 3294 4146 ἀλλ’
3329 4092 3411 4154 ὡς
3439 4089 3644 4160 οἴδαμεν
3663 4083 3739 4136 ’ἑνι

2190 4187 2426 4258 Χριστὸν
2460 4187 2587 4241 Υίὸν
2614 4187 2771 4252 Θεοῦ,
2813 4185 3054 4240 παθόντα
3093 4183 3274 4249 καθὼς
3311 4182 3532 4248 ἔπαθεν,
3564 4174 3739 4235 ἀποθα-

2189 4279 2349 4334 νόντα
2376 4278 2558 4343 καθὼς
2588 4279 2879 4341 ἀπέθανεν,
2906 4276 3233 4344 ἀναστάντα,
3261 4273 3547 4329 ἀνελθόντα
3571 4270 3643 4331 εἰς
3662 4264 3737 4320 τὸν

2189 4371 2438 4443 ούρανδν.
2471 4369 2599 4424 ὄντα
2633 4372 2691 4425 ἐν
2711 4369 2861 4440 δεξιᾷ
2884 4367 2979 4422 τοῦ
3014 4368 3247 4439 Πατρὸς,
3279 4367 3566 4439 ἐρχόμενον
3586 4360 3734 4432 κρῖναι

504 4464 803 4512 mortuum.
832 4456 1111 4524 quomodo
1129 4462 1379 4510 mortuus
1408 4464 1525 4521 est;
1561 4455 1653 4525 qui
1683 4457 2077 4523 etresurrexit,

2190 4459 2394 4525 ζῶντας
2445 4460 2539 4513 καὶ
2583 4458 2829 4530 νεκρούς.
2872 4457 3060 4512 Ταῦτα
3120 4457 3350 4528 λέγομεν
3399 4448 3734 4527 μεμαθηκότες

502 4554 558 4601 et
588 4547 641 4600 in
672 4545 871 4600 caelum
905 4546 1173 4609 ascendit,
1201 4553 1256 4600 et
1279 4546 1348 4600 ad
1366 4545 1547 4600 Patris
1569 4545 1851 4601 dexteram
1877 4558 2079 4616 manet,

2189 4551 2298 4604 ἀπὸ
2330 4551 2438 4604 τῶν
2466 4550 2626 4605 θείων
2660 4549 2914 4623 Γραφῶν,
2956 4549 2993 4603 ἃ
3024 4549 3119 4603 καλ⁹
3142 4546 3503 4619 ἐπιστάμεθα.

502 4647 557 4692 et
584 4648 849 4693 venturus
880 4646 966 4694 est
994 4639 1245 4709 judicare
1274 4640 1428 4693 vivos
1450 4646 1504 4692 et
1534 4647 1805 4694 mortuos.
1864 4638 1987 4696 Haec
2042 4657 2144 4699 nos
2174 4643 2252 4719 ab
2307 4645 2613 4715 Scripturis
2660 4644 2838 4700 sacris
2889 4649 3109 4713 accepta
3163 4641 3501 4712 proﬁtemur,
3544 4644 3652 4704 qua?
3689 4631 3734 4680 ει

505 4746 774 4786 novimus.

522 4844 525 4849 ν
577 4822 644 4876 II.
680 4819 818 4874 llinc
854 4818 1130 4882 Noetiani,
1159 4818 1309 4873 velut
1369 4817 1436 4872 ab
1480 4834 1546 4875 eo
1576 4820 1754 4875 avulsi
1788 4836 1853 4879 ac
1884 4836 2085 4895 prepa-

502 4917 635 4987 gati,
671 4923 835 4984 atque
865 4912 1106 4968 universi
1140 4911 1261 4981 ejus
1292 4909 1519 4965 assecla:
1556 4911 1697 4966 idem
1732 4912 1927 4984 dogma
1966 4931 2087 4985 pro-

503 5010 745 5071 fitentur,
803 5021 866 5062 ac
910 5005 1203 5061 fanaticam
1262 5002 1411 5058 illam
1453 5001 1759 5059 doctrinam
1813 5005 2085 5079 ejusmodi

506 5101 684 5157 verbis
734 5098 1003 5155 aflirmare
1050 5103 1343 5158 conantur,
1406 5095 1607 5171 quibus
1666 5097 1905 5169 Moysem
1942 5099 2086 5156 Deus

504 5194 699 5249 aﬂ‘atus
720 5199 805 5250 est
831 5208 844 5245 :
876 5189 990 5261 Ego
1012 5205 1130 5243 sum
1171 5188 1309 5241 Deus
1333 5193 1545 5254 patrum
1574 5197 1886 5243 vestrorum.
1918 5187 2080 5261 481

580 5370 597 5401 ⁸
627 5370 756 5428 Cor.
786 5416 797 5421 ν
812 5374 1121 5445 ἐπάρμασι.

574 5527 684 5594 (96)
724 5525 1144 5608 TﬁcL‘Esaé'O’ov
1188 5527 1440 5592 πόλεως.
1488 5521 1865 5579 Theodoretus
1896 5519 2079 5593 Smyr-

505 5610 728 5650 nensem
761 5598 910 5651 facit.
1004 5614 1007 5621 ⁴

573 5664 684 5737 (07)
719 5666 823 5737 Διά
846 5666 912 5717 τὸ
939 5662 1171 5734 μηδὲινίιι
1199 5666 1312 5736 πρὸ
1335 5662 1682 5737 actoacto.
1718 5661 1831 5717 lmo
1862 5662 1950 5714 diu
1986 5676 2080 5715 an-

502 5734 719 5809 te-juain
750 5734 956 5789 Noetus
986 5734 1312 5803 emergeret,
1334 5736 1475 5788 idem
1509 5734 1600 5789 ille
1627 5748 1784 5789 error
1812 5741 2076 5802 patronos

2255 4824 2331 4878 B’.
2390 4823 2486 4877 Ἐκ
2536 4821 2728 4875 τούτου
2775 4823 2826 4875 οἱ
2871 4820 3196 4891 Νοητιανοὶ,
3246 4817 3581 4887 ἀπόσπασμα
3607 4812 3733 4873 ὄντες

2184 4914 2372 4978 αὐτοῦ,
2412 4914 2511 4968 καὶ
2541 4914 2592 4967 oi
2631 4914 2694 4980 ἐξ
2741 4912 2907 4966 αὐτοῦ
2939 4913 3088 4965 τουτὶ
3120 4910 3181 4963 τὸ
3220 4910 3396 4980 δόγμα
3437 4904 3729 4974 δοξάζουσιν,

2184 5008 2249 5059 ἐκ
2286 5005 2394 5058 τῶν
2426 5003 2609 5076 ῥητῶν
2634 5003 2841 5057 τούτων
2877 5000 3206 5074 πειρώμενοι
3238 5000 3489 5070 συνιστᾷν
3515 4997 3605 5068 τὴν
3633 4988 3728 5045 κατ’

2185 5096 2383 5158 αὐτοὺς
2438 5095 2656 5166 ἐμμανῆ
2709 5092 3078 5157 διδασκαλίαν,
3130 5091 3225 5161 ἀφ’
3280 5085 3348 5163 ἦς
3380 5086 3527 5143 εἶπεν
3563 5088 3588 5139 ὁ
3620 5078 3728 5139 θεὸς

2185 5188 2323 5256 πρὸς
2384 5185 2665 5255 Μωῧσῆν⁶
2710 5181 2860 5253 Ἐγώ
2908 5185 3025 5253 ειμι
3062 5184 3096 5237 ό
3137 5181 3282 5248 Θεὸς
3326 5180 3445 5235 τῶν
3498 5170 3725 5240 πατέρων

2182 5518 2697 5593 lphuerat_,_ut___ex
2730 5518 2942 5593 'l‘ertul.
2983 5519 3263 5593 Qypriano
3294 5535 3382 5593 ep.
3427 5517 3508 5593 τη
3545 5507 3716 5590 lgnatio

2189 5587 2359 5656 Epist.
2387 5590 2457 5641 ad
2483 5588 2720 5659 Philipp.
2764 5590 2973 5658 colligit
3000 5585 3352 5653 Pa'tnmelius',
3384 5596 3435 5644 et
3466 5585 3714 5659 Baroni_lfS-

2189 5647 2299 5714 Hbs
2326 5675 2458 5731 vero
2480 5647 2925 5728 Patrip'assianos
2945 5660 3184 5728 appellat
3211 5647 3536 5731 Cyprianus,
3560 5662 3609 5709 et
3632 5647 3713 5701 ΜΨ

2187 5730 2305 5783 rius
2341 5728 2656 5784 Victorinus
2688 5731 2910 5786 [,contr.
2945 5730 3152 5782 Arium.
