3958 6436
258 352 366 412 99‘!

935 350 1305 413 ADVERSUS
1335 350 1687 409 HERESES
1729 350 1860 406 LIB.

2008 351 2175 410 ΤΟΜ.
2216 354 2255 410 1.
2296 387 2364 397 -
2395 355 2666 413 ΗᾸΞΒΕΕ.
2710 358 2868 415 LVII.

3433 366 3543 424 998

259 469 449 540 ὑμῶν.
522 468 673 538 Ἑτιὶι
723 466 975 537 πρῶτος,
1016 469 1118 524 καὶ
1147 466 1264 537 ἐγὼ
1288 472 1438 539 μετὰ
1472 470 1663 525 ταῦτα
1685 488 1697 504 ·
1734 472 1847 526 οὐκ

1970 470 2066 542 Ego
2095 472 2298 541 primus
2354 482 2406 529 et
2455 491 2548 546 ego
2603 480 2882 547 pesterior.
2937 477 3061 535 Non
3109 477 3266 535 erant
3320 482 3419 536 tibi
3462 485 3545 539 dii

262 558 512 619 ἔσονταί
541 575 642 616 σοι
670 561 793 615 θεοὶ
821 560 1029 631 ἕτεροι,
1053 562 1146 617 καὶ
1171 565 1241 616 τά
1280 561 1431 633 ἑξῆς.
1462 563 1691 632 "Ere-{0v
1716 557 1812 617 οὖν
1831 578 1847 594 ·

273 656 467 726 Ἡμεῖς
499 654 677 708 τοίνυν
717 654 880 708 αὐτὸν
915 655 1134 726 οἴδαμεν
1169 655 1349 726 μόνον.
1385 657 1448 709 El
1480 656 1661 709 τοίνυν
1682 654 1852 709 ἐλθὼν

266 741 501 815 Χριστὸς
558 743 845 813 ἐγεννήθη,
891 745 1055 808 αὑτός
1102 745 1218 807 ἐστι
1259 745 1469 817 Πατὴρ,
1504 745 1664 809 αὐτὸς
1699 745 1850 811 Υἱὸς,

261 834 373 906 ἄρα
398 833 562 898 αὐτός
595 835 712 887 ἐστι
739 833 873 898 Θεὸς
903 837 931 889 6
968 836 1076 901 ἀεὶ,
1105 836 1201 891 καὶ
1223 834 1319 891 νῦν
1357 835 1549 903 ἐλθὼν,
1589 835 1668 899 ὡς
1705 834 1853 904 λέγει

258 927 297 997 ἡ
329 925 554 997 Γραφῇ·
594 920 784 991 Οὗτος
831 928 865 981 ό
907 927 1054 991 Θεός
1107 941 1225 981 σου
1252 943 1266 959 ο
1302 928 1374 981 οὐ
1421 925 1854 996 λογισθήσεται

256 1016 467 1084 ἕτερος
493 1014 642 1084 πρὸς
673 1016 880 1073 αὐτόν.
942 1016 1176 1085 Ἐξεῦρε
1199 1016 1408 1073 πᾶσαν
1437 1017 1584 1071 ὁδὸν
1610 1015 1854 1086 emuni—

260 1124 405 1175 μης,
444 1107 543 1163 καὶ
577 1106 803 1163 ἔδωκεν
852 1106 1051 1176 αὐτὴν
1074 1107 1293 1163 ἐΙακὼϐ
1315 1108 1396 1174 τῷ
1436 1108 1605 1163 παιδί
1639 1109 1852 1173 αὐτοῦ,

261 1206 370 1261 καὶ
414 1204 667 1273 Ἰσραὴλ
698 1203 808 1271 air
827 1204 1197 1275 ἠγαπημένῳ
1233 1205 1442 1260 αὐτοῦ.
1481 1205 1644 1260 Μετὰ
1670 1205 1857 1260 ταῦτα

261 1297 366 1351 ἐπὶ
393 1295 504 1363 τῆς
537 1296 651 1366 τῆς
697 1296 886 1365 ὤφθη,
924 1297 1024 1353 καὶ
1069 1298 1196 1364 τοῖς
1247 1296 1575 1366 ἀνθρώποις
1629 1312 1857 1353 συναν-

260 1388 558 1457 εστράεοη.
631 1388 815 1459 Ὁρᾷς,
862 1389 1017 1460 φησὶ,
1072 1389 1234 1443 πάλιν
1268 1389 1386 1452 πῶς
1414 1391 1450 1461 ή
1493 1389 1610 1449 θεία
1663 1390 1856 1462 Γραφὴ

262 1482 418 1551 ἡμᾶς
444 1478 733 1543 συνεθίζει,
770 1479 866 1533 τοῦ
903 1480 976 1552 μὴ
1011 1480 1166 1536 ἄλλον
1198 1481 1293 1535 καὶ
1326 1481 1485 1536 ἄλλον
1531 1480 1663 1535 Θεὸν
1702 1484 1856 1553 ἠγεῖ-

265 1571 420 1635 σθαι,
490 1571 798 1640 φάσκουσα,
840 1572 922 1625 ὅτι
953 1573 1117 1635 αὐτὸς
1165 1572 1297 1636 Θεός
1327 1573 1446 1626 ἐστι
1477 1570 1634 1642 μόνος
1662 1571 1854 1636 ἐλθὼν,

263 1661 365 1715 καὶ
416 1661 578 1725 αὐτὸς
627 1661 789 1716 πάλιν
834 1660 1061 1734 ὕστερον
1108 1661 1334 1731 ὀφθείςς
1385 1661 1555 1716 Πάλιν
1618 1662 1674 1715 δὲ
1713 1661 1858 1732 ἄλλῳ

266 1751 421 1825 ῥητῷ
474 1752 771 1824 κέχρηνται
796 1752 989 1820 τούτῳ,
1022 1753 1098 1816 ὼς
1123 1752 1273 1822 λέγει
1291 1769 1305 1784 ·
1357 1753 1718 1811 Ἕκοπίασεν
1742 1753 1849 1813 Αἵ-

1953 564 2131 631 alteri,
2174 571 2283 621 etc.
2310 564 2391 620 Ex
2429 568 2630 638 quibus
2682 571 2756 625 ita
2805 570 3133 642 colligebant
3162 590 3174 625 :
3199 570 3310 626 Nos
3360 573 3542 644 ipsum

1953 657 2209 713 novimus
2260 657 2458 713 solum.
2515 658 2696 725 Quare
2730 660 2778 717 si
2815 661 3043 719 veniens
3088 663 3338 721 Christus
3385 673 3546 723 natus

1953 755 2059 811 est,
2116 745 2261 802 idem
2319 747 2437 818 ipse
2480 746 2645 807 Pater
2670 758 2777 817 est,
2811 760 2867 807 et
2914 752 3106 818 Filius,
3136 755 3547 828 idemdcnique

1958 835 2104 893 Deus
2131 846 2239 903 est,
2266 839 2358 910 qui
2391 848 2446 895 et
2475 855 2693 914 semper
2730 843 2854 911 fuit,
2880 855 2934 900 et
2961 847 3017 901 in
3049 848 3341 917 praesentia
3376 853 3545 916 venit,

1956 935 2017 983 ut
2045 927 2330 999 Scriptura
2352 930 2599 987 declarat
2632 951 2645 988 :
2678 933 2780 989 Hic
2801 944 2880 990 est
2907 935 3048 991 Deus
3072 947 3230 1004 tuus;
3252 956 3362 994 non
3392 957 3548 1011 repu-

1957 1016 2156 1073 tabitur
2182 1018 2323 1072 alius
2346 1019 2415 1073 ad
2431 1019 2625 1089 ipsum.
2644 1023 2851 1079 Invenit
2884 1040 3090 1080 omnem
3115 1029 3257 1083 riam
3287 1031 3544 1093 scientiis,

1953 1116 2003 1160 et
2021 1104 2165 1161 dedit
2193 1106 2346 1161 illam
2369 1105 2539 1162 Iacob
2563 1124 2726 1177 puero
2757 1128 2874 1178 suo,
2922 1123 2972 1167 et
3015 1113 3188 1171 Israel
3211 1119 3406 1174 dilecto
3425 1136 3543 1176 suo.

1967 1196 2099 1252 Post
2127 1197 2239 1252 Iure
2267 1198 2325 1254 in
2353 1206 2495 1253 terra
2517 1201 2659 1256 uisus
2697 1212 2797 1267 est,
2843 1214 2893 1258 et
2920 1222 3038 1263 cum
3067 1209 3369 1266 hominibus
3414 1228 3545 1267 con-

1957 1298 2193 1345 uersatus
2215 1299 2295 1345 est
2310 1291 2348 1344 ι.
2367 1288 2447 1346 Ex
2464 1292 2570 1360 his,
2600 1291 2872 1363 inquiunt,
2891 1296 3325 1357 animadvertere
3350 1311 3534 1372 potes,

1970 1382 2428 1452 quemadmodum
2468 1382 2754 1454 Scriptura
2793 1403 2895 1444 nos
2943 1391 3220 1461 sapienter
3266 1393 3543 1461 informet,

1969 1488 2041 1528 ne
2074 1473 2239 1533 alium
2266 1483 2432 1545 atque
2458 1475 2624 1530 alium
2656 1476 2824 1533 Deum
2856 1480 3205 1547 arbitremur,
3230 1499 3355 1539 cum
3385 1487 3544 1541 illum

1965 1563 2138 1622 Deum
2160 1580 2284 1623 esse
2307 1567 2485 1622 solum
2507 1568 2728 1637 asserit,
2743 1570 2838 1640 qui
2866 1573 3096 1638 venerit,
3120 1576 3323 1646 quique
3352 1585 3547 1647 postea

1967 1657 2042 1713 sit
2071 1656 2248 1713 visus.
2278 1656 2401 1711 Alia
2434 1668 2695 1729 praeterea
2738 1676 2805 1716 ex
2850 1663 3027 1720 sacris
3057 1664 3280 1721 Litteris
3316 1670 3552 1724 auctori-

1970 1753 2081 1801 tate
2131 1747 2493 1803 contendunt.
2541 1747 2850 1813 Labor-urit,
2905 1752 3107 1823 inquit,
3159 1753 3447 1826 ﬁgyplus,
3496 1767 3551 1812 et

264 1815 516 1915 inﬁdae,
543 1815 666 1899 ’ἆάι
711 1815 983 1915 ἐμπορία,
1011 1815 1329 1912 Αἰθιόπων,
1363 1846 1461 1901 καὶ
1496 1849 1550 1900 ol
1595 1846 1856 1915 Σαόαεὶμ

1970 1839 2241 1910 negotiatio
2277 1837 2596 1908 Ethiopum
2619 1855 2640 1905 ;
2663 1850 2714 1896 et
2753 1841 2959 1898 Sabain
2982 1815 3081 1899 uiri
3095 1815 3359 1902 sublimes
3398 1815 3468 1902 ait
3501 1861 3551 1906 te

263 1937 484 2006 ἄνδρες
510 1938 739 2006 ὑψηλοὶ
759 1938 857 1991 ἐπὶ
875 1938 951 1991 σὲ
965 1926 1380 2006 «Sauariam-rat,
1405 1939 1503 1997 καὶ
1526 1937 1626 1993 σοὶ
1647 1938 1856 1993 δοῦλοι

262 2030 538 2084 ἔσονται.
574 2028 687 2083 Kal
741 2031 1143 2099 πορεύσονται
1172 2031 1367 2086 ὀπίσω
1399 2045 1518 2086 σου
1546 2029 1860 2101 δεδεμένοι

267 2120 669 2191 χειροπέδαις,
710 2121 807 2176 καὶ
853 2123 924 2176 ἐν
956 2123 1055 2176 σοὶ
1090 2123 1620 2193 προσκυνήσουσι,
1657 2123 1753 2177 καὶ
1790 2122 1861 2176 ἐν

266 2212 371 2265 σοι
408 2212 884 2281 προσεύξονται·
914 2213 1006 2267 ὅτι
1034 2215 1103 2267 ἐν
1137 2215 1235 2268 σοὶ
1263 2215 1408 2281 Θεός
1444 2215 1595 2280 ἐστι,
1628 2214 1727 2268 καὶ
1747 2216 1860 2268 οὐκ

259 2303 405 2357 -ἐστι
468 2304 614 2370 Θεὸς
658 2303 827 2372 πλὴν
872 2304 1011 2359 σοῦ.
1041 2304 1125 2358 Σὺ
1158 2305 1270 2374 γὰρ
1308 2302 1367 2359 εἷ
1423 2306 1588 2373 Θεὸς,
1619 2306 1717 2360 καί
1749 2307 1861 2360 οὐκ

272 2395 541 2463 ᾔδειμεν,
571 2398 605 2449 ὁ
634 2395 779 2461 Θεὸς
804 2394 910 2449 τοῦ
947 2396 1190 2464 Ἰσραὴλ
1228 2397 1452 2467 Σωτήρ.
1489 2398 1680 2468 Ὁρᾷς,
1704 2399 1860 2470 φησι,

271 2485 394 2548 πῶς
447 2486 503 2537 αἱ
558 2483 699 2537 θεῖαι
761 2485 975 2555 Γραφαὶ
1021 2486 1117 2538 ἕνα
1167 2484 1300 2538 Θεὸν
1350 2487 1720 2557 σημαίνουσι,
1770 2488 1866 2541 καὶ

270 2576 738 2645 καταγγέλλουσιν
787 2578 950 2631 αὐτὸν
991 2579 1245 2649 ὲμφανῆ;
1280 2578 1391 2632 Kal.
1420 2564 1867 2650 ὁμολογουμένως

267 2664 359 2731 εἷς
402 2669 574 2733 ἐστιν,
601 2670 632 2721 6
657 2668 819 2731 αὐτὸς
852 2669 939 2721 ἀεὶ
978 2668 1073 2725 ὤν.
1110 2670 1217 2722 Καὶ
1250 2669 1438 2724 τούτου
1458 2669 1621 2723 ἕνεκα
1655 2670 1717 2723 οὒ
1741 2671 1868 2723 πολ-

274 2761 403 2823 λοὺς
434 2759 590 2823 θεοὺς
627 2760 878 2831 λέγομεν,
904 2761 1021 2815 ἀλλ’
1055 2761 1150 2815 ἕνα
1184 2761 1315 2815 Θεὸν
1344 2761 1436 2815 τὸν
1463 2762 1626 2816 αὐτὸν
1657 2761 1867 2833 ἀπαθῆ,

274 2854 443 2908 αὐτὸν
468 2853 689 2924 Πατέρα
712 2853 806 2907 τοῦ
839 2852 994 2915 Υίοῦ,
1041 2852 1203 2906 αὐτὸν
1232 2851 1382 2914 Υἱὸν,
1414 2852 1509 2905 καὶ
1539 2852 1869 2918 πεπονθότα,

276 2945 372 2998 ἵνα
401 2942 553 3018 cling
580 2945 728 3015 ἡμᾶς
765 2945 824 2996 ὲν
856 2943 935 3014 τῷ
972 2943 1086 3014 ἰδίῳ
1136 2942 1320 3005 πάθει,
1356 2943 1449 2996 καὶ
1492 2943 1554 2996 οὐ
1595 2941 1873 3013 δυνάμεθα

275 3036 441 3090 ἄλλον
468 3035 676 3103 λέγειν·
703 3034 864 3105 δῆθεν
896 3033 1007 3091 ἀπὸ
1040 3033 1135 3087 τοῦ
1165 3033 1455 3087 ἐπιστάτου
1485 3033 1665 3087 αὐτῶν
1698 3051 1875 3105 μεμα-

280 3125 516 3196 θηκότες
536 3124 746 3196 ⁷ταύτην
770 3123 868 3194 τὴν
888 3123 1200 3193 ὁμολογίαν,
1230 3124 1322 3175 καὶ
1343 3121 1441 3193 τὴν
1474 3122 1719 3193 πονηρὰν
1742 3121 1874 3177 ταύ-

279 3192 386 3287 την
413 3192 809 3281 ὑπόνοιανξνκαὶ
827 3192 1167 3286 λυμαντικὴν
1194 3192 1410 3285 μανίαν,

358 3302 494 3361 Εἶτα
521 3307 655 3360 ἄλλα
699 3307 839 3377 ῥητά
889 3320 1052 3375 φασιν
1082 3307 1162 3369 εἰς
1191 3304 1449 3358 σύστασιν
1479 3305 1708 3369 ἑαυτῶν,
1740 3305 1816 3371 ὡς
1844 3309 1873 3360 6

281 3396 467 3450 αὐτῶν
488 3395 805 3459 διδάσκαλος
831 3395 1039 3463 ἔλεγεν,
1073 3395 1155 3448 ὅτι
1204 3395 1303 3449 καὶ
1336 3395 1366 3447 6
1406 3395 1726 3459 Ἀπόστολος
1750 3395 1873 3449 τού-

281 3500 402 3546 τοις
433 3484 702 3554 μαρτυρεί
715 3485 825 3545 τοῖς
848 3482 1030 3552 λόγοις
1052 3499 1064 3513 ·
1092 3478 1203 3536 Ὧν
1230 3485 1286 3537 οἱ
1314 3483 1587 3552 πατέρες,
1626 3484 1696 3550 ἐξ
1720 3479 1812 3540 ὦν
1839 3489 1872 3541 ό

284 3573 546 3643 Χριστὸς
589 3573 655 3628 τὸ
689 3572 841 3627 κατὰ
872 3573 1102 3642 σάρκα,
1133 3576 1166 3626 ό
1192 3571 1278 3627 ὢν
1313 3573 1414 3628 ἐπὶ
1451 3574 1694 3628 πάντων
1728 3575 1873 3643 Θεὸς

281 3665 619 3735 εὐλογητὸς
654 3668 743 3732 είς
782 3666 924 3734 τσὺς
967 3666 1206 3732 αἰῶνας.
1249 3665 1456 3735 Ἀμήν.
1502 3668 1790 3733 Βούλονται
1815 3669 1875 3723 δὲ

274 3756 591 3827 διηγεῖσθαι
623 3756 943 3828 μονοκὼλως
968 3757 1156 3811 τοῦτον
1203 3757 1296 3812 τὸν
1322 3758 1543 3828 τρόπον,
1575 3759 1653 3822 ὠς
1689 3759 1875 3814 86660—

279 3865 379 3911 τος
402 3862 415 3875 ·
480 3848 687 3911 ἐκεῖνος
718 3847 816 3918 μὲν
839 3847 1001 3918 φύσει
1052 3849 1367 3920 ἁκροτάτως
1415 3849 1700 3921 ἄνθρωπον
1718 3850 1873 3921 ψιλὸν

277 3939 688 4010 διηγησάμενος
709 3954 723 3968 ⁸
753 3932 909 4002 οὗτος
932 3939 990 3993 δὲ
1021 3940 1181 3993 πάλιν
1209 3940 1375 4010 ἄλλην
1405 3940 1687 4011 ἀκρότητα
1715 3959 1872 4013 μονο-

275 4031 471 4097 τύπως
495 4030 586 4083 τὸν
606 4030 768 4083 αὑτὸν
790 4032 1010 4102 Πατέρα
1033 4032 1129 4086 καὶ
1158 4032 1286 4085 Υἱὸν
1317 4032 1413 4085 καὶ
1446 4032 1599 4100 ἅγιον
1622 4033 1870 4106 Πνεῦμα,

276 4125 345 4176 ὲν
390 4123 556 4192 σαρκὶ
612 4123 919 4181 πεπονθότα
980 4125 1073 4178 καὶ
1132 4122 1460 4194 γεννηθέντα
1503 4127 1870 4197 ἡγησάμενος.

275 4213 424 4269 Οὔτε
460 4210 556 4281 οὖν
578 4216 776 4281 ἐκεῖνοι
809 4219 858 4269 οἱ
891 4216 998 4269 ἀπὸ
1031 4215 1289 4269 Θεοδότου
1313 4233 1366 4269 τι
1406 4216 1464 4273 ὲν
1488 4216 1718 4288 ἀληθείᾳ
1741 4216 1874 4285 ἔφα-

279 4322 410 4369 σαν,
438 4304 564 4359 οὔτε
608 4301 763 4371 οὗτος
806 4309 835 4360 6
860 4306 1066 4377 Νοητὸς
1096 4307 1192 4360 καὶ
1213 4307 1262 4358 οἱ
1291 4306 1387 4359 ἀπ’
1420 4306 1607 4373 αὑτοῦ,
1626 4308 1872 4379 Ἀνόητος

270 4396 339 4451 δὲ
403 4395 607 4466 μᾶλλον
664 4399 732 4469 τῇ
778 4397 1026 4467 δυνάμει,
1072 4396 1324 4467 καθάπερ
1369 4399 1425 4449 al
1465 4397 1605 4451 θεῖαι
1658 4398 1872 4470 Γραφαὶ

1952 1931 2284 1994 transibunt,
2319 1940 2369 1985 et
2395 1933 2532 1986 servi
2560 1933 2637 1986 tui
2666 1942 2839 1987 erunt.
2874 1935 2945 1988 Et
2971 1938 3317 1994 ambulabunt
3352 1951 3469 2009 post
3502 1952 3552 1997 te

1953 2021 2120 2076 vincti
2139 2024 2387 2087 manicis,
2414 2031 2467 2084 et
2496 2025 2553 2078 in
2590 2035 2638 2079 te
2684 2025 3008 2091 adorabunt.
3044 2037 3097 2083 et
3135 2031 3189 2083 in
3221 2044 3267 2085 te
3292 2032 3550 2102 depreca-

1961 2112 2176 2168 buntur.
2222 2113 2491 2180 Quoniam
2532 2118 2590 2170 in
2645 2124 2694 2170 te
2733 2117 2872 2172 Deus
2901 2128 3001 2185 est,
3053 2126 3119 2174 et‘
3135 2138 3241 2176 non
3291 2134 3369 2177 est
3412 2124 3550 2180 Deus

1958 2213 2154 2273 printer
2192 2215 2263 2259 te.
2307 2205 2387 2260 Tu
2424 2207 2561 2261 enim
2616 2224 2673 2263 es
2712 2208 2887 2274 Deus,
2921 2220 2972 2265 et
3000 2212 3377 2276 nesciebamus,
3406 2216 3546 2270 Deus

1961 2291 2139 2349 Israel
2207 2295 2466 2350 Saluator
2517 2298 2556 2350 ’.
2592 2295 2779 2365 Vides,
2849 2301 3066 2370 opiner,
3138 2303 3414 2374 inquiunt,
3492 2306 3548 2361 iu

1961 2384 2267 2455 Scripturis
2295 2404 2464 2443 unum
2499 2389 2729 2445 indicari
2766 2390 2934 2446 Deum
2958 2409 3023 2448 ac
3046 2396 3330 2453 manifeste
3351 2398 3548 2468 praedi-

1964 2480 2100 2533 cari.
2129 2478 2390 2551 Adeoque
2415 2481 2469 2534 in
2495 2480 2753 2539 confesso
2796 2496 2877 2539 est
2920 2501 3090 2541 unum
3119 2487 3272 2542 illum
3308 2503 3451 2555 esse,
3484 2504 3550 2544 ac

1966 2583 2181 2639 semper
2210 2571 2498 2627 exsistere.
2531 2571 2612 2627 Ob
2643 2572 2809 2643 idque
2864 2589 2975 2629 non
3023 2577 3210 2647 plures
3250 2577 3383 2633 deos
3415 2578 3552 2632 ailir-

1968 2677 2204 2724 mamus,
2255 2664 2349 2719 sed
2403 2681 2573 2719 unum
2633 2666 2901 2722 duntaxat
2951 2667 3145 2736 Deum,
3203 2672 3388 2741 quiet
3441 2675 3549 2743 pati

1968 2754 2107 2808 nihil
2139 2755 2335 2824 possit,
2365 2766 2413 2810 et
2464 2756 2606 2813 idem
2640 2756 2764 2813 Filii
2813 2758 2974 2815 Pater
3015 2763 3085 2816 sit
3132 2776 3196 2817 ac
3227 2761 3430 2832 Filius;
3458 2767 3551 2835 qui

1970 2845 2096 2901 ideo
2124 2862 2328 2916 passus
2350 2848 2444 2912 sit,
2460 2858 2522 2902 ut
2548 2864 2648 2905 nos
2670 2864 2768 2905 sua
2791 2852 3146 2921 perpessione
3168 2864 3430 2917 servaret,
3453 2873 3553 2912 nec

1972 2937 2141 2990 alium
2187 2938 2256 2993 ab
2296 2952 2361 2993 eo
2388 2941 2749 3008 pronuntiare
2783 2957 3099 3012 possumus.
3128 2944 3303 3011 Quam
3335 2947 3552 3018 quidem

1972 3027 2099 3083 fidei
2131 3028 2556 3098 professionem,
2606 3048 2671 3087 ac
2710 3034 3058 3103 depravatam
3101 3037 3440 3107 opinionem,
3469 3040 3553 3095 vel

1974 3119 2289 3191 pestiferam
2323 3123 2505 3193 potius
2534 3125 2806 3179 insaniam
2847 3140 2877 3179 a
2906 3127 3168 3198 magistro
3216 3130 3551 3190 didicerunt.

2046 3295 2190 3362 Quin
2212 3298 2376 3352 etiam
2409 3297 2512 3352 alia
2545 3297 2846 3367 Scriptura:
2873 3300 3035 3356 verba
3070 3302 3136 3356 ad
3163 3318 3404 3359 errorem
3438 3314 3554 3362 sta-

1974 3388 2275 3445 biliendum
2306 3389 2565 3455 afferunt,
2598 3390 2801 3461 quibus
2831 3400 2884 3447 et
2907 3393 3221 3450 eorumdem
3253 3406 3554 3469 praceptor

1981 3481 2240 3536 utebatur
2268 3499 2282 3536 :
2312 3479 2573 3534 nimirum
2604 3480 2692 3534 his
2718 3481 2902 3538 verbis
2932 3481 3253 3563 Apostolum
3292 3501 3406 3541 suae
3440 3488 3553 3557 epi-

1972 3573 2126 3628 nioni
2170 3571 2505 3643 suffragari:
2541 3571 2781 3637 Quorum
2832 3581 2955 3626 sunt
3001 3583 3220 3644 patres;
3259 3591 3324 3629 ea:
3369 3577 3556 3647 quibus

1977 3664 2223 3720 Christus
2272 3664 2563 3719 secundum
2620 3679 2873 3728 carnem;
2910 3666 3001 3736 qui
3050 3677 3126 3720 est
3176 3683 3334 3736 super
3380 3671 3556 3725 omuia

1976 3754 2118 3810 Deus
2140 3753 2442 3810 benedictus
2464 3757 2520 3809 in
2545 3755 2768 3810 sarcula.
2802 3757 2970 3810 Amen
2991 3756 3032 3812 ³.
3071 3756 3162 3812 Sic
3213 3759 3380 3830 igitur
3432 3760 3564 3817 sim-

1975 3846 2097 3915 plex
2130 3844 2392 3915 quiddam
2438 3844 2571 3910 Deo,
2608 3847 2883 3916 uniusque
2930 3845 3120 3902 formae
3165 3850 3440 3915 tribuunt,
3493 3864 3559 3907 ao

1974 3935 2320 3992 Theodotum
2354 3936 2670 4003 imitantur;
2700 3952 2825 3992 nam
2858 3945 2919 3992 ut
2952 3938 3055 3994 iste
3083 3939 3150 3994 ad
3181 3955 3349 3994 unum
3379 3948 3557 3996 extre-

1973 4043 2122 4083 mum
2154 4028 2455 4094 declinans,
2507 4030 2715 4083 nudum
2768 4029 3044 4084 hominem
3097 4031 3379 4088 Christum
3435 4048 3558 4090 esse

1972 4121 2268 4185 disseruit;
2303 4120 2385 4175 sic
2432 4120 2525 4175 ille
2564 4120 2712 4175 aliud
2757 4120 2824 4175 ad
2876 4128 3180 4176 extremum
3216 4123 3555 4190 desciscens,

1972 4210 2227 4266 eumdem
2253 4225 2377 4266 esse
2402 4208 2857 4277 Patrem,Filium
2900 4219 2953 4266 et
2982 4212 3248 4282 Spiritum
3279 4222 3556 4279 sanctum,

1973 4300 2252 4371 uniusque
2276 4314 2526 4370 personae
2564 4300 2797 4366 statuit;
2836 4309 2891 4356 et
2919 4303 3065 4356 hunc
3110 4302 3288 4371 ipsum
3331 4317 3556 4372 passum

1974 4407 2039 4448 ac
2069 4402 2260 4448 natum
2292 4393 2646 4449 existimavit.
2696 4391 2803 4449 Sed
2856 4409 3033 4471 neque
3080 4392 3346 4449 Theodoti
3377 4401 3559 4449 secta-

271 4486 628 4556 ἀμφοτέρους
688 4487 783 4541 καὶ
844 4488 1054 4550 πάντας
1118 4488 1246 4549 τοὺς
1294 4485 1740 4559 πεπλανημένους
1789 4489 1864 4540 δι-

1975 4492 2124 4541 tores
2155 4488 2269 4541 veri
2303 4484 2509 4555 aliquid
2537 4486 2739 4541 elocuti
2769 4495 2921 4551 sunt,
2975 4501 3153 4556 neque
3204 4484 3431 4552 Noetus,
3463 4495 3558 4540 aut

276 4576 590 4647 ελέγχουσι.

1979 4577 2136 4633 Nocti
2156 4578 2432 4647 discipuli.
2456 4578 2551 4648 qui
2575 4578 2837 4642 Anoetus,
2858 4579 2963 4634 hoc
2991 4590 3072 4634 cst
3104 4580 3380 4649 insipiens,
3409 4580 3556 4648 quod

272 4667 351 4722 ad
381 4668 490 4722 vim
518 4668 722 4738 ingenii
771 4684 836 4724 ac
883 4667 1193 4733 facultatem
1228 4669 1527 4740 pertinent,
1565 4669 1747 4739 potius
1777 4676 1862 4723 cst
1900 4667 2205 4737 dicendus;
2260 4668 2425 4741 482
2480 4683 2606 4723 cum
2652 4678 2913 4739 utrosque
2954 4684 3018 4723 ac
3069 4678 3296 4725 czeteros
3353 4684 3546 4724 omnes

276 4777 311 4816 a
342 4762 569 4817 veritate
597 4762 921 4818 aberrantes
947 4779 1120 4829 sacrae
1148 4762 1371 4819 Lilterzc
1395 4766 1746 4833 redarguam.

352 4853 427 4906 1".
462 4853 646 4925 Πάντη
676 4854 733 4907 δὲ
758 4854 837 4926 τῷ
862 4855 954 4908 τὸν
987 4856 1116 4909 νοῦν
1148 4857 1229 4920 εἰς
1252 4858 1383 4911 Θεὸν
1408 4858 1751 4928 κεκτημένῳ,
1775 4855 1867 4910 καὶ

269 4948 337 4998 ἐν
374 4942 497 5015 θείᾳ
547 4945 733 5016 Γραφῇ
763 4945 856 4997 καὶ
874 4945 935 4998 ὲν
960 4944 1239 5015 ῌνεύματι
1269 4947 1410 5016 ᾁγίῳ
1430 4946 1868 5017 κατηυγασμένῳ

186 5064 195 5069 -
273 5028 671 5103 εὐθυέλέγκτος
700 5039 730 5088 6
775 5035 958 5088 αὐτῶν
986 5036 1166 5106 λόγος,
1207 5039 1303 5090 καὶ
1334 5038 1517 5108 πάσης
1544 5038 1735 5100 ἀνοίας
1766 5036 1868 5107 ἐμ·-

279 5126 463 5189 πλεως
515 5124 786 5194 φαίνεται.
820 5125 1038 5197 Τόλμης
1071 5126 1179 5203 γὰρ
1200 5127 1262 5181 τὸ
1305 5126 1488 5198 ἔργον,
1521 5127 1616 5182 καὶ
1641 5127 1871 5196 τυφλώ-

279 5235 423 5282 σεως
451 5221 484 5290 ἡ
517 5219 746 5285 διάνοια,
788 5219 1072 5287 φάσκουσα
1098 5220 1190 5273 τὸν
1232 5220 1403 5273 αὐτὸν
1455 5221 1678 5292 Πατέρα
1717 5219 1868 5284 ὅντα,

279 5312 378 5366 καὶ
409 5310 498 5366 τὸν
552 5311 720 5366 αὐτὸν
765 5312 914 5375 Υίὸν,
949 5313 1042 5366 καὶ
1064 5312 1155 5366 τὸν
1189 5312 1351 5366 αὑτὸν
1389 5312 1698 5366 πεπονθότα
1718 5328 1733 5343 θ
1789 5311 1867 5377 ὡς

277 5405 380 5456 καὶ
408 5403 517 5457 ἀπὸ
553 5402 716 5475 ὀρθοῦ
763 5403 1026 5474 λογισμοῦ
1069 5403 1420 5475 κριθήσονται
1461 5406 1510 5458 οἱ
1554 5404 1869 5458 τὰτοιαῦτα

282 5493 606 5564 φάσκοντες.
664 5494 790 5557 Πῶς
820 5494 928 5564 γὰρ
957 5493 1043 5565 εἴη
1088 5495 1276 5565 Πατὴρ
1308 5495 1336 5549 6
1388 5493 1553 5559 αὐτὸς
1603 5495 1696 5559 καὶ
1737 5495 1869 5563 Υἱὸς

279 5586 542 5657 ὑπάρχων
566 5603 581 5654 ;
608 5588 668 5640 Ei
698 5586 806 5657 γὰρ
857 5586 985 5651 Υἱὸς
1030 5586 1287 5657 ὑπάρχει,
1328 5586 1548 5652 πάντως
1578 5585 1673 5641 τοῦ
1721 5603 1866 5650 τινος

364 5746 377 5774 ¹
412 5743 621 5797 Baruch
656 5760 739 5808 nt,
770 5742 962 5799 56-38.
1061 5748 1080 5777 '
1108 5743 1213 5799 lsa.
1247 5761 1366 5798 va.
1404 5745 1490 5812 ii,
1524 5744 1610 5798 iii.

2042 4853 2132 4910 ΙΙΙ.
2174 4850 2444 4918 Quocirca
2470 4851 2564 4920 qui
2588 4860 2825 4907 mentem
2857 4850 2911 4906 in
2944 4850 3053 4908 Deo
3078 4853 3306 4908 defixam
3334 4855 3555 4920 habent,

1973 4947 2180 5016 quique
2236 4957 2522 4998 sacrarum
2558 4941 2912 5007 Litterarum,
2966 4959 3028 4998 ac
3071 4944 3317 5014 Spiritus
3379 4949 3556 5002 sancti

1974 5037 2265 5108 splendore
2288 5035 2629 5091 illuminatus
2652 5034 2835 5099 fuerit,
2853 5034 2900 5090 ei
2929 5043 3039 5090 tota
3070 5037 3286 5090 illorum
3310 5037 3558 5093 doctrina

1973 5142 2099 5185 cum
2158 5126 2337 5183 facilis
2382 5126 2447 5180 ad
2502 5126 2884 5193 refellendum,
2944 5134 3059 5181 tum
3117 5128 3356 5182 amentia
3406 5132 3557 5186 omni

1976 5219 2137 5288 plena
2174 5215 2446 5271 videatur.
2485 5214 2582 5270 Est
2634 5216 2778 5271 enim
2832 5215 3067 5286 insignis
3120 5210 3407 5286 cujusdam
3456 5221 3560 5275 huc

1976 5306 2224 5369 audaciae
2254 5304 2489 5369 facinus,
2533 5320 2598 5360 ac
2656 5320 2987 5376 magnopere
3045 5315 3375 5363 excaecatam
3406 5325 3561 5363 men-

1977 5409 2083 5455 tem
2124 5400 2273 5453 illam
2337 5406 2551 5469 oportet
2616 5414 2738 5454 esse
2773 5439 2789 5466 ,
2853 5407 2907 5456 et
2963 5416 3085 5470 qua:
3137 5401 3389 5457 eumdem
3456 5399 3560 5457 Pa-

1978 5499 2112 5553 trem
2187 5503 2309 5544 esse
2362 5478 2507 5544 dicat
2575 5487 2828 5544 eumdem
2907 5487 3108 5543 Filium
3174 5498 3341 5561 atque
3405 5507 3562 5547 eum-

1976 5582 2100 5638 dem
2134 5581 2374 5653 denique
2419 5597 2543 5639 esse
2610 5596 2856 5653 passum.
2917 5579 3049 5648 Qua:
3104 5581 3201 5653 qui
3271 5582 3558 5654 garriunt,

1719 5745 1738 5776 ³
1761 5742 1919 5798 Rom.
1955 5758 2030 5809 Ix,
2061 5743 2113 5799 5.
