3958 6484
218 478 350 534 1001

884 484 1249 542 ADVERSUS
1290 486 1630 542 HERrLSES
1668 482 1793 542 LIB.

1937 490 2100 548 T051.
2146 490 2184 544 ι.
2212 522 2280 530 --
2320 486 2594 544 “diluis.
2638 484 2793 541 LVII.

3329 486 3471 545 1002

215 607 337 673 φαὶ,
363 604 419 654 αἱ
442 602 656 673 Γραφαὶ
679 606 732 657 αξ
759 602 934 675 πάντη
969 607 1066 677 μὲν
1113 609 1332 680 Πατέρα
1370 609 1590 679 Πατέρα
1626 610 1790 678 γινώ-

1902 616 1968 677 vi,
2004 630 2180 684 neque
2210 613 2462 685 prudenti
2508 613 2953 677 ratiocinatione,
3002 627 3065 666 ac
3124 626 3192 667 ne
3243 612 3469 667 minima

217 711 466 759 εκουσαι,
518 696 611 749 καὶ
656 696 787 751 Υἱὸν
836 695 980 764 Υίὸν,
1031 701 1123 753 καὶ.
1168 700 1320 768 ἆγιον
1368 700 1596 772 Πνεῦμα
1639 702 1793 770 ἅγιον

217 786 363 841 Πνεῦ
371 804 465 859 μα.

305 1059 468 1115 Ἀλλά
506 1058 560 1113 τί
611 1059 863 1128 φάσκεις,
898 1053 944 1114 ὦ
969 1053 1163 1126 οῦτοςς
1198 1061 1290 1132 Μὴ
1330 1059 1616 1113 πολυθεῖαν
1655 1061 1795 1131 ήγή-

220 1168 405 1206 σοιντο
446 1151 496 1205 οἱ
525 1149 587 1204 τὸ
630 1150 793 1215 σέϐας
835 1150 1101 1221 ἀληθινῶς
1138 1154 1204 1224 τῇ
1245 1151 1432 1223 Τριάδι
1464 1151 1795 1223 προσφέρον-

217 1261 343 1309 τες,
378 1241 571 1305 οἵτινές
608 1244 745 1294 εἰσιν
784 1242 891 1295 υἱοὶ
918 1243 1016 1311 τῆς
1048 1242 1334 1311 ἀληθείας,
1375 1242 1591 1313 καὶτῆς
1630 1242 1797 1312 μόνης

217 1333 516 1403 καθολικῆς
561 1326 922 1403 Ἐκκλησίας;
948 1333 1054 1385 Καὶ
1079 1334 1175 1404 οὐχ
1212 1332 1404 1396 οὕτως.
1449 1332 1544 1397 Τίς
1583 1335 1690 1406 γὰρ
1733 1334 1795 1387 οὐ

217 1425 404 1497 χαίρει
435 1425 450 1456 ⁸
480 1425 573 1478 ἕνα
606 1423 737 1478 Θεὸν
775 1421 912 1477 εἶναι
938 1424 1038 1494 τῆς
1067 1424 1321 1496 ἀληθείας
1349 1425 1565 1495 Πατέρα
1606 1436 1798 1478 παντο-

215 1517 468 1588 κράτορα
494 1556 508 1579 ,
566 1514 626 1580 ἐξ
676 1511 845 1586 οὗπερ
892 1519 920 1569 ὁ
969 1517 1259 1586 μονογενὴς
1305 1515 1431 1580 rte;
1480 1518 1537 1568 έν
1570 1515 1797 1587 ἀληθεία

214 1609 355 1672 Θεὸς
380 1608 551 1675 Λόγος
570 1646 586 1668 ,
637 1606 998 1669 ὲνυπόστατος
1035 1606 1208 1674 Λόγος
1235 1606 1629 1676 γεγεννημένος
1660 1606 1796 1677 ἀλη-

214 1701 365 1765 θινὸς
399 1700 459 1765 ἐξ
492 1698 655 1753 αὑτοῦ
684 1700 935 1769 ἀνάρχως
968 1700 1063 1752 καὶ
1102 1699 1383 1770 ἀχρόνωςζ
1417 1698 1508 1750 Διὸ
1542 1698 1637 1751 ἕνα
1664 1698 1796 1751 Θεὸν

213 1793 478 1863 ἀσφαλῶς
508 1791 764 1862 κηρύττει
798 1792 831 1862 ἡ
876 1789 1205 1859 Ἐκκλησία,
1260 1790 1480 1860 Πατέρα
1512 1790 1604 1842 καὶ
1646 1790 1792 1843 Υίόν.

214 1888 374 1939 Διότι
402 1883 515 1952 ἐγὼ
544 1884 613 1937 ἐν
642 1881 720 1948 τῷ
747 1882 948 1949 Πατρὶ,
990 1881 1088 1934 καὶ
1121 1884 1153 1934 d
1172 1880 1374 1949 Πατὴρ
1401 1881 1470 1934 ἐν
1505 1880 1657 1949 ἐμοί,
1681 1881 1793 1934 καὶ·

1895 702 2115 773 quidem
2166 704 2328 773 hujus
2369 702 2769 772 signiﬁcatione
2818 702 3076 774 praedita;
3127 715 3471 771 consequens

1893 801 1978 849 est
1999 802 2056 846 ut
2081 808 2271 849 omnes
2299 791 2600 864 Scriptura:
2620 792 3000 863 repudientur,
3026 804 3149 863 qua:
3180 792 3387 863 ubique
3413 802 3470 848 et

1895 882 2111 937 Patrem
2143 898 2264 938 esse
2288 882 2526 948 Patrem,
2562 891 2614 939 et
2650 881 2845 936 Filium
2879 882 3098 947 Filium,
3127 892 3183 937 et
3206 881 3471 953 Spiritum

1897 980 2148 1026 sanctum
2182 971 2445 1042 Spiritum
2477 979 2726 1026 sanctum
2761 980 3086 1042 agnoscunt.

1967 1062 2048 1116 Tu
2073 1078 2223 1128 vero,
2257 1064 2327 1116 mi
2359 1063 2542 1127 homo,
2576 1063 2705 1133 quid
2736 1065 2955 1118 tandem
2989 1060 3191 1118 adcr?!
3222 1063 3303 1117 An
3336 1063 3471 1119 illud

1898 1156 2125 1217 vereris,
2153 1170 2220 1208 ne
2253 1155 2477 1208 deorum
2514 1154 2590 1207 illi
2622 1156 3022 1210 multitudinem
3057 1155 3339 1218 invebant,
3375 1156 3471 1227 qui

1898 1255 2265 1301 sacrosanctae
2325 1242 2511 1299 Triadi
2572 1258 2760 1301 verum
2821 1247 3205 1318 sincerumque
3262 1249 3469 1303 cultum

1884 1337 2192 1399 adhibent,
2256 1338 2461 1407 quique
2537 1337 2782 1393 veritatis
2849 1345 2904 1393 et
2970 1339 3134 1393 unius
3187 1339 3472 1395 catholica:

1898 1429 2158 1485 Ecclesiae
2200 1438 2327 1484 sunt
2363 1428 2501 1483 ﬁlii?
2554 1427 2914 1483 Vehementer
2941 1444 3115 1486 erras.
3163 1430 3295 1497 Qnis
3324 1433 3468 1487 enim

1898 1539 2008 1576 non
2058 1531 2497 1577 asserat‘unum
2551 1520 2722 1575 Deum
2778 1536 2901 1576 esse
2954 1524 3200 1579 veritatis
3255 1520 3471 1578 Patrem

1898 1614 2355 1682 omnipotentem,
2398 1628 2426 1664 ιι
2462 1625 2572 1681 quo
2618 1612 2929 1681 unigenitns
2975 1611 3145 1669 Filius
3188 1627 3314 1668 vere
3344 1628 3474 1683 pro-

1899 1718 2121 1774 gressus
2171 1710 2288 1764 est,
2345 1699 2488 1755 Deus
2521 1699 2787 1764 Verbum,
2828 1701 3062 1755 Verbum
3088 1745 3102 1766 ,
3135 1702 3356 1773 inquam
3378 1740 3392 1765 ,
3418 1703 3473 1757 in

1899 1794 2120 1865 propria
2179 1806 2412 1861 persona
2473 1790 2820 1856 consistens,
2885 1798 2940 1845 et
2990 1805 3020 1843 a
3070 1789 3233 1845 Patre
3285 1805 3473 1847 revera

1899 1886 2018 1940 sine
2051 1885 2166 1938 ullo
2201 1883 2360 1937 initio
2393 1894 2457 1935 ac
2492 1894 2735 1950 tempore
2767 1881 3041 1951 genitum?
3080 1880 3255 1935 Unum
3288 1881 3475 1952 itaque

213 1976 410 2029 υὶδύο
555 1975 774 2044 ἐσμενν
813 1948 1058 2029 τουτέστι
1094 1973 1191 2042 μία
1226 1948 1448 2043 θεότης,
1489 1948 1580 2027 καὶ
1617 1972 1675 2027 ἓν
1707 1973 1797 2026 θέ-

1903 1976 2068 2030 Deum
2096 1982 2256 2028 caute
2278 1987 2342 2027 ac
2373 1948 2667 2043 prudenter
2686 1948 2928 2028 Ecclesia
2951 1973 3231 2042 praedicat,
3254 1948 3472 2028 Patrem

210 2069 368 2139 λημα
394 2111 406 2130 ,
440 2066 533 2121 καὶ
575 2066 674 2136 μία
704 2065 982 2136 κυριότης.
1032 2064 1123 2129 Ἐξ
1163 2064 1328 2117 αὑτοῦ
1367 2064 1423 2117 δὲ
1460 2064 1551 2118 τοῦ
1584 2066 1796 2137 Πατρὸς

214 2160 312 2215 καὶ
364 2159 425 2212 τὸ
471 2158 694 2229 Πνεῦμα
726 2156 1121 2229 ἐκπορεύεται,
1155 2156 1516 2210 ὲνυπόστατον
1553 2157 1613 2211 ὂν
1638 2195 1653 2221 ,
1700 2157 1796 2209 καὶ

212 2256 276 2307 ὲν
315 2252 542 2325 ἀληθείᾳ
570 2250 771 2304 τέλειον
804 2248 1027 2319 Πνεῦμα
1052 2250 1114 2302 τὸ
1138 2250 1237 2318 τῆς
1263 2248 1518 2318 ἀληθείας
1541 2287 1556 2310 ,
1588 2249 1649 2301 τὸ
1680 2265 1794 2317 φω-

210 2343 366 2409 τίζον
395 2342 462 2395 τὶι
494 2341 669 2394 πάντα
687 2382 701 2403 ,
730 2339 790 2392 τὸ
813 2341 876 2391 ὲκ
907 2338 1001 2391 τοῦ
1029 2337 1160 2390 Υἱοῦ
1189 2335 1464 2406 λαμΰάνον
1490 2375 1505 2401 ,
1530 2335 1590 2388 τὸ
1622 2333 1795 2387 Πνεῦ-

216 2451 297 2505 μα
328 2432 428 2504 τῆς
461 2430 714 2502 ἀληθείας
738 2471 752 2493 ,
782 2431 842 2483 τὸ
873 2430 1099 2497 Πνεῦμα
1130 2427 1224 2481 τοῦ
1260 2427 1472 2498 Πατρὸς
1492 2467 1529 2493 ,.
1543 2426 1602 2478 τὸ
1624 2425 1795 2479 Πνεῦ-

217 2542 299 2597 μα
350 2524 442 2578 τοῦ
478 2521 733 2595 Χριστοῦ.
764 2521 854 2575 Διὸ
899 2521 1025 2591 μίαν
1064 2519 1291 2589 θεότητα
1322 2514 1461 2570 οἶδεν
1491 2520 1525 2588 ἠ
1566 2517 1794 2587 Ἐκκλη-

215 2616 310 2670 σία
332 2631 348 2645 ·
390 2609 470 2677 εἷς
490 2613 621 2676 Θεὸς
642 2614 672 2664 ὁ
701 2612 798 2681 τῆς
830 2608 1085 2681 ἀληθείας
1118 2608 1304 2681 Πατὴρ
1324 2648 1338 2672 ,
1373 2608 1563 2678 Πατὴρ
1589 2607 1794 2669 τέλειος

211 2707 580 2769 ὲνυπόστατος
601 2745 617 2769 ,
666 2704 790 2767 Υἱὸς
828 2702 1033 2764 τέλειος
1076 2701 1437 2762 ὲνυπόστατος
1459 2740 1473 2763 ,
1509 2698 1605 2753 καὶ
1642 2699 1794 2767 ἅγιον

212 2799 446 2870 Πνεῦμα
486 2797 689 2851 τέλειον
738 2794 1130 2858 ὲνυπόστατον,
1172 2793 1271 2864 μία
1312 2790 1532 2861 θεότης,
1568 2791 1667 2860 μία
1710 2789 1796 2844 δε-

213 2890 476 2954 σποτεία,
511 2887 610 2958 μία
657 2886 935 2959 κυριότης.
974 2884 1063 2938 Διὸ
1102 2883 1277 2954 πάντη
1320 2880 1507 2950 σαφῶς
1554 2880 1795 2952 κεκηρύ-

212 2999 380 3054 χασιν
411 2983 469 3034 αί
525 2979 666 3033 θεῖαι
705 2978 920 3048 Γραφα“ι
970 2976 1066 3029 ἕνα
1114 2974 1278 3040 Θεὸν,
1312 2973 1557 3027 τουτέστι
1590 2972 1798 3044 Τριάδα

210 3073 501 3145 ὀμοούσιον
526 3112 541 3135 ,
595 3071 681 3124 ἀεὶ
731 3065 898 3123 οὖσαν
944 3060 1042 3137 τῆς
1087 3065 1258 3136 αὐτῆς
1295 3064 1620 3134 ταυτότητπ
1644 3103 1658 3128 ,
1699 3063 1797 3132 τῆς

212 3156 389 3238 αύτῆς
411 3164 751 3237 κυριότητος.
774 3162 887 3215 Καὶ
911 3160 1156 3213 διέπεσεν
1181 3161 1247 3212 ὲκ
1275 3155 1614 3226 πανταχόθεν
1644 3158 1672 3210 ὀ
1698 3157 1796 3225 τῆς

211 3258 473 3329 ἀνοησίας
503 3273 595 3309 σου
625 3255 781 3323 λόγος
801 3293 816 3317 ,
850 3247 896 3307 ὦ
941 3252 1156 3324 ἀνόητε.
1197 3250 1390 3304 Τοίνυν
1409 3247 1615 3303 τούτων
1648 3251 1797 3319 είρη-

1898 2066 2152 2121 videlicet
2185 2072 2239 2120 et
2261 2063 2481 2119 Filium.
2517 2063 2781 2130 Quoniam
2807 2105 2821 2128 ,
2854 2064 3048 2134 inquit
3081 2080 3173 2135 ego
3205 2065 3260 2119 in
3287 2063 3471 2128 Patre,

1895 2168 1943 2211 et
1977 2157 2139 2212 Pater
2176 2159 2229 2211 in
2258 2174 2338 2211 me
2368 2166 2447 2210 est
2481 2160 2523 2210 ¹.
2563 2155 2625 2210 Ει
2654 2176 2667 2211 :
2695 2155 2863 2210 Ambo
2884 2172 3043 2210 unum
3083 2173 3263 2213 sumus
3297 2157 3339 2223 ',
3373 2157 3474 2210 hoc

1895 2259 2013 2315 est,
2049 2265 2152 2303 una
2188 2248 2484 2312 divinitas,
2520 2257 2573 2303 et
2606 2248 2858 2302 voluntas
2901 2262 3031 2313 una,
3072 2258 3125 2302 et
3159 2263 3267 2301 una
3294 2247 3473 2303 domi-

1896 2342 2067 2395 natio.
2100 2340 2368 2395 Caaterum
2398 2355 2460 2394 ex
2492 2337 2654 2394 Patre
2680 2338 2918 2408 Spiritus
2940 2355 3159 2410 quoque
3190 2340 3433 2411 procedit
3455 2379 3470 2401 ,

1896 2443 2089 2501 suapte
2138 2441 2403 2486 constans
2463 2432 2781 2502 hypostasi,
2836 2446 2902 2486 ac
2957 2434 3138 2502 reipsa
3200 2430 3475 2501 perfectus

1895 2525 2142 2580 veritatis
2179 2523 2441 2594 Spiritus,
2465 2525 2557 2594 qui
2591 2524 2862 2578 illuminat
2902 2526 3121 2591 omnia;
3149 2525 3244 2594 qui
3275 2539 3305 2577 a
3336 2522 3474 2578 Filio

1896 2616 2130 2686 accipit;
2168 2617 2411 2671 veritatis
2431 2656 2446 2680 ,
2495 2617 2717 2687 inquam
2741 2657 2755 2680 ,
2793 2616 3033 2687 Spiritus
3055 2656 3068 2680 ,
3113 2616 3351 2686 Spiritus
3378 2614 3476 2669 Pa—

1896 2704 2033 2768 tris,
2081 2703 2318 2773 Spiritus
2357 2705 2586 2759 Christi.
2625 2704 2810 2776 ltaque
2849 2721 3015 2760 unam
3063 2705 3305 2762 Ecclesia
3336 2706 3475 2760 divi-

1896 2791 2123 2845 nitatem
2148 2793 2429 2861 agnoscit;
2457 2805 2652 2863 eSIque
2680 2793 2823 2851 Deus
2845 2811 2987 2851 unus
3017 2798 3264 2853 veritatis
3292 2794 3474 2863 Pater,

1895 2882 2172 2951 perfectus
2201 2883 2381 2948 Pater,
2420 2885 2700 2954 hypostasi
2736 2901 2835 2940 sua
2867 2889 3164 2956 praeditus;
3198 2889 3477 2960 perfectus

1896 2972 2105 3037 Filius,
2143 2988 2299 3028 suam
2334 2990 2588 3044 peraeque
2625 2976 2834 3033 habens
2871 2979 3251 3049 hypostasim;
3303 2982 3478 3052 perfe-

1895 3074 2018 3121 ctus
2049 3066 2287 3135 denique
2323 3067 2562 3136 Spiritus
2588 3076 2844 3133 sanctus,
2878 3080 2931 3126 et
2979 3088 3133 3127 suam
3165 3075 3270 3128 sibi
3304 3074 3476 3148 hypoo

1897 3157 2086 3212 stasim
2137 3157 2423 3213 vindicans
2457 3176 2470 3211 :
2503 3175 2609 3212 una
2646 3159 2936 3225 divinitas,
2976 3177 3193 3232 unaque
3228 3163 3475 3220 domina-

1898 3247 1995 3300 tio.
2040 3246 2250 3313 Quibus
2297 3247 2364 3303 de
2410 3250 2597 3306 causis
2646 3249 2816 3306 Deum
2851 3268 3018 3307 unum
3059 3269 3231 3310 sacrae
3274 3257 3478 3329 ubique

215 3310 429 3422 μένιῦν,
454 3310 560 3402 ’καὶ
608 3310 900 3408 ἀντιθέτως
953 3310 1088 3414 πρὸς
1118 3342 1215 3407 τὰς
1258 3340 1354 3395 τοῦ
1394 3310 1793 3413 προειρημένοῦ

1902 3341 2119 3396 Litterae
2181 3343 2567 3412 pronuntiant,
2627 3345 2886 3410 nimirum
2945 3310 3477 3405 consubstantialem

210 3441 431 3512 Νοητοῦ
473 3440 657 3509 φωνὰς
706 3440 928 3493 σκοπεῖν
967 3436 1025 3502 ἐξ
1059 3434 1313 3507 ὑπαρχῆς
1336 3476 1350 3499 ,
1379 3435 1474 3487 καὶ
1512 3433 1683 3496 οὕτως
1728 3432 1795 3485 τὰ

1902 3432 2192 3498 Triadesn,
2223 3449 2287 3489 ac
2325 3450 2542 3506 semper
2563 3437 2951 3502 exsistentem,
2986 3441 3072 3493 cui
3108 3441 3296 3496 eadem
3333 3442 3479 3497 idenv

210 3535 359 3591 αύτά
387 3531 658 3602 κεφάλαια
687 3530 1034 3601 ἀνατρέπειν.

1902 3527 2057 3591 titas,
2080 3527 2331 3597 idemque
2355 3526 2670 3584 dominatus
2697 3529 3036 3584 attribuitur.
3072 3531 3240 3604 484
3265 3530 3343 3587 Ex
3368 3547 3479 3601 quo

207 3637 310 3684 tua
351 3625 466 3689 illa,
500 3621 857 3678 stolidissime
892 3619 1234 3682 mortalium,
1280 3618 1463 3687 inepta
1502 3616 1643 3670 ratio
1697 3618 1959 3673 concidit.
1994 3618 2091 3673 liis
2125 3619 2555 3692 animadversis,
2594 3620 2859 3677 adversus
2925 3623 3045 3679 illas
3103 3624 3256 3680 Nocti
3318 3640 3479 3679 voces

213 3718 605 3791 opponendum
659 3716 821 3771 modo
871 3713 1109 3785 aliquid,
1164 3720 1218 3766 et
1264 3714 1334 3765 ab
1370 3714 1490 3782 ipso
1519 3711 1788 3783 principio
1816 3715 2168 3785 repetendum
2202 3724 2321 3782 est,
2356 3726 2519 3788 atque
2551 3732 2618 3773 eo
2684 3718 2847 3775 modo
2907 3718 3332 3791 singula-capita
3389 3734 3481 3775 re-

110 3892 121 3899 .
214 3810 474 3868 fellenda.

293 3903 369 3956 E’.
402 3899 623 3972 Πρῶτον
673 3896 772 3969 μὲν
820 3890 914 3949 οὖν
946 3894 1132 3966 ἐπειδὴ
1183 3892 1473 3964 παρήγαγε
1526 3892 1588 3946 τὸ
1630 3892 1799 3962 κεφά.

212 3997 400 4059 λαιον,
444 3994 525 4046 ὃτι
559 3987 664 4057 Εἷς
690 3989 865 4055 Θεὸς,
905 3987 975 4053 ἐξ
1009 3982 1081 4043 οὗ
1120 3986 1193 4040 τὰ
1233 3984 1462 4049 πάντα,
1494 3984 1594 4039 καὶ
1628 3983 1800 4054 ἡμεῖς

213 4091 308 4155 εις
350 4085 568 4149 αὑτὸν,
600 4083 697 4137 καὶ
732 4078 820 4149 sic
863 4083 1074 4148 Κύριος
1113 4078 1353 4147 Ἰησοῦς
1387 4080 1669 4147 Χριστὸς,
1701 4076 1802 4130 καὶ

212 4179 394 4251 ἡμεῖς
428 4177 502 4232 δι’
533 4176 718 4231 αὐτοῦ
744 4216 758 4240 ,
791 4174 866 4228 δι’
897 4173 969 4227 ὃν
1000 4174 1073 4227 τὰ
1104 4172 1332 4237 πάντα,
1373 4172 1473 4225 καὶ
1519 4170 1691 4240 ἡμεῖς
1727 4168 1799 4222 δι’

212 4269 438 4326 αὑτοῦ·
483 4269 581 4338 οὐχ
611 4269 774 4339 ὁρᾷς,
814 4269 895 4321 ὅτι
935 4262 1022 4330 εἷς
1061 4264 1206 4331 Θεὸς
1228 4306 1244 4330 ,
1281 4263 1351 4329 ἐξ
1385 4259 1456 4318 οὗ
1483 4262 1558 4316 τὰ
1583 4260 1798 4325 πάντα,

215 4361 323 4418 καὶ
360 4359 532 4430 ἡμεῖς
572 4362 658 4425 εἰς
704 4358 924 4420 αὑτὸν,
961 4356 1075 4419 πῶς
1113 4355 1209 4422 τὴν
1236 4356 1366 4427 μίαν
1395 4354 1570 4426 ἀρχὴν
1602 4352 1802 4423 σημαί-

214 4470 345 4519 νει;
377 4453 464 4507 ἴνα
499 4452 574 4523 μὴ
611 4454 690 4514 είς
738 4450 936 4513 πολλὰς
967 4449 1141 4521 ἀρχὰς
1183 4448 1358 4521 τρέψῃ
1395 4446 1494 4518 τὴν
1541 4447 1798 4507 διάνοιαν,

215 4547 321 4604 καὶ
348 4547 427 4608 είς
457 4543 744 4598 πολυθεῒαν
771 4545 953 4616 ἀγάγῃ
994 4541 1157 4594 πάλιν
1188 4542 1287 4595 τὸν
1313 4538 1653 4610 πλανηθέντα
1678 4536 1802 4590 νοῦν

1972 3890 2037 3946 ν.
2087 3891 2242 3959 Quod
2278 3893 2446 3964 igitur
2472 3894 2525 3949 in
2559 3895 2752 3965 primis
2783 3896 2914 3953 illud
2950 3897 3139 3968 objicit
3171 3918 3185 3954 :
3226 3897 3371 3954 Unus
3402 3912 3481 3961 eu

1902 3982 2040 4038 Deus
2068 3999 2134 4038 ea:
2157 4000 2258 4053 quo
2298 3986 2509 4048 omnia,
2538 3997 2587 4041 et
2632 4003 2729 4042 non
2768 3988 2823 4042 in
2867 3990 3038 4057 ipsum
3073 4007 3091 4042 .'
3121 4000 3170 4044 et
3204 4007 3339 4046 unus
3372 3990 3484 4046 Do-

1903 4075 2075 4128 minus
2123 4072 2281 4129 Jesus
2342 4075 2619 4141 Christus,
2670 4087 2720 4130 et
2747 4094 2843 4133 nos
2878 4094 2972 4147 per
3018 4081 3231 4149 ipsum,
3272 4092 3482 4153 propter

1900 4180 2049 4233 quem
2074 4164 2273 4228 omnia,
2303 4173 2352 4219 et
2381 4182 2474 4219 nos
2498 4180 2590 4234 per
2615 4167 2786 4235 ipsum
2807 4167 2829 4199 δ
2854 4184 2869 4232 ;
2897 4182 3079 4225 nonne
3111 4170 3180 4226 iis
3203 4170 3340 4241 ipsis
3358 4186 3480 4227 ver-

1900 4255 1985 4310 bis
2024 4260 2183 4324 (unus
2208 4255 2346 4311 Deus
2394 4271 2461 4310 ea:
2509 4272 2612 4326 quo
2656 4259 2868 4323 omnia,
2925 4268 2975 4312 et
3028 4276 3123 4315 nos
3182 4261 3239 4313 in
3283 4261 3481 4330 ipsum)

1899 4363 2069 4401 unum
2126 4347 2425 4416 signiﬁcari
2474 4350 2805 4420 principium
2860 4351 3060 4408 vides?
3105 4352 3183 4409 No
3235 4354 3481 4409 animum

1900 4444 2149 4492 nostrum
2183 4439 2251 4493 ad
2287 4439 2445 4509 plura
2485 4441 2777 4508 cogitanda
2810 4442 3079 4513 principia
3114 4451 3480 4507 converteret,

1899 4545 1964 4582 ac
1988 4530 2301 4584 mortalium
2325 4531 2541 4602 ingenia
2571 4534 2872 4589 vanissima
2912 4534 3003 4588 illa
3043 4534 3272 4591 deorum
3303 4535 3484 4590 multi-

213 4638 334 4693 τῶν
385 4606 691 4709 ἀνθρώπων
730 4606 830 4688 ἐπὶ.⁷
984 4633 1288 4704 κενοφωνίᾳ
1338 4632 1438 4702 τῆς
1477 4606 1794 4693 -πολυθεῖας

1904 4621 2092 4676 tudine
2134 4606 2396 4692 decepta,
2455 4638 2650 4679 rursus
2699 4623 2767 4678 ad
2823 4623 3070 4680 eamdem
3129 4629 3482 4682 asserendam

229 4727 402 4800 Ὁρᾷς
433 4724 543 4798 γὰρ
576 4724 693 4788 πῶς
727 4725 809 4777 ἑνὶ
844 4724 1066 4794 ὀνόματι
1106 4723 1400 4794 κέχρηται,
1428 4722 1519 4775 καὶ
1553 4723 1654 4792 μιᾷ
1685 4722 1798 4774 ὀνο-

220 4818 403 4890 μασίᾳ
425 4858 437 4880 ,
475 4818 576 4871 οὐκ
600 4815 934 4887 ἀρνούμενος
960 4815 1052 4868 τὸν
1083 4816 1342 4887 μονογενῆ
1369 4815 1519 4869 Θεόν.
1548 4810 1671 4869 Οἵδε
1695 4814 1805 4886 γὰρ

216 4912 391 4968 αὑτὸν
431 4909 634 4981 Κύριον
656 4950 669 4973 ,
717 4908 811 4961 καὶ
837 4903 978 4962 οἶδεν
1005 4908 1166 4961 αὑτὸν
1209 4907 1361 4962 Θεόν.
1398 4907 1488 4960 Διὸ
1516 4905 1807 4975 ἀσφαλιζό-

220 5018 389 5076 μενος
417 5000 565 5068 λέγει
594 5016 611 5031 ’
645 5001 755 5055 Καὶ
782 4994 869 5064 εἷς
904 4998 1122 5066 Κύριος
1152 4996 1382 5063 Ἰησοῦς
1411 4995 1697 5064 Χριστὸς,
1733 4994 1806 5046 δι’

214 5090 299 5150 οὗ
338 5090 412 5145 τὰ
446 5090 662 5145 πάντα.
709 5090 821 5143 Καὶ
873 5090 967 5140 ἐπὶ
1006 5087 1103 5157 μὲν
1148 5084 1243 5138 τοῦ
1268 5087 1485 5153 Κύριος
1515 5085 1675 5139 τοῦτο
1718 5084 1808 5138 λέ-

214 5203 338 5253 γων
371 5185 432 5238 ού
476 5183 569 5236 τὸν
617 5181 780 5235 αὐτὸν
813 5180 1052 5249 ὲσήμανε
1084 5176 1305 5248 Πατέρα
1352 5172 1491 5230 εἶναι
1517 5219 1532 5244 ,
1584 5178 1678 5230 καὶ
1714 5177 1805 5229 τὸν

215 5276 390 5330 αὑτὸν
428 5273 558 5328 Υἱόν
585 5289 598 5304 ·
653 5270 792 5326 ἀλλά
828 5268 994 5337 εδειξε
1054 5270 1146 5324 τὸν
1199 5268 1296 5340 μὲν
1325 5266 1545 5338 Πατέρα
1583 5269 1805 5339 Πατέρα

216 5366 356 5417 ὅντα
375 5403 391 5426 ,
423 5362 514 5417 τὸν
544 5361 603 5415 δὲ
636 5362 766 5415 Υίδν
816 5360 947 5421 Υίὸν
978 5358 1212 5431 ἀληθῶς.
1257 5355 1475 5428 Ἐπειδὴ
1504 5355 1564 5409 τὸ
1609 5358 1804 5420 εἰπεῖν,
1848 5392 1855 5397 -

220 5451 311 5517 εἷς
354 5455 486 5518 Θεὸς
517 5453 610 5508 ἐπὶ
644 5451 724 5522 τῷ
751 5452 929 5523 Πατρὶ
949 5491 965 5518 ,
993 5452 1094 5521 οὐχ
1127 5449 1204 5512 ὡς
1232 5449 1562 5519 ἀρνούμενος
1601 5448 1693 5501 ἐπὶ
1727 5447 1807 5517 τῷ

222 5544 347 5615 Υίῷ
384 5544 444 5619 τὸ
474 5539 615 5597 εῖναι
663 5541 813 5604 Θεός.
849 5542 912 5594 Et
943 5539 1052 5611 γὰρ
1088 5539 1163 5609 μὴ
1203 5536 1365 5601 Θεὸς,
1396 5534 1519 5589 οὔτε
1563 5536 1763 5607 Κύριος
1790 5552 1803 5566 ⁵

221 5634 419 5708 ἐπειδὴ
461 5634 519 5689 δὲ
549 5634 753 5705 Κύριος
777 5677 792 5697 ,
823 5631 915 5686 καὶ
940 5630 1093 5695 Θεός.
1134 5626 1271 5682 Ἀλλ’
1321 5627 1400 5690 είς
1432 5627 1561 5697 μίαν
1606 5627 1805 5697 ὀνομα-

223 5727 354 5783 σίαν
381 5727 605 5796 ἀνάγειν
628 5722 1064 5794 ἀναγκαζόμενος
1102 5719 1207 5775 ὑπὸ
1234 5718 1329 5773 τοῦ
1362 5719 1518 5787 ἁγίου
1550 5720 1803 5790 Πνεῦμα-

304 5882 327 5918 ί
355 5881 481 5938 Cor.
513 5885 613 5936 οὐκ
644 5882 777 5951 ἐρεῖ.
855 5884 875 5911 δ
898 5862 1056 5935 Joan.
1086 5899 1199 5947 ιμ’,
1232 5883 1319 5938 t0.
1398 5880 1418 5911 ³
1448 5878 1605 5935 Joan.
1644 5894 1701 5943 ι,
1731 5863 1820 5933 '50.

556 5976 823 6037 ΡΑτιιοι..
857 5976 974 6036 Gn.
1013 5974 1151 6038 ΧΗ

1907 4713 2122 4783 copiam
2152 4713 2654 4770 adducet-eLVides
2679 4717 2825 4771 enim
2860 4717 3320 4787 quemadmodum
3372 4734 3483 4773 uno

1904 4806 2126 4861 nomine
2159 4806 2229 4859 sit
2261 4821 2416 4869 usus,
2436 4812 2492 4859 et
2524 4807 2888 4877 appellatione
2924 4823 3054 4873 una,
3075 4823 3183 4863 non
3219 4815 3279 4863 ut
3303 4809 3491 4879 unige-

1904 4897 2078 4951 nitum
2143 4896 2309 4952 Deum
2362 4898 2678 4968 abnegaret.
2745 4898 3035 4955 Dominum
3094 4903 3297 4971 quippe
3360 4915 3483 4955 esse

1906 4989 2060 5043 illum
2103 4990 2386 5059 intelligit,
2412 4991 2775 5061 eumdemque
2828 4991 3018 5046 Deum.
3062 4992 3187 5048 Ideo
3217 4993 3481 5063 singulari

1906 5082 2140 5150 quadam
2188 5082 2441 5137 cautione
2490 5082 2625 5138 illud
2676 5068 3004 5151 adjecit,Et
3046 5100 3181 5139 unus
3223 5084 3481 5139 Dominus

1907 5170 2066 5226 Jesus
2099 5169 2344 5233 Christus
2391 5187 2481 5241 per
2529 5187 2682 5241 quem
2731 5173 2933 5227 omnia.
2982 5171 3139 5240 Quod
3188 5188 3312 5230 cum
3361 5171 3480 5229 voci

1908 5264 2025 5329 illi,
2089 5263 2380 5331 Dominus,
2438 5266 2712 5334 praecipue
2760 5263 3001 5331 aliinxit;
3064 5278 3174 5319 non
3228 5263 3481 5320 eumdem

1908 5358 2172 5414 indicavit
2217 5372 2341 5414 esse
2383 5355 2637 5422 Patrem,
2695 5356 3058 5429 eumdemque
3093 5357 3331 5425 Filium;
3385 5358 3483 5414 sed

1907 5465 2032 5504 eum
2064 5449 2157 5519 qui
2189 5448 2354 5504 Pater
2391 5456 2497 5512 est,
2533 5463 2654 5505 esse
2685 5447 2903 5505 Patrem
2935 5488 2951 5515 ,
2992 5450 3087 5521 qui
3114 5449 3321 5512 Filius,
3356 5464 3482 5505 vere

1911 5537 2106 5595 Filium
2155 5554 2279 5596 esse
2327 5539 2648 5596 declaravit.
2680 5538 2815 5594 Nam
2854 5549 2910 5595 et
2938 5554 3064 5596 cum
3094 5540 3163 5596 de
3205 5538 3369 5595 Patre
3400 5542 3482 5595 lo-
3513 5594 3522 5601 ,

1914 5634 2091 5700 (luens
2159 5645 2327 5685 unum
2380 5629 2548 5686 Deum
2590 5645 2716 5686 esse
2753 5630 2925 5698 dixit,
2969 5645 3312 5703 nequaquam
3347 5626 3491 5684 Filio

1913 5720 2254 5775 divinitatem
2287 5720 2543 5776 detraxit.
2576 5719 2713 5778 Nam
2748 5721 2796 5780 si
2832 5720 2978 5780 Deus
3009 5738 3116 5779 non
3152 5729 3269 5790 est,
3309 5733 3489 5790 neque

1898 5873 1961 5930 ³1
1992 5874 2121 5932 Cor.
2159 5891 2278 5944 vttt,
2302 5877 2357 5931 6.

3136 5970 3222 6033 3,,
