3958 6438
183 353 331 410 1009'

853 367 1224 428 ADVERSUS
1270 373 1608 430 llAiRESES
1639 374 1735 430 LII

1851 378 1879 433 Ι.
1922 379 2084 436 ΤΟΜ.
2127 381 2170 436 Ῑ.
2205 414 2276 425 -
2310 383 2588 441 ΗΔΕΒΕΞ.
2629 385 2807 443 LVIII.

3312 390 3447 448 Illo

107 507 118 516 .
175 467 480 574 inscitiam.
531 475 660 530 Ἐπὶ-
689 479 895 546 πάντας
949 485 1051 554 μὲν
1088 482 1181 542 οὖν
1213 488 1288 542 ὢν
1321 489 1474 556 Θεδς’
1517 491 1658 562 ἔχων
1679 491 1735 545 ὦ

1866 493 2059 552 Omnia
2088 500 2216 554 mihi
2247 501 2448 556 tradita
2491 510 2613 556 sunt
2636 519 2669 557 a
2710 503 2868 557 Patre
2909 517 3042 569 mea,
3079 511 3445 574 accurateque

177 560 308 616 ἴδιον
367 565 534 619 αὑτοῦ
596 568 836 643 Πατέρα,
899 576 957 628 ὲν
1013 577 1092 646 τῷ
1138 577 1346 648 λέγειν·
1413 560 1760 650 Ἇπέῥκομειι

174 651 327 720 πρὸς
357 653 470 709 τὸν
518 661 770 730 Πατέρα.
821 664 884 716 Εί
927 665 984 719 δὲ
1031 662 1098 738 ἦν
1148 671 1310 733 αὐτὸς
1366 671 1574 742 Πατὴρ.
1625 673 1759 742 πρὸς

174 747 328 810 πρῖον
359 747 578 820 Πατέρα
603 752 713 825 ἄρα
741 756 930 828 ἀπῄει,
963 755 1008 811 ὧ
1065 761 1295 832 ἀνόητε;
1340 761 1506 816 Πάλιν
1533 765 1643 835 γάρ
1670 764 1758 817 λέ-

171 853 285 911 γει’
321 837 456 894 Ἵνα
487 837 640 897 ὦσιν
669 844 760 912 ἐν,
795 847 872 914 ὡς
909 849 1026 920 ἐγὼ
1060 851 1159 931 καὶ
1188 853 1268 906 σὺ
1307 853 1376 907 ἓν
1405 852 1609 925 ἐσμεν.

239 1133 296 1184 I'.
351 1133 462 1186 Ἀεὶ
496 1133 606 1206 γὰρ
636 1135 668 1207 ἡ
708 1136 897 1208 Γραφὴ
953 1138 1362 1212 ἀσφαλιξομένη
1395 1139 1494 1204 τὰς
1523 1142 1663 1196 κατά
1693 1143 1756 1196 τὸ

162 1220 332 1292 ἄκρον
389 1223 640 1306 πτώσεις⁴
665 1225 775 1280 τῶν
817 1228 1141 1299 ἀνθρώπων,
1177 1234 1241 1284 ἐκ
1286 1234 1620 1304 πανταχόθεν
1662 1235 1752 1288 τὸν

161 1309 290 1364 νοῦν
326 1313 547 1380 συνάγει
579 1315 671 1368 ἐπὶ
708 1315 806 1388 τὴν
847 1317 1020 1388 μέσην
1051 1320 1149 1390 τῆς
1187 1321 1448 1393 ἀληθείας
1473 1324 1609 1379 ὁδόν.
1641 1325 1752 1378 Καὶ

159 1404 301 1475 πρὸς
346 1405 571 1470 τούτους
625 1407 724 1478 μὲν
755 1410 882 1474 τοὺς
930 1413 1250 1482 νομίζοντας
1282 1415 1562 1488 ἀλλότριον
1612 1413 1750 1471 εἶναι

157 1496 252 1548 τὸν
289 1496 421 1551 Υἱδν
463 1499 556 1552 τοῦ
607 1501 840 1571 Πατρὸς,
879 1503 1022 1573 φημὶ
1060 1504 1116 1558 δὲ
1149 1505 1224 1569 ὡς
1263 1508 1477 1578 Ἀρειος
1517 1507 1747 1578 νομίζει,

157 1589 254 1642 καὶ
318 1590 480 1644 ἄλλαι
523 1594 782 1664 αἱρέσεις,
818 1594 998 1664 λέγει·
1050 1596 1191 1666 Ἐγὼ
1220 1599 1318 1652 καὶ
1357 1598 1390 1653 ὁ
1432 1599 1637 1669 Πατὴρ
1680 1600 1752 1656 ἐν

153 1681 378 1750 ἐσμεν·
418 1685 556 1754 πρὸς
605 1684 662 1736 δὲ
711 1687 838 1750 τοὺς
889 1686 1210 1758 νομίζοντας
1259 1688 1422 1742 αὐτὸν
1473 1685 1610 1743 εἶναι
1655 1691 1746 1744 τὸν

156 1771 398 1845 Πατέρα,
435 1775 528 1827 καὶ
555 1773 647 1826 τὸν
688 1775 848 1829 αὑτὸν
877 1773 1016 1830 εἶναι
1057 1777 1206 1842 Υἰὸν,
1239 1777 1328 1831 διὰ
1358 1778 1418 1830 τὸ
1445 1779 1742 1850 εἰρηκέναι,

1863 604 1967 644 nos
2015 591 2223 647 docuit.
2247 593 2343 647 llle
2374 593 2561 664 itaque
2599 609 2766 666 supra
2792 609 2985 650 omnes
3027 593 3170 650 Deus
3209 596 3440 659 exstitit,

1863 693 1988 733 cum
2042 682 2404 740 nihilominus
2453 684 2674 739 Patrem
2711 686 2910 740 habeat
2965 701 3150 740 suum.
3183 685 3340 751 Quod
3375 687 3446 743 iis

1859 772 2044 827 verbis
2092 775 2409 843 expressit:
2455 775 2598 830 Vada
2639 776 2708 829 ad
2753 777 3028 830 Patrem”.
3071 775 3140 829 At
3180 779 3226 830 si
3272 775 3436 829 Pater

1858 873 2004 918 esset
2033 865 2169 934 ipse,
2198 882 2357 936 quem
2397 868 2616 922 tandem
2645 867 2712 921 ad
2747 867 2986 931 Patrem,
3022 883 3054 921 ο
3090 867 3276 930 stulte,
3317 867 3434 921 dis-

1858 955 2106 1009 cederet?
2130 955 2202 1009 lta
2230 958 2430 1028 quippe
2466 973 2662 1012 rursus
2695 959 2934 1027 loquitur
2967 976 2978 1010 :
3012 955 3078 1011 Ut
3107 958 3214 1012 sint
3246 973 3433 1022 unum,

1855 1047 1992 1097 sicut
2022 1062 2115 1116 ego
2136 1054 2184 1100 et
2214 1055 2271 1099 tu
2296 1064 2456 1101 unum
2481 1065 2661 1102 sumus
2685 1049 2726 1102 ³.

1928 1139 1995 1194 Χ.
2053 1141 2264 1196 Etenim
2321 1139 2607 1211 Scriptura
2660 1141 2765 1194 hoc
2817 1142 3160 1210 potissimum
3209 1155 3432 1207 cavens,

1855 1247 1923 1285 ne
1951 1231 2205 1286 homines
2227 1230 2292 1284 ad
2324 1239 2569 1284 extrema
2596 1245 2827 1298 quaeque
2847 1229 3160 1292 deﬂectant,
3192 1229 3431 1284 medium

1855 1323 1910 1375 in
1959 1323 2209 1378 veritatis
2253 1323 2356 1376 ilcr
2399 1322 2602 1391 ubique
2648 1335 2872 1375 sensum
2910 1321 3434 1391 intelligentiamque

1853 1414 2150 1484 compellit.
2187 1413 2552 1479 Quamobrem
2598 1419 2659 1465 ut
2707 1411 2814 1464 illis
2857 1420 3132 1476 occurrat,
3177 1412 3270 1480 qui
3309 1413 3434 1467 alie-

1852 1521 1983 1560 num
2017 1521 2044 1558 a
2088 1503 2249 1560 Patre
2279 1504 2476 1558 Filium
2507 1519 2632 1559 esse
2677 1503 3000 1573 praedicant,
3035 1517 3154 1572 quae
3185 1512 3265 1556 est
3292 1502 3432 1564 Arii,

1849 1598 1904 1645 et
1955 1591 2186 1644 aliarum
2227 1598 2504 1644 sectarum
2539 1590 2746 1660 opinio,
2795 1590 2875 1644 sic
2917 1590 3198 1660 loquitur:
3229 1589 3340 1660 Ego
3383 1602 3433 1645 et

1848 1682 2016 1737 Pater
2051 1699 2215 1736 unum
2247 1682 2491 1736 sumus‘.
2539 1684 2743 1737 Contra
2773 1697 2928 1744 vero,
2963 1691 3023 1735 ut
3049 1698 3150 1737 eos
3195 1683 3431 1742 refellat,

1848 1774 1940 1843 qui
1997 1773 2252 1828 eumdem
2287 1787 2412 1828 esse
2441 1770 2661 1827 Patrem
2701 1781 2755 1828 et
2791 1771 2986 1826 Filium
3019 1780 3295 1838 asserunt,
3333 1789 3428 1843 pro

165 1864 317 1934 Ἐγὼ
346 1865 448 1918 καὶ
476 1869 510 1918 ὀ
545 1865 749 1934 Πατὴρ
776 1867 846 1920 ἓν
883 1869 1090 1938 ἐσμεν,
1123 1868 1274 1938 λέγει
1293 1886 1305 1898 ·
1343 1869 1611 1938 Ποίησον
1639 1872 1735 1924 αὑ-

1851 1881 1913 1920 eo
1945 1865 2086 1936 quod
2127 1865 2304 1918 dixit:
2340 1864 2446 1934 Ego
2481 1872 2532 1918 et
2554 1863 2719 1918 Pater
2765 1881 2928 1917 unum
2962 1880 3167 1928 sumus,
3215 1865 3290 1918 ita
3323 1865 3432 1918 alio

125 1955 319 2022 .τοὺς,
350 1957 452 2009 ἵνα
479 1951 630 2010 ὦσιν
659 1956 750 2022 ἐν,
783 1957 980 2025 καθὼς
1025 1959 1140 2029 ἐγὼ
1176 1959 1274 2013 καὶ
1302 1961 1384 2013 σὺ
1413 1960 1484 2014 ἕν
1518 1961 1736 2030 ἐσμεν--

151 2046 238 2099 ἵνα
267 2047 604 2118 καταισχύνῃ
638 2046 845 2118 Νοητὸν
877 2051 972 2102 καὶ
1015 2051 1112 2120 τὴν
1141 2050 1304 2104 αὑτοῦ
1351 2051 1566 2123 σχολὴν,
1595 2069 1739 2124 παρ-

146 2136 374 2205 αγαγὼν
427 2140 507 2201 εἰς
555 2140 634 2192 τὸ.
671 2141 838 2212 μέσον
899 2142 1000 2214 τὴν
1050 2143 1160 2195 τῶν
1215 2132 1474 2214 μαθητῶν
1523 2145 1738 2200 ἕνωσιν.

147 2227 276 2290 Πῶς
313 2227 424 2298 γὰρ
460 2229 692 2298 ἠδύνατο
723 2231 928 2304 Πέτρος
961 2233 1054 2286 καὶ
1095 2233 1345 2304 Ἰωάννης
1365 2275 1380 2297 ,
1412 2235 1507 2288 καὶ
1531 2237 1579 2288 οί
1608 2234 1741 2289 καθ-

147 2319 278 2387 εξῆς
306 2316 446 2374 εἶναι
479 2321 537 2374 ἓν
581 2323 656 2386 ὡς
691 2323 832 2377 κατά
851 2324 1214 2394 συναλοιφήν;
1259 2325 1420 2380 Ἀλλά
1450 2325 1537 2379 διὰ
1565 2326 1626 2380 τὸ
1657 2322 1739 2380 εἶ’⁹

145 2428 233 2464 ναι
264 2413 324 2465 ὲν
360 2415 460 2484 μιᾷ
489 2414 700 2484 ὲνότητι
732 2415 1004 2486 θεότητος,
1043 2418 1136 2470 καὶ
1167 2419 1223 2471 ἐν
1261 2419 1360 2489 μιᾷ
1391 2417 1606 2491 γνώμῃ,
1643 2419 1740 2472 καὶ

143 2502 395 2574 δυνάμει,
427 2507 508 2569 είς
535 2506 597 2558 τὸ
620 2507 1064 2577 ἀποκρούσασθαι
1094 2511 1272 2562 πᾶσαν
1306 2511 1562 2563 ὑπόνοιαν
1596 2509 1740 2564 κατά

144 2593 376 2666 θάτερον
419 2595 519 2666 τῆς
551 2596 812 2669 ἀληθείας
838 2600 1300 2672 ἐπανισταμένην.
1331 2603 1596 2668 Φίλιππος
1621 2604 1678 2657 δὲ
1710 2606 1739 2658 6

143 2684 300 2752 ἅγιος
333 2687 631 2750 ἀπόστολος
672 2688 873 2758 φάσκει
893 2707 907 2722 ·
943 2691 1150 2756 Δεῖξον
1181 2693 1324 2762 ἡμῖν
1354 2694 1464 2749 τὸν
1504 2696 1738 2765 Πατέρα

138 2793 281 2832 σου.
329 2777 387 2830 '0
407 2778 462 2832 δὲ
491 2774 642 2833 εἶπεν
661 2798 674 2812 ’
700 2783 764 2834 '0
793 2783 1064 2851 ἑωρακὼς
1083 2785 1210 2854 ἐμὲ,
1237 2787 1458 2853 ἑώρακε
1485 2787 1594 2841 τὸν
1619 2792 1738 2841 Πα-

138 2867 302 2936 τέρα.
349 2869 462 2922 Καὶ
493 2870 594 2922 οὐκ
634 2866 785 2924 εἷπεν
811 2885 822 2901 ⁸
843 2871 991 2942 Ἐγώ
1013 2875 1130 2941 εἰμι
1163 2876 1197 2927 ό
1226 2876 1428 2944 Πατήρ
1447 2893 1462 2906 ο
1515 2876 1650 2930 ἀλλά
1674 2875 1735 2929 τδ

137 2959 248 3030 ἐμὲ
298 2964 562 3031 σημαῖνον
597 2963 666 3016 τὰ
703 2965 717 2993 ¹
773 2965 963 3018 ἑαυτὸν
1009 2965 1222 3034 λέγων’
1278 2967 1340 3019 τὸ
1389 2967 1466 3032 δὲ,
1515 2967 1735 3036 ἐιίψακε

135 3054 248 3106 τὸν
280 3052 534 3120 Πατέρα,
567 3055 666 3124 οὐχ
701 3055 891 3108 ἑαυτὸν
938 3056 1130 3125 λέγων.
1168 3057 1330 3110 ’Ἄλλο
1350 3058 1457 3128 γὰρ
1489 3058 1569 3123 τὸ,
1605 3062 1730 3126 τὸν,

135 3145 238 3199 καὶ¹
273 3144 402 3198 ἄλλο
427 3145 508 3207 τὸ.
533 3145 660 3216 ἐμὲ,
707 3149 802 3201 καὶ
836 3149 963 3202 ἄλλο
991 3149 1129 3219 ἐγὼ,
1163 3152 1256 3204 καὶ
1285 3150 1472 3222 ἕτερον
1499 3151 1578 3218 τὸ,
1603 3152 1729 3220 ἐμέ.

1851 1955 1972 2010 loco
2002 1962 2260 2026 precatur
2288 1973 2300 2008 :
2327 1953 2440 2008 Fac
2469 1956 2630 2022 ipsos,
2655 1967 2712 2008 ut
2743 1957 2848 2010 sint
2883 1971 3067 2019 unum,
3101 1957 3238 2010 sicut
3266 1974 3356 2026 ego
3379 1967 3430 2011 et

1851 2057 1907 2102 tu
1945 2064 2107 2100 unum
2131 2063 2336 2101 sumus.
2373 2047 2491 2114 Quo
2521 2047 2692 2102 Noeto
2742 2049 2970 2117 ejusque
3015 2048 3216 2103 scholae
3250 2049 3427 2118 pudo-

1849 2153 1963 2192 rem
2001 2139 2252 2204 inculiat,
2293 2141 2422 2194 dum
2452 2139 2598 2193 illam
2631 2139 3028 2209 discipulorum
3069 2140 3428 2208 conjunctio-

1847 2245 1972 2286 nem
2001 2231 2055 2285 in
2094 2232 2334 2286 medium
2368 2231 2609 2285 adducit.
2638 2229 2754 2296 Qua
2783 2231 2928 2284 enim
2963 2232 3173 2285 ratione
3207 2230 3422 2293 Petrus,

1847 2329 1900 2376 et
1934 2321 2198 2386 Joannes,
2248 2331 2301 2377 et
2347 2321 2528 2376 caeteri
2571 2337 2738 2375 unum
2793 2336 2934 2386 esse,
2972 2323 3120 2376 velut
3169 2321 3222 2374 in
3257 2339 3426 2376 unum

1845 2416 2218 2470 coalescentes
2257 2414 2603 2484 confusique,
2650 2413 2981 2484 potuerunt?
3015 2413 3120 2467 Sed
3159 2428 3223 2468 eo
3263 2413 3428 2466 nimi-

1847 2520 1967 2560 rum
1997 2507 2086 2560 illa
2128 2508 2274 2561 dicta
2308 2515 2457 2572 sunt,
2492 2506 2638 2576 quod
2672 2507 2724 2558 in
2758 2507 2924 2560 unius
2957 2505 3262 2559 divinitatis
3292 2521 3426 2557 cou-

1841 2602 2144 2672 junctione.
2195 2603 2496 2672 eademque
2560 2601 2833 2656 sententia
2889 2615 2952 2654 ac
2997 2601 3200 2652 virtute
3244 2597 3426 2652 consi-

1847 2703 2016 2760 stant,
2050 2704 2108 2748 ut
2143 2711 2299 2749 error
2333 2695 2514 2750 omnis
2557 2693 2880 2748 cxcludatur
2912 2707 2976 2745 ac
3025 2692 3259 2753 falsitas,
3309 2704 3430 2757 ruite

1845 2787 2058 2842 utravis
2093 2803 2156 2842 ex
2194 2795 2350 2858 parte
2379 2794 2570 2840 contra
2601 2787 2892 2840 veritatem
2919 2785 3190 2854 insurgat.
3223 2780 3430 2851 Philip-

1845 2894 1950 2948 pus
1985 2895 2117 2934 vero
2151 2879 2436 2948 apostolus
2469 2877 2616 2932 hunc
2647 2878 2701 2931 in
2731 2877 2953 2930 modum
2982 2875 3261 2930 Christum
3293 2873 3431 2926 allo-

1842 2969 2077 3038 quitur:
2113 2967 2342 3024 Ostende
2389 2967 2538 3022 nobis
2594 2966 2809 3023 Patrem
2853 2975 3020 3019 tuum.
3067 2964 3167 3019 Cui
3221 2963 3296 3016 ita
3341 2978 3430 3017 re-

1842 3061 2064 3131 spondit
2096 3081 2108 3115 :
2143 3044 2249 3127 Qui
2281 3061 2416 3114 videt
2447 3077 2548 3123 me,
2571 3060 2708 3113 videt
2731 3068 2778 3112 et
2801 3057 3012 3112 Patrem
3039 3056 3268 3111 meum'.
3309 3055 3424 3110 Non

1841 3153 2019 3208 dixit:
2050 3151 2164 3224 Ego
2213 3169 2331 3206 sum
2362 3151 2680 3206 Patensed
2715 3166 2815 3214 me,
2863 3149 3006 3218 quod
3061 3148 3201 3203 idem
3249 3155 3335 3202 est
3363 3161 3427 3200 ac

137 3237 201 3289 Et
251 3235 361 3308 γὰρ
406 3231 474 3306 ἦν
531 3238 560 3289 6
613 3237 777 3301 αὐτὸς
834 3240 1044 3312 Πατὴρ,
1100 3241 1316 3311 ἔλεγεν·
1388 3242 1527 3312 Ἐγώ
1579 3247 1730 3312 εἶμι·

1851 3245 2106 3314 seipsum,
2156 3244 2378 3314 adjecit.
2420 3243 2571 3306 Item,
2606 3242 2767 3306 videt,
2810 3241 3008 3310 inquit,
3047 3240 3286 3303 Patrem,
3316 3252 3426 3293 non

133 3325 330 3396 ἐπειδὴ
371 3325 428 3380 δὲ
463 3327 562 3380 οὐκ
601 3329 764 3392 αὑτός
810 3331 958 3386 ἐστιν
1005 3335 1034 3386 6
1079 3333 1288 3406 Πατὴρ,
1326 3335 1462 3388 ἀλλὰ
1501 3338 1529 3389 6
1583 3337 1732 3404 Υἱὸς,

132 3419 356 3490 ἀληθῶς
393 3417 577 3488 λέγει·
627 3421 691 3473 '0
721 3421 994 3492 ἑωρακὼς
1030 3426 1154 3495 ἐμὲ,
1203 3426 1426 3495 ἑώρακε
1456 3427 1566 3480 τὸν
1613 3431 1733 3481 Πα-

131 3511 316 3580 τέρα·
369 3513 459 3568 ἵνα
497 3514 909 3587 ἀποκρούσηται
960 3517 1060 3588 τὴν
1100 3517 1194 3570 τοῦ
1243 3519 1454 3588 Ἀρείου
1491 3517 1734 3590 βλασφη-

135 3605 294 3674 μίαν,
340 3607 439 3677 τὴν
467 3607 560 3660 τὸν
587 3607 716 3661 Υἱδν
746 3607 855 3662 ἀπὸ
891 3609 985 3662 τοῦ
1016 3610 1230 3681 Πατρός
1259 3609 1659 3682 ἀλλοτριοῦσαν.

1842 3337 2033 3408 utique
2063 3336 2304 3405 seipsum
2343 3343 2759 3390 commemorat.
2797 3334 2956 3388 Aliud
2991 3333 3134 3388 enim
3172 3339 3249 3401 est
3291 3331 3426 3384 arti—

1842 3429 2002 3483 culus
2030 3427 2140 3492 ille,
2173 3414 2287 3490 τόν,
2335 3426 2484 3480 aliud
2543 3442 2867 3495 pronomen,
2908 3425 3042 3496 ἐμέ,
3103 3421 3247 3490 aliud
3289 3417 3423 3489 ἐγώ,

1843 3519 1990 3573 aliud
2031 3517 2154 3589 ἐμέ.
2187 3517 2318 3571 Nam
2365 3517 2410 3572 si
2443 3519 2559 3588 ipse
2583 3517 2747 3572 Pater
2797 3525 2966 3577 esset,
2999 3515 3208 3568 diceret
3245 3509 3429 3582 profe-

1845 3620 1974 3666 clo:
2013 3609 2124 3680 Ego
2158 3627 2296 3664 sum.
2333 3609 2515 3676 Quare
2564 3625 2688 3664 cum
2737 3610 2853 3680 ipse
2881 3608 3043 3662 Pater
3075 3606 3300 3660 minime
3333 3604 3426 3662 sit,

130 3699 232 3754 sed
267 3697 476 3765 Filius,
517 3720 644 3759 vere
688 3704 838 3759 istud
873 3707 1206 3774 usurpavit:
1255 3705 1357 3772 Qui
1382 3705 1519 3762 ridet
1577 3721 1712 3772 me,
1762 3706 1897 3760 videt
1937 3715 1986 3760 et
2045 3705 2294 3770 Patrem;
2348 3707 2414 3760 ad
2462 3705 2808 3760 rel'utandam
2855 3705 2967 3758 Arii
3011 3699 3424 3772 blasphemiam,

129 3808 262 3863 qua:
285 3793 486 3851 Filium
517 3799 720 3853 alienat
749 3813 776 3850 a
809 3796 989 3852 Patre.

205 3886 302 3939 Διὸ
330 3887 431 3956 τῆς
466 3887 646 3959 πάσης
674 3889 899 3962 Γραφῆς
928 3887 1116 3956 σαφῶς
1146 3888 1272 3958 περὶ
1306 3889 1562 3961 ἀληθείας
1600 3893 1732 3962 ἡμῖν

61 4045 70 4054 ⁹
125 3978 238 4048 τὴν
266 3975 388 4030 ὁδὸν
418 3977 841 4048 ὑποτιθεμένης,
889 3978 982 4030 καὶ
1025 3977 1212 4031 τοῦτον
1243 3979 1332 4033 τὴν
1375 3979 1605 4051 Νοητὸν,
1637 3981 1734 4034 καὶ

127 4069 236 4140 τὴν
267 4067 436 4122 αὐτοῦ
481 4069 714 4142 αἵρεσιν,
759 4067 1074 4140 Νοητιανῶν
1127 4087 1288 4142 φημι,
1339 4073 1435 4124 σὺν
1470 4074 1589 4136 ταῖς
1637 4071 1733 4124 ἄλ-

127 4158 260 4221 λαις
308 4157 553 4229 αἱρέσεσι
600 4159 1012 4230 παρωσάμενοι,
1043 4159 1230 4231 ὥσπερ
1290 4161 1620 4232 ὀστρακίτην
1643 4162 1735 4216 τὸν

128 4249 476 4321 καλούμενον
504 4250 792 4322 δράκοντα,
824 4251 915 4304 τὸν
947 4251 1020 4324 μὴ
1046 4252 1342 4323 δυνάμενον
1383 4253 1732 4322 κάμπτεσθαι

127 4347 188 4397 ἐν
229 4343 312 4415 τῷ
341 4343 704 4398 καταδιώκειν
733 4345 1036 4416 ἄνθρωπον,
1070 4346 1207 4416 μήτε
1247 4345 1396 4409 δεξιά
1429 4347 1564 4418 μήτε
1592 4345 1732 4398 εὐώα

126 4453 306 4506 νυμα,
359 4436 710 4500 ἐκκλίναντες
763 4437 870 4490 ἀπὸ
916 4437 1080 4491 αὐτοῦ
1127 4455 1184 4489 τε
1243 4438 1336 4490 καὶ
1385 4437 1483 4508 τῆς
1536 4437 1731 4491 ἑαυτοῦ

125 4527 360 4600 σχολῆς,
402 4529 497 4582 καὶ
553 4529 875 4600 μοχθηρίας,
909 4529 1001 4580 ἐπὶ
1036 4530 1135 4592 τὰς
1169 4528 1296 4599 ἑξῆς
1335 4527 1563 4599 δυνάμει
1597 4529 1730 4581 Θεοῦ
1763 4513 1809 4572 ἶ)

121 4618 228 4672 τὸν
262 4617 388 4672 νοῦν
417 4619 789 4690 ἀκοντίσωμεν
812 4620 947 4690 πρὸς
965 4620 1214 4691 διήγησιν
1244 4619 1338 4672 καὶ
1377 4619 1598 4690 ἔλεγχον
1625 4619 1732 4672 τῶν

120 4713 185 4762 ἐν
236 4709 431 4773 αὑταῖς
463 4710 904 4783 ὲπινενοημένων
956 4711 1110 4774 κατὰ,
1141 4713 1240 4784 τῆς
1289 4712 1545 4782 ἀληθείας
1591 4710 1735 4775 ξενο-

119 4803 353 4880 λεΞιῶν.

630 5008 820 5064 ΚΑΤΑ
861 5009 1276 5074 ΟΥΑΔΗΣΙΩΝ,

151 5136 160 5143 .
204 5097 542 5167 Τριακοστὴ
582 5099 783 5170 ὀγδόη,
816 5103 853 5169 ἠ
886 5101 982 5155 καὶ
1023 5105 1403 5174 πεντηκοστὴ
1437 5106 1636 5172 ὀγδόη.

199 5187 288 5240 Α¹.
321 5185 458 5258 Περὶ
491 5187 810 5259 Οὐαλησίων
841 5189 1114 5260 ἀκούομεν
1147 5189 1430 5254 πολλάκις,
1459 5191 1519 5244 οὐ
1553 5193 1740 5263 μέντοι

119 5279 389 5348 ἔγνωμεν
432 5276 557 5341 ποῦ,
604 5277 754 5351 τίςῆ
805 5279 970 5334 πόθεν
1015 5281 1332 5352 ὼρμᾶτο,’ἢ
1388 5281 1440 5334 τί
1473 5281 1668 5350 λέγων,
1703 5282 1737 5354 ἢ

117 5373 431 5438 νουθετῶν,
465 5373 499 5443 ἢ
555 5373 925 5444 φθεγγόμενος
975 5375 1004 5426 6
1057 5376 1270 5447 Οὐάλης
1300 5369 1477 5442 οὗτος.
1510 5377 1584 5432 Τὸ
1636 5379 1733 5449 μὲν

116 5467 333 5535 Mouet.
385 5465 680 5536 Ἀραδικὸν
715 5466 790 5536 (1)
836 5467 1100 5538 ὑπάρχον,
1146 5467 1270 5522 τινὰ
1301 5467 1557 5522 ὑπόνοιαν
1603 5470 1734 5538 ἡμῖν

117 5559 324 5613 δίδωτι
369 5557 718 5629 διανοηθῆναι
777 5557 984 5626 τοῦτον,
1044 5560 1136 5612 καὶ
1181 5562 1278 5630 τὴν
1311 5558 1475 5613 αὑτοῦ
1521 5559 1732 5630 αἵρεσιν

1910 3879 2042 3946 Qum
2066 3890 2196 3934 ‘cum
2225 3879 2300 3933 ita
2343 3879 2474 3942 sint,
2519 3895 2582 3933 ac
2619 3896 2742 3934 cum
2783 3895 2954 3934 sacrm
2987 3897 3179 3949 omnes
3209 3881 3430 3938 Litterae

1840 3971 1987 4024 viam
2019 3971 2178 4025 nobis
2212 3971 2461 4025 veritatis
2502 3973 2815 4027 certissime
2843 3973 3244 4042 demonstrent,
3279 3986 3431 4046 post-

1841 4078 2005 4133 quam
2039 4061 2272 4118 Noetum
2309 4063 2498 4125 istum,
2521 4064 2589 4116 ab
2618 4079 2793 4132 eoque
2823 4074 3174 4134 prepagatam
3205 4065 3426 4122 Noetia-

1842 4171 2037 4210 norum
2069 4155 2236 4227 489
2265 4163 2497 4222 sectam,
2537 4170 2642 4207 una
2676 4170 2800 4208 cum
2833 4156 3059 4224 reliquis
3105 4159 3427 4226 repulimus,

1843 4248 2072 4318 perinde
2129 4264 2192 4302 ac
2238 4249 2532 4302 draconem
2581 4247 2756 4309 illum,
2803 4249 2896 4318 qui
2947 4250 3270 4314 ostracites,
3314 4253 3430 4308 sive

1843 4349 2100 4395 testaceus
2146 4339 2380 4402 dicitur,
2427 4338 2519 4408 qui
2552 4353 2676 4392 cum
2716 4339 2994 4394 hominem
3050 4345 3426 4412 persequitur,

1843 4448 2019 4502 neque
2053 4431 2108 4486 in
2140 4431 2412 4497 dextram,
2455 4447 2632 4500 neque
2669 4431 2723 4484 in
2769 4430 3051 4486 sinistram
3092 4443 3303 4503 partem
3337 4435 3430 4492 Ile-

1838 4533 1986 4580 ctere
2020 4540 2080 4579 se
2115 4525 2224 4578 ullo
2257 4525 2420 4577 modo
2458 4533 2630 4594 potest
2659 4542 2670 4576 :
2703 4524 2770 4577 ab
2801 4524 2893 4577 illo
2927 4524 3170 4586 demum,
3197 4527 3430 4598 ejusque

1837 4619 2042 4682 schola,
2075 4626 2128 4672 ct
2162 4617 2509 4688 improbitate
2551 4616 2918 4678 declinantes,
2963 4616 3030 4669 ad
3075 4627 3305 4674 caeteras
3339 4619 3428 4674 di-

1838 4714 2095 4784 viuaope
2126 4711 2247 4768 freti
2273 4712 2514 4766 auiinum
2539 4713 2886 4781 adjiciamus,
2933 4719 2991 4765 ut
3024 4713 3342 4783 peregrinas
3371 4723 3425 4771 et

1842 4804 2118 4859 absurdas
2151 4803 2365 4858 dicendi
2394 4805 2640 4858 rationes
2665 4805 2934 4858 adversus
2964 4805 3242 4861 veritatem
3276 4807 3330 4862 in
3361 4808 3428 4862 il-

1843 4895 1911 4951 lis
1940 4897 2276 4967 excogitatas
2311 4905 2594 4966 pertexere
2644 4913 2708 4951 ac
2747 4899 3076 4970 redarguere
3123 4903 3423 4972 possimus.

2279 5008 2559 5063 CONTRA
2607 5010 2960 5071 VALESIOS,

2133 5100 2366 5154 IIaJresis
2393 5101 2556 5164 ΧΧΧ
2574 5101 2739 5164 VIII,
2769 5104 2876 5158 sive
2914 5102 2960 5158 L
2979 5103 3142 5158 VIII.

1915 5195 1956 5246 l;
2001 5191 2388 5263 Saepenumero
2426 5194 2495 5250 de
2543 5193 2778 5251 Valesiis
2825 5197 3172 5264 audivimus,
3225 5199 3298 5251 ita
3348 5206 3428 5253 ta-

1845 5301 1968 5340 men
1999 5293 2060 5339 ut
2087 5285 2154 5340 de
2185 5287 2402 5339 illorum
2436 5295 2666 5342 auctore
2689 5286 2938 5362 valente,
2968 5291 3190 5345 ubinam
3224 5291 3269 5345 is
3300 5307 3428 5362 gen-

1842 5377 1978 5430 tium
2033 5376 2220 5439 fuerit,
2267 5385 2362 5430 aut
2402 5375 2678 5431 undenam
2731 5358 3005 5436 excitatus
3056 5380 3254 5444 fuerit,
3306 5358 3428 5452 qua:

1842 5468 1990 5524 illius
2025 5467 2192 5532 dicta,
2225 5483 2346 5538 quae
2368 5476 2639 5538 praecepta
2667 5482 2732 5524 ac
2774 5484 3058 5528 sermones
3085 5475 3424 5538 exstiterint,

1843 5561 2083 5615 nondum
2114 5560 2422 5630 eoinperire
2457 5561 2820 5632 potuerimus.
2855 5561 3180 5636 Quanquam
3213 5583 3277 5622 ex
3310 5567 3430 5640 ejus

205 5701 222 5732 ¹
260 5699 390 5752 (lor.
427 5705 686 5768 omnium;
719 5702 796 5755 τό.
877 5705 896 5734 '
933 5700 1088 5756 J’oan.
1129 5718 1240 5763 xvi,
1282 5703 1363 5755 ιυ.
1441 5703 1459 5731 ³
1491 5701 1647 5754 .loan.
1687 5720 1735 5756 x1

1851 5703 1935 5756 9‘2.
2015 5703 2034 5733 ³
2063 5701 2220 5758 Joan.
2253 5721 2302 5768 λ,
2330 5704 2417 5759 50.
2495 5706 2513 5737 ⁸
2554 5703 2708 5759 Joan.
2752 5723 2860 5772 xiv,
2895 5707 2948 5772 8,
2988 5709 3043 5766 9.

211 5859 289 5928 (1)
339 5857 406 5912 Τὸ
435 5857 552 5928 μὲι·
598 5856 782 5925 ὄνομα
823 5857 1152 5923 Ἀμιείλιιῗικ
1189 5854 1300 5910 lino
1333 5854 1589 5912 Latinutu
1672 5855 1882 5912 ralens.
