3958 6416
215 4812 245 4834 Ι

285 308 425 364 τί)ιὸ

960 310 1323 368 ADVERSUS
1364 312 1706 369 HERESES
1732 310 1873 371 ΠΒ.
1910 317 1976 371 ll.
2022 316 2186 373 TUM.
2232 318 2271 372 1.
2316 348 2385 359 ——
2417 316 2693 375 HAERES.
2728 316 2912 372 LVlll.

3415 311 3555 367 10H

285 424 437 493 παρὰ
482 422 543 476 ἒν
587 425 746 494 μέλος
780 426 1048 494 γίνεσθαι,
1074 428 1186 484 τῶν
1218 430 1391 485 ἄλλων
1427 431 1501 503 μὴ
1540 432 1697 486 τοῦτο
1726 433 1866 502 πλη-

1990 434 2160 500 *el‘ert,
2195 434 2343 505 quod
2378 434 2449 491 ab
2481 435 2595 491 illis.
2622 435 2892 491 asseritur
2912 433 2937 485 ?
2964 430 3100 486 Cum
3130 431 3274 485 enim
3300 429 3555 483 universa

287 513 564 584 ρούντων;
595 513 657 568 El
693 515 752 569 δὲ
777 516 1049 588 ἐγείρεται
1103 520 1164 571 τὸ
1205 519 1363 590 σῶμα
1395 522 1691 593 (ἐγείρεται
1715 523 1869 595 γάρ),

287 603 405 668 πῶς
434 605 711 675 ἐνδέχεται
739 607 820 660 ἔτι
850 612 907 662 ὲν
944 609 1191 681 βασιλείᾳ
1240 611 1485 684 οὐρανῶν
1508 612 1746 685 λώϐησις
1788 616 1874 683 γί-

285 698 508 760 νεσθαι;
541 699 615 751 Ἦ
648 699 765 762 πῶς
797 702 895 754 οὐκ
928 702 1081 755 ἔσται
1116 703 1371 775 ἀπρεπὴς
1399 708 1433 775 ἠ
1476 705 1722 776 βασιλεία
1762 707 1874 761 τῶν

283 788 548 858 οὐρανῶν,
590 790 810 861 ἐπισινῆ
848 791 1083 863 σώματα
1107 794 1306 865 ἔχουσα
1333 797 1472 867 πρὸς
1502 797 1692 865 δόξαν;
1724 798 1788 852 Et
1814 798 1873 852 δὲ

285 871 423 934 ὅλως
449 875 543 928 καὶ
573 876 811 947 τμηθείη
859 879 920 931 τὸ
964 881 1124 950 μέλος
1154 881 1217 935 τὸ
1247 884 1618 950 σκανδαλίζον,
1654 888 1762 960 ἄρα
1794 889 1874 941 τέ-

285 980 512 1034 τμηται,
553 969 647 1020 καὶ
688 970 786 1040 οὐχ
812 971 1047 1042 ἥμαρτε.
1098 974 1316 1045 Τμηθὲν
1354 976 1434 1042 δὲ,
1462 978 1557 1030 καὶ
1603 978 1677 1050 μὴ
1705 981 1877 1051 ἁμαρ-

283 1054 479 1121 τῆσαν,
514 1058 644 1111 αὐτὸ
673 1059 754 1111 δεῖ
785 1060 1001 1131 πρῶτον
1031 1064 1249 1118 πάντων
1280 1066 1577 1139 ἀναστῆναι
1602 1068 1676 1140 μὴ
1706 1070 1880 1142 ἁμαρ-

283 1158 481 1210 τησαν.

1972 526 2215 580 membra
2269 526 2495 581 caeleste
2526 541 2757 595 regnum
2804 524 3028 579 minime
3067 520 3277 593 ingredi
3316 519 3553 589 possint,

1972 616 2104 685 quid
2138 617 2333 671 attinet
2363 632 2474 671 uno
2506 616 2685 671 solum
2729 613 2974 669 mutilari
3030 612 3297 678 membro,
3333 623 3459 663 cum
3502 609 3558 663 id

1971 705 2079 758 alia
2132 721 2477 776 nequaquam
2538 704 2865 776 perficiant?
2909 701 3029 757 Jam
3082 716 3215 756 vero
3261 701 3307 755 si
3355 712 3558 767 corpus
3659 762 3662 766 ι

1970 799 2241 853 excitatur
2271 799 2375 870 (uti
2411 812 2539 852 vere
2572 796 2815 866 accidit),
2857 802 3012 850 estne
3065 800 3123 848 ut
3152 795 3206 847 in
3233 806 3403 862 regno
3447 804 3561 845 co:-

1972 893 2147 946 lorum
2200 904 2456 943 mancum
2509 888 2716 958 aliquid
2767 888 2838 942 sit
2877 894 2971 941 aut
3019 885 3315 940 mutilum?
3369 882 3562 938 Nonne

1973 978 2153 1047 turpis
2182 976 2431 1047 quzedam
2458 976 2703 1032 caelestis
2747 975 2894 1030 illius
2934 977 3087 1044 regni
3121 972 3306 1027 futura
3347 970 3565 1042 species

1974 1075 2080 1133 est,
2111 1068 2158 1122 si
2190 1077 2444 1122 truncata
2468 1067 2714 1121 membra
2743 1065 2810 1121 ad
2849 1066 3239 1135 sempiternam
3273 1064 3425 1116 illam
3447 1063 3567 1131 glo-

1976 1160 2112 1215 riam
2158 1142 2562 1214 admitta'ntur?
2614 1156 2888 1212 Praeterea
2948 1157 2994 1212 si
3051 1155 3365 1211 membrum
3405 1153 3562 1217 illud,

282 1237 433 1306 quod
464 1240 783 1295 scandalum
816 1245 1045 1313 prabet,
1073 1248 1379 1303 abscissum
1407 1249 1592 1316 fuerit,
1655 1259 1997 1321 amputatum
2029 1254 2219 1324 utique
2242 1260 2363 1318 est,
2420 1266 2487 1307 ac
2511 1251 2741 1323 proinde
2767 1266 2869 1307 nec
2894 1253 3161 1321 peccavit.
3226 1246 3385 1314 Quod
3436 1260 3563 1301 cum

285 1329 362 1381 ita
399 1330 493 1393 sit,
539 1336 777 1402 primum
814 1338 1060 1391 omnium
1098 1355 1389 1410 resurgere
1420 1344 1598 1412 ipsum
1628 1354 1866 1413 oportet,
1895 1346 2039 1416 quod
2064 1345 2290 1400 minime
2324 1345 2655 1415 peccaverit.

359 1421 435 1476 1".
478 1426 632 1478 Ὅσοι
669 1428 724 1481 δὲ
753 1432 833 1493 είς
858 1431 920 1483 τὸ
951 1432 1241 1505 πρόχειρον
1281 1434 1357 1507 (4)
1386 1435 1545 1490 τοῦτο
1590 1438 1753 1509 ἔργον
1797 1439 1875 1493 ἐν·

284 1513 497 1583 τολμοι,
531 1516 637 1569 ἀπὸ
672 1520 889 1573 πάντων
918 1524 1145 1588 ἑαυτοὺς
1183 1524 1479 1595 ἠθέτησαν,
1511 1527 1609 1581 καὶ
1644 1528 1880 1599 ἀπηλλο-

283 1605 551 1674 τρίωσαν.
580 1607 716 1663 Οῠτε
749 1611 859 1682 γὰρ
892 1613 1085 1686 ἄνδρες
1121 1616 1229 1668 εἰσὶ
1272 1616 1360 1669 διὰ
1405 1619 1468 1671 τὸ
1499 1620 1873 1691 ἀφῃρημένον,

286 1696 413 1751 οὔτε
459 1705 715 1768 γυναῖκες
762 1704 1021 1760 δύνανται
1070 1703 1209 1761 εἶναι
1251 1708 1339 1762 διὰ
1377 1711 1439 1763 τὸ
1489 1712 1642 1783 παρὰ
1691 1713 1874 1782 φύσιν.

287 1787 572 1859 Προέλασε
610 1792 626 1822 ¹
654 1792 711 1844 δὲ
746 1796 840 1849 καὶ
877 1799 910 1868 ἡ
944 1796 1041 1850 τοῦ
1075 1800 1340 1868 στεφάνου
1386 1800 1481 1853 τοῦ
1517 1802 1752 1870 ἀγῶνος,
1786 1804 1881 1858 καὶ

288 1877 549 1948 βραϐεῖον
580 1881 771 1963 τούτου
802 1886 1110 1957 ἐπωνυμία.
1143 1888 1273 1941 Οὐδὲ
1299 1890 1549 1962 ὁπότεροι
1570 1891 1679 1963 γὰρ
1706 1893 1879 1962 φανή-

288 1982 479 2020 σονται
532 1962 678 2025 οὗτοι
728 1973 837 2028 τῶν
870 1975 1042 2046 τριῶν
1078 1976 1284 2041 τάξεων
1314 1979 1422 2032 τῶν
1467 1962 1739 2051 εὐνούχων
1772 1981 1881 2036 τῶν

283 2056 400 2110 ὑπὸ
431 2060 635 2131 Κυρίου
665 2064 998 2134 εἰρημένων.
1027 2067 1163 2121 Εἰσὶ
1194 2068 1326 2137 γὰρ,
1360 2071 1546 2138 φησὶν,
1575 2071 1878 2141 εὐνοῦχοι,

282 2151 351 2207 οι
375 2153 446 2207 ἐκ
472 2157 704 2223 κοιλίας
721 2158 951 2226 μητρὸς
971 2159 1170 2215 αὐτῶν
1183 2161 1624 2232 ἐγεννήθησαν.
1653 2165 1883 2219 Ἐκεῖνοι

284 2245 403 2317 γάρ
450 2246 684 2301 ἀναίτιοί
715 2251 823 2302 εἰσι
868 2252 967 2321 τῆς
1011 2251 1196 2306 αὐτῶν
1237 2254 1558 2323 εὐνουχίαςο
1592 2254 1716 2307 οὐτε
1775 2257 1883 2327 μὴν

281 2336 567 2408 ἁμαρτίαν
602 2336 835 2407 ἔχοντες,
875 2340 963 2393 διὰ
1008 2341 1070 2394 τὸ
1119 2341 1288 2406 οὕτως
1336 2343 1696 2415 γεγενῆσθαιο
1753 2343 1879 2399 οὔτε

284 2425 454 2478 πάλιν
478 2427 753 2497 ἁμαρτίαν
785 2428 1075 2501 δυνάμενοι
1111 2433 1391 2503 πράττειν,
1424 2435 1521 2504 τὴν
1552 2435 1880 2503 ἀφροδισίων

285 2517 437 2588 φημί
462 2535 474 2547 ·
523 2520 713 2591 ἐπειδὴ
752 2521 826 2592 μὴ
876 2523 1089 2591 πέφυκε
1133 2527 1319 2589 αὐτοῖς
1362 2525 1431 2579 τὰ
1464 2527 1754 2582 παιδοποιά
1783 2528 1881 2601 ὅρ-

283 2624 455 2675 γανα,
498 2608 567 2661 τὰ
614 2611 678 2662 ἐκ
719 2610 855 2665 Θεοῦ
904 2614 1260 2684 κεκτισμένα.
1320 2615 1470 2668 Ἀλλ’
1516 2616 1640 2672 οὐτε
1693 2620 1885 2689 μισθὸν

286 2697 511 2770 ἔχουσιν
538 2702 820 2773 εὐνουχίας
849 2702 1126 2774 βασιλείας
1150 2707 1416 2777 οὐρανῶν,
1456 2709 1542 2761 διὰ
1574 2710 1632 2763 τὸ
1670 2711 1883 2780 ἀγῶνος

289 2792 401 2863 μὴτ
429 2794 746 2865 μεμυῆσθαι
777 2799 817 2848 ⁸.
862 2798 926 2850 Et
972 2797 1029 2851 δὲ
1077 2799 1172 2852 καὶ
1216 2799 1519 2870 ἐπιθυμιῶν
1574 2803 1885 2874 μεμύηνται

283 2884 343 2934 οἱ
380 2882 631 2951 τοιοῦτοι,
671 2886 747 2958 μὴ
783 2886 1072 2958 δυνάμενοι
1116 2890 1399 2961 πράττειν,
1452 2892 1547 2945 καὶ
1594 2893 1669 2964 μὴ
1711 2896 1886 2967 πρόιτε

284 2991 502 3038 τοντες,
541 2976 731 3047 μισθὸν
760 2979 863 3032 οὐκ
892 2979 1124 3050 ἔχουσιν.
1162 2982 1237 3035 Οὐ
1282 2980 1393 3053 γὰρ
1426 2982 1516 3036 διὰ
1545 2983 1610 3037 τὸ
1638 2985 1712 3056 μὴ
1761 2986 1885 3056 βού-

2057 1440 2145 1495 ιιι.
2186 1439 2389 1495 Verum
2417 1440 2734 1510 quicunque
2776 1439 2842 1493 ad
2879 1438 2984 1492 hoc
3022 1436 3445 1507 perpetrandum
3483 1434 3569 1486 fa-

1984 1534 2143 1589 cinus
2184 1535 2420 1604 prompti
2479 1542 2607 1588 sunt
2661 1544 2714 1589 et
2757 1533 3015 1597 audaces,
3061 1530 3130 1584 ab
3177 1528 3326 1582 omni
3372 1541 3571 1596 genere

1984 1624 2269 1679 hominum
2299 1624 2511 1678 alienos
2536 1639 2595 1679 se
2620 1633 2982 1692 extorresque
3017 1619 3284 1676 fecerunt.
3318 1616 3451 1671 Nam
3474 1633 3572 1673 ne-

1985 1730 2093 1786 que
2137 1716 2237 1771 viri
2280 1724 2428 1779 sunt,
2466 1727 2689 1787 propter
2735 1723 3076 1784 amputatam
3133 1712 3280 1765 illam
3324 1711 3574 1779 corporis

1987 1817 2236 1879 partem;
2273 1823 2454 1878 neque
2503 1807 2739 1871 feminae,
2786 1814 3126 1876 repugnante
3171 1803 3381 1858 scilicet
3408 1799 3568 1872 49],

1985 1910 2198 1958 naturae
2223 1902 2561 1968 conditione,
2596 1917 2719 1958 esse
2752 1908 3007 1972 possunt.
3044 1896 3153 1952 Sed
3175 1905 3229 1952 et
3258 1896 3574 1952 istiusmodi

1983 1991 2303 2048 certaminis
2337 2005 2543 2046 corona
2591 2004 2654 2044 ac
2704 1989 2984 2060 praemium
3026 1985 3394 2056 appellatione
3422 1983 3572 2037 nulla

1982 2084 2203 2153 concipi
2242 2091 2443 2154 potest.
2481 2081 2763 2151 Siquidem
2796 2094 2862 2135 ex
2910 2078 3092 2132 tribus
3123 2075 3430 2147 spadonum
3478 2089 3572 2127 or-

1983 2177 2230 2239 dinibus,
2265 2189 2405 2245 quos
2445 2173 2712 2228 Dominus
2742 2171 3044 2234 recensuit,
3090 2167 3157 2221 ad
3193 2166 3403 2220 nntium
3452 2179 3573 2218 om-
3641 2172 3645 2176 '

1986 2267 2118 2321 nino
2138 2266 2389 2321 revocari
2425 2271 2678 2335 possunt.
2720 2262 2854 2317 Sunt
2883 2263 3045 2326 enim,
3084 2257 3287 2328 inquit,
3322 2254 3573 2319 eunuchi,

1984 2361 2073 2430 qui
2096 2374 2160 2413 ex
2184 2368 2361 2415 ventre
2388 2358 2577 2412 matris
2604 2350 2852 2410 suw'nati
2876 2354 3000 2407 Sunt
3027 2353 3068 2404 ⁸.
3098 2351 3177 2404 Illi
3210 2364 3337 2405 vero
3367 2348 3595 2425 nullam

1986 2452 2347 2507 castrationis
2376 2466 2490 2506 sua:
2525 2450 2745 2518 culpam
2786 2446 3097 2509 sustinent;
3137 2456 3314 2512 neque
3357 2441 3472 2495 ullo
3515 2454 3577 2494 se

1986 2544 2193 2599 scelere
2219 2542 2654 2603 obstrinxerunt,
2702 2554 2771 2594 co
2792 2536 2939 2608 quod
2972 2536 3046 2590 ita
3072 2535 3125 2589 in
3157 2536 3336 2588 lucem
3358 2530 3579 2602 prodie-

1987 2636 2118 2691 rint.
2162 2633 2270 2688 Sed
2316 2649 2495 2703 neque
2547 2638 2839 2701 peccatum
2894 2628 3064 2681 ullum
3118 2625 3412 2679 admittere
3449 2636 3574 2692 pos-

1987 2733 2139 2791 sunt,
2179 2725 2327 2796 quod
2359 2724 2429 2779 ad
2455 2739 2571 2779 rem
2604 2722 2825 2793 quidem
2852 2732 3144 2774 venercam
3188 2716 3420 2781 attinet;
3449 2729 3576 2769 cum

1988 2817 2255 2873 membris
2290 2816 2398 2870 illis
2442 2825 2688 2876 careant.
2720 2827 2847 2882 quae
2889 2810 2957 2865 ad
2988 2810 3196 2865 sobolis
3234 2807 3581 2879 propagatio-

1989 2924 2112 2964 nem
2150 2923 2179 2961 a
2209 2907 2321 2962 Deo
2353 2914 2484 2962 sunt
2513 2904 2756 2959 condita.
2789 2903 3023 2971 Ideoque
3053 2902 3261 2955 nullum
3299 2915 3366 2954 ex
3396 2913 3460 2956 ea
3492 2912 3580 2952 ca-

1989 2999 2258 3053 strationc
2312 2996 2464 3066 regni
2515 2996 2758 3050 cmlestis
2793 2994 3078 3064 prannium
3117 2992 3389 3052 obtinent,
3432 2990 3581 3060 quod

286 3065 505 3158 λεσθαι,
550 3067 611 3121 τὸ
643 3067 804 3140 ἔργον
858 3073 986 3141 παρ’
1024 3072 1211 3136 αὐτοῖς
1254 3076 1314 3127 οὐ
1351 3075 1699 3145 πέπρακται,
1749 3078 1883 3132 ἀλλὰ

1991 3089 2314 3145 certaminis
2355 3065 2535 3158 ipsius
2563 3102 2632 3141 ne
2680 3086 3034 3141 meminerint
3061 3084 3304 3153 quidem.
3337 3080 3497 3149 Quod
3530 3081 3579 3136 si

285 3157 386 3210 διὰ
430 3158 492 3211 τὸ
539 3158 614 3230 μὴ
662 3159 944 3216 δύνασθαι.
989 3163 1100 3216 Καὶ
1142 3162 1283 3233 αὕτη
1327 3165 1426 3234 μὲν
1542 3166 1733 3237 ἀγωγὴ
1784 3167 1883 3238 τῆς

1991 3180 2354 3250 cupiditatum
2421 3178 2917 3245 illecebrarumque
2978 3174 3384 3237 recordentur,
3449 3186 3577 3227 cum

289 3251 521 3323 πρώτης
555 3253 659 3306 ὐπὸ
701 3254 911 3325 Κυρίου
961 3255 1261 3328 εἰρημένης
1305 3258 1609 3327 εὐνουχίας,
1659 3259 1757 3330 τῆς
1799 3259 1883 3314 διὰ

1990 3269 2137 3339 quod
2183 3268 2333 3322 factu
2362 3273 2448 3321 est
2482 3266 2642 3321 nefas
2675 3266 2889 3320 ellicere
2930 3265 3082 3319 nullo
3130 3263 3292 3317 modo
3340 3262 3578 3333 possint,

286 3344 405 3399 τῶν
454 3345 707 3418 μητέρων
736 3347 1104 3419 γεννωμένης,
1138 3348 1198 3414 ἐξ
1227 3343 1302 3404 ὧν
1342 3351 1403 3403 οὐ
1448 3350 1707 3406 δύνανται
1735 3346 1882 3408 οὗτοι

1990 3360 2045 3414 in
2076 3375 2140 3414 eo
2168 3360 2317 3429 quod
2352 3358 2653 3421 abstinent,
2688 3357 2827 3411 nihil
2873 3356 3142 3412 mercedis
3174 3364 3578 3427 promerentur.

290 3440 589 3510 ὑπάρχεινο
1987 3450 2173 3521 Neque
2217 3451 2362 3506 enim
2411 3466 2478 3506 ex
2512 3466 2601 3514 eo,
2631 3448 2778 3521 quod
2823 3448 3113 3505 admittere
3153 3446 3452 3509 noluerint,
3485 3445 3583 3502 sed

286 3533 444 3603 quod
484 3549 591 3588 non
622 3534 919 3602 potuerint.
955 3548 1065 3588 non
1110 3541 1197 3591 est
1229 3535 1299 3590 ab
1353 3536 1463 3593 illis
1488 3535 1706 3594 facinus
1733 3539 1872 3595 illud
1912 3545 2093 3616 reipsa
2119 3545 2448 3617 profectum.
2483 3545 2664 3616 Atque
2693 3546 2798 3599 hoc
2826 3544 3061 3615 primum
3122 3555 3209 3600 est
3275 3543 3581 3614 spadonum

286 3640 470 3695 genus
501 3624 716 3681 Domini
745 3627 997 3682 oratione
1025 3627 1386 3695 declaratum,
1437 3629 1584 3699 quod
1616 3629 1732 3701 jam
1764 3638 1878 3687 tum
1919 3638 2115 3694 matris
2152 3654 2222 3694 ex
2254 3646 2412 3696 utero
2443 3639 2670 3709 prodiit.
2711 3635 2860 3692 Inter
2925 3652 3067 3709 quos
3104 3651 3267 3691 nemo
3306 3637 3430 3691 illos
3494 3648 3582 3688 rc-

293 3714 505 3767 tulerit.

293 3716 505 3768 tulerit.

369 3805 443 3858 A'.
492 3803 600 3859 Καὶ
650 3806 811 3861 εἰσιν
853 3808 1160 3878 εὐνοῦχοι,
1190 3810 1408 3876 οἵτινες
1445 3811 1566 3865 ὑπὸ
1626 3812 1747 3867 τῶν
1783 3814 1889 3871 dr-

292 3894 546 3963 ϐρὼπων
573 3898 1093 3968 εὐνουχίσθησαν,
1125 3902 1291 3972 φησιν
1329 3904 1357 3955 ὁ
1387 3903 1577 3974 Σωτήρ
1596 3920 1611 3935 ⁸
1646 3904 1738 3958 καὶ
1763 3903 1887 3959 οὐτε

290 3986 409 4041 ἀπὸ
443 3987 649 4043 τούτων
685 3990 827 4043 εἰσὶν
870 3992 920 4044 οι
973 3992 1384 4065 προειρημένοι.
1432 3988 1591 4049 Οὗτοι
1627 3995 1728 4066 μὲν
1777 3996 1886 4068 γὰρ

292 4081 598 4149 γεννῶνται
619 4099 631 4114 ·
654 4084 707 4136 oi.
743 4083 801 4136 δὲ
833 4084 938 4137 ὑπὸ
967 4083 1273 4157 ἀνθρώπων
1303 4086 1743 4157 εὐνουχισθέντες
1768 4088 1887 4141 ἓνε-

293 4191 397 4228 κεν
431 4176 680 4246 χρήσεως
706 4176 740 4245 ἢ
778 4175 1063 4249 βασιλικῆς
1095 4178 1128 4250 ἢ
1170 4179 1518 4250 ἀρχοντικῆς.
1564 4179 1887 4251 Βουλόμενοι

299 4267 421 4340 γάρ
442 4285 587 4333 τινες
615 4269 727 4323 τῶν
757 4269 1049 4342 βαρϐάρων
1095 4270 1358 4341 βασιλεῖς,
1385 4271 1419 4343 ἢ
1465 4274 1560 4326 καὶ
1609 4272 1883 4344 τύραννοι,

296 4358 635 4430 ζηλοτυπίας
666 4361 828 4433 χάριν
868 4363 963 4416 καὶ
997 4363 1253 4427 ὑπονοίας
1284 4364 1383 4435 τῆς
1414 4364 1549 4434 πρὸς
1576 4364 1675 4429 τὰς
1707 4381 1884 4436 γαμε-

2064 3811 2154 3867 ιν.
2198 3813 2269 3869 Et
2294 3825 2416 3870 sunt
2451 3822 2698 3878 eunuchi,
2729 3816 2807 3869 ait
2852 3813 3105 3869 Salvator
3129 3853 3144 3878 ,
3207 3815 3298 3885 qui
3327 3813 3393 3867 ab
3422 3815 3586 3869 homi-

1992 3906 2146 3961 nibus
2184 3908 2410 3962 eunuchi
2444 3908 2576 3977 facti
2614 3916 2763 3971 sunt,
2809 3923 2840 3963 α
2874 3908 3075 3978 quibus
3118 3907 3337 3977 priores
3377 3906 3582 3964 diversi

1993 4008 2143 4052 sunt.
2178 3995 2243 4050 lii
2277 3998 2427 4053 enim
2467 4014 2592 4053 cum
2625 3999 2727 4053 hac
2753 3999 2908 4053 clade
2940 4005 3281 4062 nascuntur;
3312 3980 3586 4066 posterio-

1992 4104 2081 4144 res
2109 4096 2289 4144 autetn
2339 4088 2407 4143 ad
2445 4092 2680 4160 aliquem
2726 4105 2913 4159 regum
2947 4097 3039 4142 aut
3071 4087 3380 4159 principum
3424 4104 3583 4143 usum

1995 4186 2243 4239 castrati.
2273 4183 2485 4255 Quippe
2520 4185 2740 4240 barbari
2773 4184 2996 4254 quidam
3029 4198 3205 4253 reges,
3237 4190 3332 4236 aut
3366 4186 3585 4254 tyranni

1994 4277 2263 4346 zelotypia
2315 4284 2482 4347 atque
2536 4277 2590 4331 in
2639 4292 2842 4332 uxores
2896 4289 3025 4331 sua:
3069 4275 3385 4345 suspicione
3433 4289 3589 4330 com-

1994 4367 2150 4428 moti,
2192 4367 2485 4422 admodum
2522 4383 2721 4438 pueros
2764 4376 3045 4433 exsecant,
3088 4381 3227 4435 quos
3261 4365 3356 4421 ubi
3402 4365 3588 4423 adole-

296 4428 404 4514 τάς
433 4450 532 4515 τὰς
560 4428 715 4516 ἰδίας,
742 4428 827 4505 ἔτι
858 4454 1057 4525 κομιδῇ
1094 4453 1253 4517 νέους
1284 4428 1411 4517 τούς
1445 4428 1883 4525 παῖδαςλαμθά·

1994 4459 2194 4525 verint,
2239 4460 2376 4524 suis,
2422 4467 2482 4515 ut
2523 4428 2735 4515 dictum
2781 4470 2887 4523 est,
2944 4428 3273 4529 coniugibus
3327 4458 3587 4514 custodes

294 4558 486 4608 νουσι,
529 4544 624 4597 καὶ
670 4544 1041 4616 εὐνουχίζουσι
1087 4547 1341 4613 τούτους,
1388 4548 1525 4618 πρὸς
1556 4547 1619 4601 τὸ
1663 4548 1889 4621 ἀνδρυν-

297 4631 496 4694 θέντας
530 4632 881 4687 πιστεύεσθαι
909 4634 1007 4698 τὰς
1035 4635 1171 4700 ἰδίας
1195 4635 1396 4700 αὐτῶν,
1422 4638 1496 4700 ὡς
1526 4636 1679 4706 ἔφην,
1715 4655 1889 4708 γαμε-

298 4723 422 4785 τάς.
457 4724 567 4777 Καὶ
599 4723 772 4789 οὕτως
800 4728 859 4780 ὲν
891 4725 968 4797 τῷ
1002 4726 1193 4798 κόσμῳ
1224 4728 1446 4797 γέγονεν
1476 4731 1509 4800 ἡ
1546 4729 1673 4800 περὶ
1700 4729 1887 4783 τούτου

298 4814 475 4869 αἰτία.
500 4814 664 4868 Ὅθεν
711 4816 853 4885 τάχα
891 4814 1044 4887 οἶμαι
1082 4820 1177 4873 καὶ
1209 4819 1569 4896 τὸεύνοῦχον
1608 4822 1892 4878 καλεῖσθαι

300 4906 416 4959 ἀπὸ
440 4905 534 4959 τοῦ
564 4905 768 4959 εὐνοεῖν
797 4906 1078 4973 δύνασθαι,
1100 4910 1519 4981 ἀφαιρουμένων
1550 4912 1660 4966 τῶν
1689 4914 1889 4983 μελῶν,

301 4996 404 5048 καὶ
440 4994 512 5066 μὴ
546 4995 960 5067 ὲπεντρίὸεσθαι
1002 4998 1146 5069 μίξει
1191 4999 1301 5052 τῶν
1341 5002 1630 5071 σωμάτιον,
1662 5003 1738 5068 ὡς
1781 5005 1893 5059 τῶν

302 5086 553 5156 ὀργάνων
592 5087 1002 5158 ἀφῃρημένους.
1046 5090 1241 5163 Ἑτέρα
1281 5091 1463 5146 τοίνυν
1493 5093 1632 5165 αὕτη
1672 5096 1706 5167 ὴ
1741 5096 1893 5162 τάξις

308 5180 376 5231 ὲκ
412 5177 597 5241 παιδὸς
623 5177 1035 5252 λαμϐανομένη,
1065 5181 1159 5235 καί
1192 5183 1611 5256 εὐνουχιζομένη
1652 5187 1758 5241 ὐπὸ
1784 5187 1895 5241 τῶν

304 5266 635 5339 ἀνθρώπων,
653 5270 774 5341 οὐχὶ
803 5270 891 5326 διὰ
912 5271 1010 5342 τὴν
1035 5271 1313 5342 βασιλείαν
1344 5274 1454 5328 τῶν
1483 5276 1748 5348 οὐρανῶν.

1998 4551 2316 4606 adhibeant.
2350 4553 2529 4622 Atque
2552 4552 2658 4606 hoc
2690 4551 2853 4605 modo
2884 4550 3214 4604 calamitatis
3242 4548 3388 4604 illius
3420 4562 3589 4603 causa

1997 4640 2138 4696 inter
2189 4641 2441 4698 homines
2485 4641 2703 4697 accidit.
2737 4641 2873 4697 Hinc
2908 4641 3163 4697 fortassis
3207 4648 3265 4694 et
3307 4640 3591 4694 eunucho-

1997 4747 2120 4786 rum
2166 4734 2459 4803 appellatio
2489 4734 2792 4799 derivatur,
2841 4750 2871 4788 a
2907 4734 3077 4789 verbo
3111 4732 3327 4788 scilicet
3352 4732 3587 4793 εὐνοεῖν,

1995 4823 2141 4894 quod
2193 4826 2491 4894 amputatis
2542 4826 2693 4879 hisce
2739 4825 2990 4894 corporis
3032 4822 3282 4893 partibus
3338 4819 3590 4876 benevoli

1993 4930 2118 4971 esse
2145 4916 2392 4984 possint,
2428 4932 2625 4985 neque,
2660 4922 2849 4984 utpote
2891 4913 3156 4969 membris
3181 4914 3292 4967 illis
3326 4910 3588 4977 mutilati,

1996 5006 2065 5061 ad
2135 5022 2431 5076 corporum
2476 5008 2821 5076 complexum
2876 5005 3193 5070 coitumque
3241 5004 3353 5058 sint
3403 5002 3585 5057 utiles.

1995 5094 2097 5150 Hic
2129 5095 2296 5165 igitur
2323 5096 2462 5150 alter
2486 5096 2868 5151 cunuchorum
2899 5095 3037 5150 ordo
3061 5102 3166 5156 cst,
3198 5093 3292 5162 qui
3328 5108 3357 5146 a
3388 5093 3587 5162 puerili

1995 5194 2155 5243 aetate
2202 5187 2482 5243 hominum
2539 5188 2685 5244 istud
2742 5204 2907 5243 manu
2970 5202 3079 5242 non
3137 5186 3382 5241 calcatis
3435 5185 3587 5256 regni

1997 5294 2165 5337 causa
2197 5281 2502 5351 patiuntur.

385 5427 402 5457 ¹
434 5423 673 5508 verbum
707 5425 840 5482 illud
868 5428 1139 5501 προέλαϐε
1178 5437 1494 5500 suspectum
1521 5430 1654 5486 mihi
1687 5439 1793 5486 est.
1873 5433 1883 5465 ¹

1990 5448 2051 5487 η’.
2094 5435 2437 5508 μεμνῆσθαι,
2496 5443 2555 5491 ut
2592 5444 2644 5492 et
2686 5441 2877 5507 postea
2925 5436 3251 5508 μέμνηνται.
3345 5436 3365 5467 ⁸
3391 5435 3583 5492 Matth.

310 5510 429 5561 xu,
464 5495 553 5550 12.

388 5605 464 5675 (4)
507 5609 679 5664 Ὅσοι
715 5609 782 5664 δὲ
813 5611 901 5677 εὶς
936 5609 1001 5661 τὸ
1029 5608 1375 5678 πρόχειρον-Α
1415 5603 1719 5678 Exscripsit
1749 5607 1897 5665 hunc

314 5676 606 5747 Epiphanii
666 5676 1236 5747 locum’Anastasius
1295 5676 1893 5747 cpiscopus—Nicmnus

320 5746 386 5814 ρ.
418 5746 669 5815 79,_tom.
700 5749 880 5806 lBibI.
906 5749 1016 5804 PP.
1047 5748 1136 5805 ubi
1169 5746 1357 5802 Matth.
1393 5747 1570 5803 locum
1605 5747 1757 5805 illum
1825 5763 1892 5803 ex

1999 5625 2140 5742 mil}
2156 5631 2251 5742 xttx
2284 5618 2647 5689 plurimorum
2675 5617 2901 5676 Patrum
2932 5619 3183 5679 collectis
3206 5620 3490 5678 sententiis
3519 5617 3586 5674 il-

2142 5702 2171 5741 a
2203 5725 2217 5740 .
