4046 6438
502 283 639 339 ιοις

1906 289 1963 345 s.
2004 273 2352 346 EPIPllANtI

3634 290 3752 345 ιοιι

573 400 834 473 Sequitur
859 401 1058 459 deinde
1086 421 1099 458 :
1135 401 1204 457 Et
1230 364 1353 459 sunt
1382 406 1608 461 eunuchi
1635 408 1725 479 qui
1768 410 1966 478 seipse:
1995 426 2087 464 ca-

2253 410 2367 473 Kal
2389 409 2531 474 εἰσί,
2571 411 2758 483 φησιν,
2798 407 3104 479 εὐνοῦχοι,
3141 407 3361 476 οἵτινες
3402 407 3748 478 εὐνούχισαν

500 504 802 550 straverunt
835 506 1049 565 propter
1093 513 1311 568 regnum
1331 500 1370 552 ί.
1407 496 1641 566 Quinam
1682 499 1757 555 illi
1791 515 1916 557 esse
1962 517 2092 573 pos-

503 595 659 651 sunt,
697 587 804 642 nisi
838 588 1042 659 egregii
1077 588 1154 644 illi
1186 590 1423 660 primum
1451 591 1714 660 apostoli,
1759 598 1877 647 tum
1901 608 2094 650 mona-

504 680 625 748 ι·ιιί,
691 696 757 735 ac
815 681 1009 750 reliqui
1069 682 1402 754 virginitatis
1452 684 1732 740 cultores!
1769 683 2094 755 Cuiusmodi

508 772 663 827 fuere
681 771 924 828 Joannes
954 782 1007 829 et
1032 771 1275 832 Iacobus
1305 774 1552 835 Zebedzci
1589 777 1682 831 ﬁlii
1714 796 1727 832 :
1759 777 1854 848 qui
1899 778 1953 832 in
1984 777 2095 832 vir-

507 863 735 936 ginitate
779 864 1161 935 persistentes,
1213 881 1277 921 ac
1315 882 1493 938 neque
1538 868 1784 924 membra
1827 885 1925 924 sua
1974 885 2097 941 pro-

509 957 647 1028 priis
703 965 1052 1026 amputantes
1101 958 1391 1023 manibus,
1445 976 1624 1031 neque
1647 960 1814 1033 492
1850 962 2094 1033 copulati

510 1048 740 1119 nuptiis,
775 1046 872 1105 sed
930 1049 1115 1104 animo
1156 1064 1222 1104 ac
1257 1058 1476 1120 pectore
1529 1052 1875 1119 dimicantes,
1920 1062 2104 1109 (ξενία-ι

513 1140 675 1196 minis
710 1140 860 1195 illius
899 1154 1160 1196 coronam
1207 1157 1273 1199 ac
1308 1143 1536 1210 gloriam
1585 1160 1802 1200 summa
1847 1161 1972 1201 cum
2001 1147 2098 1202 ad-

510 1230 804 1286 miratione
832 1237 1203 1301 reportarunt.
1241 1229 1555 1289 Secundum
1590 1250 1730 1305 quos
1754 1235 1967 1292 inﬁnita
2002 1236 2099 1293 ho-

511 1324 720 1380 minum
738 1323 933 1387 millia,
963 1340 1085 1395 qua:
1107 1326 1164 1379 in
1195 1324 1300 1381 hoc
1316 1327 1523 1382 mundo
1549 1330 1910 1384 monasticam
1931 1331 2098 1385 vitam

508 1415 761 1487 amplexa
808 1424 960 1481 sunt,
1005 1416 1061 1472 in
1101 1418 1454 1474 monasteriis
1498 1419 1884 1493 virginumque
1915 1437 2101 1478 cinno-

512 1506 621 1563 blis
659 1506 907 1577 ejusdem
953 1508 1278 1564 certaminis
1321 1509 1495 1566 decus
1542 1511 1737 1583 adepta
1771 1524 1920 1569 sunt.
1967 1514 2102 1581 Quae

514 1596 769 1655 videlicet
793 1599 1004 1658 nullam
1029 1616 1153 1656 cum
1181 1602 1506 1658 mulieribus
1532 1605 1988 1662 consuetudinem
2013 1605 2102 1661 ba-

514 1693 785 1759 buerunt,
806 1694 904 1750 sed
919 1694 1177 1751 omnibus
1196 1695 1314 1752 suis
1328 1699 1576 1753 numeris
1594 1700 1907 1755 absolutam
1930 1709 2103 1755 certa-

2195 503 2451 571 ἐαυτοὺς
2503 502 2602 557 διὰ
2646 500 2761 571 τὴν
2798 500 3150 566 βασιλείαν.
3192 501 3349 566 Τίνες
3392 500 3575 555 τοίνυν
3620 495 3757 554 εἶπεν

2194 588 2340 648 οὗτοι
2370 594 2485 649 ἀλλ’
2511 592 2544 666 ἢ
2583 594 2633 647 οἱ
2665 594 2905 662 γενναῖοι
2962 589 3274 656 ἀπόστολοι,
3306 590 3400 642 καὶ
3429 587 3757 659 μονάζοντες,

2196 687 2292 741 καὶ
2314 688 2361 741 οἱ
2383 685 2619 757 καθεξῆς
2641 682 2936 756 παρθένοι;
2975 682 3232 752 Ἰωάννης
3260 681 3358 752 μὲν
3384 682 3486 734 καὶ
3522 678 3761 743 Ἰάκωϐος

2198 780 2304 833 υἱοὶ
2340 778 2647 841 Ζεϐεδαίου,
2697 777 2978 849 μείναντες
3029 776 3088 828 ὲν
3134 772 3435 846 παρθενίᾳ,
3482 772 3619 843 μήτε
3666 781 3761 845 μην

2202 872 2357 936 ἰδίαις
2389 872 2546 944 χερσὶ
2575 869 2645 924 τά
2681 869 2818 940 μέλη
2863 867 3264 937 ἀποτεμόντες,
3300 866 3440 937 μήτε
3483 863 3762 933 συναφθέν-

2197 978 2290 1025 τες
2328 961 2515 1032 γάμῳ,
2546 960 2682 1015 ἀλλὰ
2722 962 2790 1032 τῇ
2833 959 2939 1031 ἰδίᾳ
2991 958 3190 1031 καρδίᾳ
3231 957 3654 1028 ἀγωνισάμενοι.
3681 956 3765 1010 καὶ

2200 1051 2515 1122 θαυμασίως
2543 1050 2604 1103 τὸ
2636 1049 2792 1113 κλέος
2810 1048 2906 1102 τοῦ
2932 1048 3202 1118 στεφάνου
3227 1047 3417 1102 τούτου
3444 1045 3541 1099 τοῦ
3572 1044 3766 1115 ἀγῶνος

2200 1143 2637 1214 ἀπενεγκάμενοι
2657 1160 2669 1171 ·
2718 1142 2836 1213 μετ’
2871 1140 3070 1205 αὐτοὺς
3095 1140 3153 1194 δὲ
3181 1140 3307 1194 ὅσαι
3337 1138 3594 1212 μυριάδες
3614 1139 3670 1191 ἐν
3697 1135 3765 1204 τῷ

2201 1236 2393 1307 κόσμῳ
2430 1235 2774 1307 μονάζοντες,
2806 1234 2902 1289 καὶ
2943 1233 3053 1287 ἀπὸ
3084 1231 3486 1303 μοναστηρὶων,
3522 1229 3616 1284 καὶ
3644 1245 3766 1299 παρ-

2202 1329 2371 1383 θένων
2402 1327 2553 1381 τουτὶ
2581 1326 2675 1387 τοῦ
2720 1327 2931 1396 ἀγῶνος
2960 1326 3024 1379 τδ
3067 1324 3224 1388 κλέος
3265 1323 3665 1395 ἀπηνέγκαντο,
3697 1320 3768 1372 οἶ-

2200 1436 2348 1483 τινες
2381 1417 2595 1490 σώμασι
2622 1417 2898 1486 γυναικῶν
2929 1418 3032 1476 οὐκ
3054 1416 3350 1488 ὲμίγησαν,
3375 1412 3517 1468 ἀλλά
3547 1411 3768 1482 ἧθλησαν

2205 1513 2262 1565 ὲν
2292 1511 2466 1580 ἀγῶνι
2494 1510 2818 1580 τελειοτάτῳ
2837 1552 2851 1575 ,
2884 1510 2961 1573 ὡς
2990 1509 3083 1563 καὶ
3116 1506 3305 1571 Ἠλίας
3337 1506 3399 1559 ὲν
3423 1504 3636 1573 Παλαιᾷ
3663 1506 3773 1556 Διαο

2205 1601 2346 1674 θήκῃ
2375 1601 2712 1674 εὑρίσκεται,
2752 1602 2848 1655 καὶ
2893 1600 3106 1665 Παῦλος
3139 1599 3345 1669 λέγων·
3382 1597 3549 1667 Δέτω
3576 1595 3642 1651 δὲ
3662 1595 3772 1661 τοῖς

2205 1693 2474 1764 ἀγάμοις,
2508 1692 2600 1747 ὅτι
2641 1693 2835 1748 καλὸν
2861 1692 3085 1760 αὐτοῖς,
3119 1691 3231 1746 ἐὰν
3268 1692 3564 1762 μείνωσιν
3606 1682 3774 1755 οῡίως

517 1801 640 1842 men
667 1786 944 1843 obierunt.
977 1786 1204 1853 Qualem
1241 1790 1299 1845 in
1318 1788 1517 1846 Vetere
1541 1789 1895 1848 Testamento
1927 1793 2100 1848 Eliam

2310 1762 2491 1855 κάγώ.
2516 1787 2587 1839 Et
2617 1784 2688 1839 δὲ
2717 1788 2828 1841 οὐκ
2858 1785 3342 1855 ἐγκρατεύονται,
3392 1783 3770 1853 γαμείτωσαν.

517 1877 691 1934 fuisse
713 1880 966 1953 legimus,
996 1896 1061 1938 ac
1093 1882 1353 1955 deinceps
1380 1882 1633 1950 Paulum,
1668 1886 1760 1956 qui
1778 1885 1916 1941 dixit
1937 1904 1951 1941 :
1971 1885 2102 1940 Dico

516 1978 697 2024 autem
720 1988 824 2026 non
865 1973 1069 2042 nuptis,
1101 1975 1354 2046 quoniam
1380 1974 1574 2030 bonum
1613 1986 1694 2031 est
1731 1978 1886 2046 ipsis.
1918 1978 1967 2033 si
1989 1995 2104 2032 ma-

517 2072 678 2117 neant
711 2063 848 2117 sicut
875 2080 1000 2136 ego;
1057 2067 1105 2120 si
1133 2075 1310 2120 autem
1359 2082 1463 2121 non
1501 2068 1791 2135 continent,
1835 2067 2033 2124 nubant
2059 2071 2100 2122 ¹.

517 2151 806 2218 Quomodo
847 2154 1014 2224 igitur
1043 2154 1160 2224 ipse
1189 2156 1529 2226 permansit?
1569 2156 1628 2210 Si
1666 2157 1812 2211 enim
1848 2164 2106 2213 exsertus

517 2253 624 2305 cst.
673 2256 726 2301 et
772 2245 843 2300 ad
889 2246 1037 2302 illius
1079 2249 1388 2319 exemplum
1436 2249 1835 2305 accommodati
1887 2263 2103 2304 manse-

519 2344 671 2401 runt,
706 2337 805 2409 qui
833 2338 883 2394 ei
919 2339 1128 2394 similes
1154 2349 1362 2407 essent,
1403 2350 1461 2395 ut
1485 2356 1606 2396 eam
1634 2341 1851 2398 consilii
1887 2349 2101 2412 partem

518 2429 829 2498 implerent,
881 2430 1020 2485 sicut
1077 2447 1171 2502 ego
1205 2432 1434 2488 :lierine
1477 2434 1680 2504 potuit,
1735 2441 1796 2490 ut
1848 2445 2103 2490 exsectus

2208 1880 2332 1944 Πῶς
2361 1875 2454 1934 οὖν
2492 1879 2655 1941 αὐτὸς
2693 1878 2908 1951 ἔμεινεν
2928 1896 2945 1945 ;
2969 1879 3035 1933 Ei
3073 1878 3172 1951 μὲν
3200 1877 3310 1950 γὰρ
3340 1873 3773 1946 ἀποτετμημένος

2203 1967 2291 2043 ἦν,
2326 1972 2421 2025 καὶ
2459 1971 2578 2025 κατ’
2614 1971 2778 2025 αὐτὸν
2810 1970 3041 2042 ἔμειναν
3087 1969 3274 2038 όμοιού
3283 1986 3439 2040 μενοι
3480 1967 3659 2038 αὐτῷ,
3700 1966 3773 2018 ἵνα

2208 2062 2540 2136 πληρώσωσι
2589 2063 2670 2126 τὸ,
2717 2063 2799 2129 ὡς
2831 2062 3021 2132 κάγώ·
3062 2062 3179 2128 πῶς
3211 2060 3663 2133 ἀποτετμημένος
3701 2074 3775 2121 τις

2208 2157 2432 2211 ἐδύνατο
2483 2158 2698 2228 γῆμαι,
2741 2158 2791 2209 εί
2837 2156 3035 2227 μηκέτι
3085 2152 3507 2227 ὲνεκρατεύετος
3558 2153 3663 2205 Kal
3695 2150 3773 2212 τὸ.

2210 2250 2608 2319 γαμείτωσαν,
2632 2247 2731 2301 καὶ
2758 2247 2840 2317 μὴ
2872 2248 3337 2319 πιθρούσθωσαν.
3366 2246 3529 2316 ὁρᾷς,
3559 2246 3638 2298 ὅτι
3666 2243 3775 2313 περὶ

2210 2340 2540 2413 ἐγκρατείας
2594 2339 2815 2410 φάσκει,
2857 2338 2950 2394 καὶ
3000 2339 3123 2410 οὑχὶ
3159 2336 3288 2410 περὶ
3340 2334 3525 2407 μελῶν
3566 2334 3773 2402 ἀφαιρέ-

2213 2451 2350 2499 σεως
2370 2449 2385 2499 ;

520 2521 815 2592 quispiam,
887 2522 996 2578 nisi
1048 2524 1447 2581 continentiam
1496 2542 1719 2583 servare
1778 2536 1986 2598 posset,
2031 2542 2257 2583 uxorem
2313 2527 2577 2583 duceret?
2633 2525 2769 2581 lllud
2820 2540 2971 2592 vero,
3044 2542 3236 2582 uxores
3301 2526 3538 2595 ducant,
3586 2537 3632 2582 et
3680 2542 3770 2581 non

525 2621 753 2667 urantur
779 2614 822 2681 ³,
873 2632 1063 2672 nonne
1101 2616 1167 2672 ad
1202 2619 1596 2674 continentiam
1649 2621 1946 2690 pertinere,
2003 2634 2113 2675 non
2139 2619 2208 2675 ad
2237 2620 2607 2674 membrorum
2646 2618 3043 2673 mutilationem
3072 2615 3510 2671 animadvertis?

593 2705 751 2775 Quod
809 2708 855 2763 si
899 2716 1125 2779 propter
1185 2725 1417 2780 regnum
1462 2713 1730 2767 caelorum
1785 2714 2114 2784 semetipsos

525 2805 796 2853 castrasse
844 2813 904 2855 se
932 2799 1193 2866 dixerint,
1219 2803 1314 2873 qui
1346 2802 1568 2860 tandem
1599 2805 1670 2860 ab
1702 2806 1792 2860 illa
1842 2806 2112 2860 sententia

527 2904 819 2947 secernere
854 2907 975 2948 sese
1008 2902 1263 2963 possunt,
1314 2910 1440 2966 quae
1473 2898 1771 2953 nonnullos
1810 2914 1935 2954 esse
1958 2899 2109 2961 dicit.

524 2984 620 3053 qui
666 2985 1093 3045 abbominibus
1140 2988 1383 3044 eunuchi
1414 2987 1541 3044 iacti
1584 2990 1753 3045 sunt?
1784 2990 1922 3045 Cum
1962 2991 2110 3046 enim

2286 2711 2350 2765 Ei
2379 2712 2438 2766 δὲ
2476 2712 2779 2782 φάσκουσιν
2803 2705 2950 2765 οὗτοι
2991 2710 3080 2764 διὰ
3108 2710 3207 2781 τὴν
3248 2706 3533 2779 βασιλείαν
3570 2707 3671 2758 τῶν
3698 2705 3773 2758 οὐ·

2216 2804 2394 2874 ρανῶν
2436 2805 2665 2868 ἑαυτοὺς
2698 2804 3096 2875 εὐνουχικέναι,
3134 2802 3249 2867 πῶς
3292 2801 3529 2863 ἑαυτοὺς
3566 2797 3775 2853 ἀπαλλο-

2211 2894 2504 2968 τριῴσουσι
2551 2895 2647 2949 τοῦ
2692 2895 2986 2969 εἰρημένου
3033 2896 3315 2967 ῥήματος,
3348 2894 3436 2947 ὅτι
3476 2892 3580 2946 είσί
3619 2906 3771 2953 τινες.

2210 2988 2408 3051 οἵτινες
2451 2987 2877 3059 εὐνουχίσθησαν
2915 2988 3021 3042 ὑπὸ
3058 2987 3167 3040 τῶν
3212 2986 3557 3059 ἀνθρώπωνς
3590 2984 3651 3037 El
3684 2981 3776 3052 γὰρ

526 3091 649 3133 sese
670 3077 868 3148 aliquis
890 3080 1010 3136 suis
1043 3080 1300 3135 manibus
1324 3088 1568 3147 exsecat,
1597 3082 1766 3137 homo
1791 3083 1979 3153 utique
2003 3093 2109 3147 est,

2215 3078 2377 3142 αὐτὸς
2398 3078 2557 3141 ίδίαις
2579 3078 2766 3149 χερσὶν
2791 3077 2984 3130 ἑαυτὸν
3006 3075 3326 3147 εὐνουχίζει,
3349 3074 3637 3147 ἄνθρωπός
3656 3073 3774 3130 ἔστι.

527 3167 760 3240 ejusque
782 3170 1038 3251 mnibus
1070 3172 1364 3228 scelestum
1392 3172 1527 3227 illud
1560 3172 1776 3229 facinus
1809 3172 2112 3227 admissum

2221 3171 2315 3226 καὶ
2362 3171 2419 3223 αί
2448 3173 2628 3241 χεῖρες
2670 3168 2835 3224 αὐτοῦ
2877 3169 2941 3222 τὸ
2973 3168 3231 3240 ἀθέμιτον
3263 3167 3430 3221 τοῦτο
3457 3166 3774 3237 είργάσαντο.

528 3268 633 3316 cst.
674 3262 770 3316 Sin
823 3263 915 3318 ille
957 3263 1166 3317 cladem
1214 3265 1377 3319 istam
1413 3280 1511 3321 sua
1555 3266 1658 3320 sibi
1700 3281 1865 3320 manu
1900 3263 2117 3320 consci-

530 3369 684 3410 scere
711 3370 825 3411 non
851 3363 1054 3427 potest,
1089 3356 1185 3413 sed
1214 3358 1282 3413 ab
1316 3358 1439 3414 aliis
1468 3367 1746 3415 castratus
1776 3359 1961 3425 fuerit,
2006 3373 2117 3412 non

530 3448 641 3514 iam
678 3447 817 3502 illud
858 3449 1103 3504 emlestis
1140 3451 1296 3520 regni
1345 3465 1515 3507 causa
1542 3452 1804 3522 patietur,
1835 3465 1902 3505 eo
1943 3449 2113 3520 quod,

532 3539 648 3593 sive
672 3553 771 3608 per
796 3554 876 3603 se,
911 3541 1026 3595 sive
1060 3542 1295 3596 aliorum
1326 3558 1493 3613 opera
1521 3543 1627 3598 sibi
1663 3542 1810 3597 istud
1841 3543 2115 3607 intulerit,

532 3623 600 3680 ab
661 3623 974 3683 hominibus
1028 3631 1317 3687 eunuchus
1360 3641 1445 3688 est
1506 3633 1704 3688 factus.
1750 3632 2117 3699 Quamobrem

532 3731 754 3773 coronae
808 3734 905 3789 spe
949 3736 1013 3775 ac
1067 3724 1277 3793 praemii
1313 3725 1417 3781 iste
1450 3741 1680 3797 prorsus
1732 3728 1968 3793 excidet,
1991 3743 2117 3783 cum

536 3809 744 3865 nullam
785 3811 1020 3881 amplius
1066 3816 1296 3884 gratiam
1327 3827 1625 3879 mereatur.
1670 3819 1818 3889 quod
1864 3818 1935 3872 ab
1973 3819 2122 3888 ejus-

537 3900 686 3959 modi
715 3902 1015 3975 voluptatis
1059 3922 1164 3961 usu
1198 3915 1498 3978 temperet;
1542 3910 1636 3965 sed
1673 3909 1798 3966 ideo
1830 3909 1964 3964 illud
2011 3924 2120 3964 non

537 3994 740 4064 possit,
764 3994 914 4065 quod
948 4000 1287 4056 necessariis
1314 4000 1381 4055 ad
1427 4017 1546 4057 eam
1579 4001 1915 4059 iunctionem
1945 4017 2122 4058 mem-

537 4083 655 4140 bris
685 4084 759 4141 sit
779 4077 1103 4144 destitutus.
1135 4087 1408 4156 Quocirca
1437 4107 1539 4163 par
1566 4090 1821 4163 idemque
1851 4092 1921 4147 de
1949 4107 2017 4148 eo
2039 4091 2124 4161 iu.-

538 4175 748 4232 dieium
795 4187 903 4244 est,
931 4195 997 4235 ac
1014 4181 1083 4237 de
1113 4181 1228 4247 illo,
1265 4183 1357 4250 qui
1404 4184 1627 4255 aliquod
1665 4186 1916 4255 corporis
1953 4200 2124 4240 mem-

538 4271 700 4326 brum
728 4271 970 4339 violarit,
1004 4283 1100 4329 aut
1127 4274 1362 4330 alienam
1390 4277 1557 4332 vitem
1595 4278 1912 4334 succiderit.
1939 4277 2128 4349 Neque

538 4363 687 4419 enim
713 4364 957 4421 divinam
993 4365 1061 4421 ad
1090 4367 1428 4423 voluntatem
1456 4369 1672 4425 vivendi
1716 4371 1989 4425 rationem
2037 4371 2127 4425 in-

2218 3264 2285 3319 Ei
2312 3263 2371 3316 δὲ
2403 3261 2567 3326 αὐτὸς
2590 3261 2767 3333 ἑαυτῷ
2790 3261 2942 3315 οὐδὲν
2973 3259 3194 3314 δύναται
3228 3257 3464 3330 πρᾶξαι,
3501 3256 3604 3311 ὑπο
3626 3254 3779 3310 ἄλλων

2218 3357 2272 3410 δὲ
2299 3354 2640 3427 εὐνουχισθῇ.
2670 3355 2855 3408 οὐκέτι
2887 3352 3045 3407 ἔσται
3079 3351 3170 3406 διά
3222 3351 3505 3423 βασιλείαν
3541 3345 3778 3421 οὐρανῶν,

2219 3448 2356 3502 διότι
2397 3448 2505 3501 ὑπὸ
2536 3444 2843 3518 ἀνθρώπων
2870 3443 3189 3516 εὐνουχίσθη
3222 3445 3342 3515 ἦτοι
3370 3443 3445 3496 δι’
3470 3441 3648 3499 αὑτοῦ.
3680 3438 3780 3509 ἢτοι

2220 3538 2310 3593 διὰ
2340 3538 2451 3591 τῶν
2496 3534 2658 3590 τοῦτο
2706 3536 3105 3607 πεποιηκότων.
3155 3536 3411 3588 Πεσεϊται
3465 3533 3523 3588 δὲ
3566 3530 3655 3585 καὶ
3689 3527 3781 3581 ἀπὸ

2218 3631 2313 3685 τοῦ
2355 3630 2650 3700 στεφάνου,
2687 3630 2783 3682 καὶ
2818 3628 2923 3683 ἀπὸ
2963 3628 3060 3683 τοῦ
3097 3626 3374 3700 βραϐείου,
3427 3625 3608 3680 οὐκέτι
3644 3622 3780 3694 χάριν

2221 3724 2361 3797 ἔχων
2399 3723 2489 3778 διὰ
2537 3723 2639 3796 τὴν
2672 3722 2886 3794 ἀποχὴν
2925 3722 3027 3793 τῆς
3071 3719 3329 3791 τοιαύτης
3362 3720 3633 3790 χρήσεως,
3665 3710 3782 3768 ἀλλὰ

2221 3818 2310 3872 διὰ
2351 3817 2414 3872 τὸ
2449 3816 2525 3889 μὴ
2571 3816 2828 3870 δύνασθαι
2875 3813 3113 3886 χρῆσθαι
3154 3813 3531 3886 ἀφῃρημένων
3565 3810 3669 3863 τῶν
3699 3808 3781 3878 τῆς

2221 3911 2483 3979 τοιαύτης
2521 3910 2833 3974 ὑποθέσεως
2863 3908 3061 3980 μελῶν.
3097 3908 3197 3962 Ἓν
3229 3907 3287 3960 δὲ
3315 3907 3412 3961 καὶ
3444 3906 3506 3960 τὺ
3531 3903 3658 3959 αὐτὸ
3682 3918 3783 3973 κρι-

2222 4000 2481 4073 θήσεται,
2525 4000 2602 4065 ὼς
2641 4001 2670 4053 ὀ
2709 3999 3107 4071 λυμαινόμενος
3139 3997 3335 4051 ἑαυτοῦ
3378 3996 3445 4051 τὸ
3494 3995 3666 4068 μέλος,
3708 3990 3785 4045 καὶ

2222 4094 2299 4158 ὡς
2348 4096 2376 4148 ὁ
2434 4096 2648 4165 τέμνων
2706 4093 2987 4165 ἀλλότριον
3035 4091 3355 4163 ἀμπελῶνα.
3387 4092 3466 4145 Οὐ
3509 4088 3617 4160 γὰρ
3665 4082 3785 4140 κατὰ

2223 4186 2358 4240 Θεὸν
2392 4185 2801 4250 ἐπολιτεύσατο,
2838 4186 2977 4241 ἀλλά
3021 4185 3164 4241 κατά
3198 4183 3498 4255 ἐπιϐουλὴν
3533 4180 3610 4253 τῷ
3644 4179 3784 4250 δημι-

2224 4279 2409 4351 ουργῷ
2446 4279 2640 4351 Κυρίῳ
2681 4278 2801 4350 Θεῷ
2840 4279 3073 4349 ἀντέστη
3118 4276 3379 4340 τοιοῦτος.
3436 4268 3783 4343 Ἐπιθυμίᾳδὲ

2227 4374 2593 4446 περισσοτέρᾳ
2621 4375 2651 4427 ὁ
2680 4372 2920 4436 τοιοῦτος
2965 4372 3332 4442 ἐνεχθήσεται.
3365 4371 3479 4423 Kal
3519 4368 3625 4440 γάρ
3655 4366 3681 4418 ὁ
3708 4361 3783 4416 εὑ-

539 4456 749 4523 stituit,
778 4458 874 4515 sed
907 4458 1093 4529 opiﬁci
1122 4475 1227 4516 suo
1255 4459 1591 4533 Dominoque
1626 4462 1735 4518 Deo
1760 4462 2001 4533 maligne
2031 4479 2112 4521 re-

2227 4465 2417 4537 νοῦχος
2452 4467 2637 4538 ᾅδεται
2677 4467 2830 4537 παρά
2868 4464 2946 4536 τῷ
2993 4463 3151 4535 Σοφῷ
3179 4464 3281 4517 οὐκ
3332 4464 3670 4532 ἀπεχόμενος
3704 4454 3785 4523 τῆς

540 4546 824 4616 pugnavit.
877 4547 1194 4614 Quinetiam
1230 4550 1627 4608 vehementiori
1674 4553 1977 4624 cupiditate
2029 4555 2129 4611 ﬁa-

539 4636 740 4704 grabit.
781 4637 999 4694 Etenim
1040 4640 1234 4711 spado,
1268 4656 1376 4695 non
1413 4657 1443 4695 a
1483 4657 1583 4698 sua
1623 4644 1927 4714 cupiditate
1959 4647 2132 4702 absti-

543 4744 699 4793 nere,
757 4729 852 4786 sed
906 4745 1025 4785 eam
1074 4731 1339 4802 perﬁcere
1392 4749 1503 4788 non
1552 4748 1739 4805 posse,
1791 4750 1822 4789 a
1870 4734 2130 4807 Sapiente

543 4821 754 4876 dicitur
782 4840 798 4875 :
829 4820 1267 4892 Cancupiscentia
1293 4824 1567 4893 spadonis,
1598 4825 1799 4895 inquit,
1825 4826 2129 4899 devirgina-

547 4915 620 4967 bit
637 4915 978 4985 juvenculam
1000 4913 1043 4968 ⁸.
1089 4913 1513 4988 Proindeque,o
1557 4919 1844 4974 stultitiam
1887 4920 2131 4978 incredi-

547 5008 733 5071 bilem,
772 5007 925 5062 varie
955 5008 1011 5062 in
1042 5007 1147 5063 hoc
1179 5009 1314 5065 orbe
1338 5010 1608 5066 terrarum
1639 5013 2049 5082 excogitatam!

615 5099 779 5173 493
816 5100 998 5172 Atque
1029 5100 1145 5156 haec
1175 5109 1325 5168 sunt,
1356 5119 1479 5173 qua:
1507 5104 1575 5159 de
1605 5105 1711 5160 hoc
1747 5104 2131 5162 haereticorum

551 5207 746 5258 genere
777 5194 1067 5264 explorare
1121 5193 1421 5263 potuimus.
1482 5196 1558 5251 De
1597 5198 1823 5271 quibus.
1856 5212 1981 5252 eum
2011 5200 2135 5254 bre-

555 5286 687 5341 viter
718 5285 1044 5355 dixerimus,
1080 5286 1413 5357 eosdemque
1434 5304 1559 5345 esse
1588 5290 1958 5361 suspicemur,
1988 5307 2128 5362 quos

554 5383 707 5432 :ullca
735 5378 1309 5444 commemoravimus,
1347 5381 1554 5436 relictis
1612 5396 1675 5434 ac
1734 5396 1858 5436 cum
1889 5382 2130 5438 ludibrio

556 5467 773 5539 rejectis
805 5469 914 5523 illis
940 5472 1030 5541 qui
1062 5473 1370 5545 scorpionis
1406 5474 1581 5529 instar
1621 5474 1789 5529 biﬁdo
1818 5474 2010 5530 aculeo
2045 5489 2133 5529 ar—

2227 4557 2547 4628 ἐπιθυμίας.
2577 4557 2713 4611 ἀλλὰ
2750 4556 2825 4628 μὴ
2861 4557 3159 4628 δυνάμενος
3204 4556 3305 4626 τὴν
3355 4553 3650 4623 ἐπιθυμίαν
3687 4551 3786 4600 ἐπι-

2225 4651 2469 4714 τελέσαι,
2519 4650 2596 4715 ὡς
2632 4650 2812 4719 λέγει·
2849 4648 3167 4719 Ἐπιθυμία
3193 4650 3496 4717 εὐνούχου
3541 4646 3783 4708 ἀποπαρ-

2229 4743 2502 4797 θενεύσει
2532 4741 2798 4796 νεάνιδα.
2820 4742 2930 4796 Kal
2954 4744 3019 4794 ὲκ
3052 4740 3388 4811 πανταχόθεν
3416 4739 3462 4792 ὣ
3481 4737 3584 4809 τῆς
3610 4729 3786 4799 πολλῆς

2233 4835 2595 4907 ματαιότητος
2635 4836 2737 4909 τῆς
2754 4840 2840 4915 ῢέν
2874 4836 2952 4907 τῷ
2997 4837 3190 4913 κόσμῳ
3241 4834 3599 4907 πολυτρόπως
3630 4832 3786 4883 ἐπινε-

2230 4947 2325 5001 νοη
2335 4930 2501 5001 μένης
2518 4930 2531 4983 !

2305 5112 2416 5164 Kal
2456 5108 2623 5165 ταῦτὰ
2666 5110 2813 5163 ἔστιν
2841 5107 2876 5162 ἃ
2916 5106 3044 5179 περὶ
3083 5105 3291 5160 τούτων
3321 5104 3590 5173 ἔγνωμεν.
3631 5094 3716 5151 Διὸ
3738 5094 3784 5147 ἐν

2236 5203 2486 5274 συντόμῳ
2515 5203 2645 5276 περὶ
2678 5200 2860 5255 αὐτῶν
2896 5200 3199 5273 εἰρηκότες,
3239 5197 3360 5261 καὶ,
3391 5194 3465 5258 ὡς
3498 5192 3650 5263 ἔφην,
3674 5190 3776 5242 ὑπ’)

2236 5292 2529 5363 νοήσαντες
2576 5288 2715 5346 εἶναι
2750 5290 2975 5353 τούτους
2998 5290 3127 5352 τοὺς
3166 5283 3612 5359 προειρημένους,
3643 5293 3778 5331 κατα-

2238 5383 2487 5449 λιπόντες
2532 5385 2656 5449 τοὺς
2689 5385 2920 5448 αὐτοὺς,
2967 5383 3060 5436 καὶ
3106 5379 3575 5448 καταγελάσαντες
3623 5371 3784 5434 t"vim?

2242 5476 2502 5546 σκορπίου
2544 5476 2845 5547 δικέντρου,
2876 5475 2989 5537 τοῖς
3031 5472 3128 5544 μὲν
3179 5469 3372 5542 τέρασι
3395 5467 3468 5539 (5)
3500 5464 3589 5522 καὶ
3620 5456 3787 5532 χηλαῑὶ

628 5626 640 5662 ι
683 5624 872 5677 \Eattii.
903 5641 1014 5690 xix,
1049 5628 1131 5680 15.
1213 5634 1231 5662 ²
1263 5629 1279 5682 l
1309 5631 1436 5685 Cor.
1468 5645 1564 5697 vn,
1589 5629 1641 5686 8.
1721 5633 1741 5661 ³
1765 5629 1900 5688 ibid.
1936 5632 1986 5685 9.
2068 5633 2087 5662 "

2214 5633 2297 5685 ['li.
2338 5650 2423 5686 xx.
2463 5636 2513 5687 9.

624 5740 701 5813 (‘3)
744 5736 873 5807 Leg.
909 5734 1104 5805 πέρατι
1167 5739 1321 5797 Euri.
