4046 6436
397 371 522 427 1621

1111 364 1482 422 ADVERSUS
1521 367 1869 423 HJERESES
1907 364 2035 423 LIB.
2074 366 2136 421 li.
2180 366 2343 424 T031.
2381 368 2493 427 l.—
2539 367 2813 422 HA'ZRES.
2860 368 2996 423 LIX.

3548 372 3681 425 ΜΠ

398 478 688 543 ἀπολέσας,
718 478 997 544 ἀδυνάτως
1031 480 1145 552 ἔχει
1181 483 1388 554 ταύτην
1439 486 1746 556 κτήσασθαι
1799 502 1988 555 σωμα-

2097 485 2463 553 virginitatem
2499 486 2705 550 amisit,
2766 486 2913 554 quiud
2967 483 3037 539 ad
3077 500 3280 554 corpus
3337 486 3551 545 attinet,
3592 503 3682 540 re—

395 568 596 635 τικῶς,
642 570 715 641 μὴ
749 571 1108 644 ἐνδεχομένης
1154 575 1255 645 τῆς
1292 575 1532 645 φύσεως·
1566 576 1709 629 οὕτω
1754 578 1849 629 καὶ
1880 576 1989 629 ἀπὸ

396 662 490 714 τοῦ
543 660 775 732 λουτροῦ
820 665 879 716 ὲν
922 666 1180 734 μεγάλοις
1225 671 1338 721 τισὶ
1385 668 1798 740 παραπτώμασι
1837 685 1991 738 περι-

397 753 603 820 πεσὼν,
656 756 751 808 καὶ
797 755 989 827 ὥσπερ
1040 760 1069 810 6
1107 759 1216 811 ἀπὸ
1266 760 1566 829 παρθενίας
1615 759 1991 831 παραπεσὼν,

394 845 650 916 δευτέραν
676 844 840 916 τιμὴν
872 846 972 916 τὴν
1003 848 1329 918 ἐγκράτειαν
1366 848 1477 918 ἔχει
1498 865 1510 877 ·
1552 848 1695 901 οὕτω
1734 849 1828 901 καὶ
1864 850 1943 910 εἰς
1970 848 1987 878 ¹

393 937 457 990 τὸ
490 937 718 1011 λουτρὸν
745 940 774 991 6
794 939 851 992 ὲν
887 934 1299 1011 παραπτώματι
1333 942 1540 1010 μείζονι
1567 940 1854 1012 γενόμενος
1877 941 1988 1009 ἔχει

394 1027 656 1097 δευτέραν
688 1028 853 1094 ἴασιν,
885 1029 947 1081 οὐ
972 1030 1229 1099 τοιαύτην
1265 1033 1518 1100 ἐνάρετον
1547 1030 1686 1084 κατὰ
1716 1031 1814 1100 τὴν
1842 1029 1988 1102 πρώ-

393 1133 517 1186 την,
541 1117 642 1170 οὐκ
677 1116 1135 1191 ἀποϐεϐλημένην
1168 1120 1224 1173 δὲ
1252 1120 1401 1190 ζωῆς
1431 1122 1544 1192 ἔχει
1586 1121 1683 1193 τὴν
1707 1122 1986 1192 δευτέραν,

392 1207 463 1280 ἢν
504 1204 791 1280 κέκτηται.
828 1213 940 1265 Οὐκ
994 1211 1178 1266 ἀθετεῖ
1213 1213 1391 1267 τοίνυν
1440 1217 1468 1267 ό
1512 1213 1653 1278 θεῖος
1706 1214 1862 1284 λόγος
1897 1214 1989 1267 τὸν

396 1299 593 1369 μισθὸν
620 1300 729 1353 τῶν
759 1302 817 1353 ὲν
855 1301 1121 1372 μετανοίᾳ
1148 1304 1488 1373 καμνόντων.

466 1561 542 1614 Γ’.
574 1559 803 1614 Ἔπειτα
823 1561 878 1614 δὲ
896 1562 1050 1615 αὐτοὶ
1081 1562 1242 1616 πάλιν
1276 1564 1382 1618 ἀπὸ
1404 1564 1592 1619 τούτου
1616 1567 1988 1637 προπηδήσαν-

389 1653 615 1717 τες,καὶ
652 1652 787 1705 ἄλλα
829 1653 950 1705 τινὰ
983 1653 1302 1724 ὲιρεύραντο.
1329 1656 1439 1709 Καὶ
1456 1656 1565 1728 γὰρ
1583 1657 1736 1709 αὐτοὶ
1763 1658 1862 1727 τὴν
1893 1660 1990 1712 αὑ-

388 1745 515 1817 τὴν,
530 1745 596 1816 ἣν
617 1745 709 1798 καὶ
731 1746 891 1816 ἡμεῖς
909 1748 1242 1817 κεκτήμεθα,
1261 1747 1441 1801 πίστιν
1458 1748 1700 1819 λέγουσιν
1714 1749 1877 1821 ἔχειν.
1897 1746 1991 1804 05-

389 1855 479 1891 τοι
510 1837 568 1891 δὲ
593 1838 653 1889 οὐ
689 1837 968 1907 βούλονται
993 1839 1272 1910 διδαγμοῖς
1297 1842 1318 1871 ²
1361 1840 1471 1910 (12)
1495 1843 1883 1896 ἐπικοινωνεῖν.
1922 1841 1984 1895 Ei
2020 1831 2061 1888 ἢ

387 1928 505 1998 γάρ
529 1944 612 1990 τις
648 1927 785 1998 μετά
819 1929 878 1982 τὸ
926 1928 1212 2001 βάπτισμα
1262 1930 1560 2002 συναφθείη
1609 1934 1829 2001 γυναικὶ
1862 1933 1983 1985 δευ-

390 2022 550 2091 τέρᾳ,
600 2020 750 2092 παρὰ
794 2020 1003 2086 τούτοις
1048 2022 1147 2075 οὐκ
1201 2022 1606 2094 εἰσδεχθήσεται
1657 2025 1759 2089 ἔτι,
1797 2026 1890 2079 καὶ
1928 2026 1987 2079 τὸ

393 2115 505 2166 πᾶν
536 2115 681 2168 ἐστιν
711 2114 935 2185 ἠλίθιον.
986 2116 1072 2180 Ὠς
1104 2117 1213 2187 γὰρ
1250 2119 1302 2171 εἴ
1330 2135 1412 2180 τις
1455 2094 1715 2190 θεάσηταί
1737 2136 1857 2172 τινα
1888 2137 1983 2190 νη-

392 2208 620 2278 χόμενον
646 2208 704 2260 ἐν
737 2207 911 2270 ὕδατι,
946 2211 1040 2263 καὶ
1077 2210 1285 2279 ἀγνοῶν
1315 2211 1414 2282 τὴν
1443 2214 1639 2283 πεῖραν
1670 2213 1767 2284 τῆς
1803 2213 1987 2283 διανή-

392 2300 551 2365 ξεως,
587 2298 777 2352 ἑαυτὸν
811 2300 1026 2354 ἔκδοτον
1065 2305 1176 2367 τοῖς
1222 2302 1379 2357 ὕδασι
1424 2302 1556 2374 δῴη,
1604 2306 1698 2357 καὶ
1748 2304 1987 2376 ὑποϐρύ-

392 2408 511 2461 χιος
558 2392 802 2462 γένηται,
839 2394 911 2463 μὴ
953 2394 1011 2446 ὲν
1054 2393 1220 2466 πείρα
1266 2393 1363 2462 ὣν,
1420 2397 1553 2466 μηδὲ
1599 2397 1786 2466 σαφῶς
1824 2398 1985 2465 γνοὺς

391 2484 502 2535 τῶν
529 2483 616 2536 διὰ
650 2484 847 2555 χειρῶν
876 2502 933 2536 τε
974 2487 1069 2538 καὶ
1107 2486 1282 2539 ποδῶν
1327 2486 1425 2558 τὴν
1471 2489 1742 2559 σωτηρίαν
1774 2490 1984 2551 ἑαυτοῖς

392 2574 912 2644 προσποριζομένων
952 2575 1047 2646 τὴν
1086 2577 1431 2650 ἐπιστήμηνο
1471 2580 1679 2648 νομίζει
1707 2581 1762 2633 δὲ
1800 2579 1985 2643 ἁπλῶς

391 2669 453 2721 τὸ
487 2666 630 2738 ὕδωρ
658 2667 1037 2733 διαϐαστέιζειν
1073 2670 1163 2722 τὸν
1199 2670 1482 2741 ἄνθρωπον
1531 2671 1652 2742 δίχα
1687 2672 1793 2725 τῶν
1840 2672 1984 2725 ίδίων

391 2759 628 2829 χειρῶνο
689 2760 718 2829 ἢ
768 2760 842 2822 ὡς
893 2762 946 2813 εἴ
988 2778 1072 2823 τις
1123 2760 1310 2814 ἀκούοι
1358 2762 1450 2814 τὸν
1498 2763 1746 2833 ἡγεμόνα
1808 2780 1983 2833 τιμω-

394 2849 593 2922 ροῦντα
623 2850 748 2913 τούς
775 2869 825 2902 τι
855 2851 1098 2922 δρῶντας
1129 2853 1222 2906 καὶ
1247 2853 1347 2923 τῆς
1371 2854 1703 2923 φαυλότητος
1734 2854 1861 2926 ἄχρι
1891 2856 2001 2908 καὶ·

390 2940 712 3011 ἐλαχίστων,
741 2942 835 2996 καὶ⁸
868 2942 1077 3014 νομίζει
1116 2945 1215 3015 μὲν
1243 2951 1343 3015 τὴν
1377 2945 1534 3016 δίκην
1577 2946 1697 3018 ἴσην
1733 2946 1983 3011 διεξιέναι

390 3031 539 3085 κατά
567 3032 803 3097 πάντων,
840 3034 915 3096 ὼς
938 3036 1032 3086 ἐπὶ
1064 3035 1157 3087 τοῦ
1194 3035 1376 3105 φόνου⁹
1413 3037 1585 3101 οὕτως
1633 3039 1726 3092 καὶ
1766 3040 1856 3093 ἐπὶ
1886 3039 1981 3093 τοῦ

390 3122 769 3188 διαίάλλοντος
813 3126 905 3178 τὸν
956 3126 1145 3192 πέλας,
1187 3127 1221 3198 ἢ
1261 3131 1647 3200 μαχησαμένου
1673 3147 1685 3159 ·
1712 3132 1747 3200 ἦ
1779 3133 1853 3195 ὼς
1887 3132 1981 3185 ἐὰν

391 3312 532 3381 φότα
561 3310 798 3382 ἄρχοντα
827 3314 924 3383 τὴν
953 3312 1204 3379 ἐξουσίαν
1245 3318 1367 3368 κατ’
1409 3317 1703 3389 ἀλιτηρίων
1735 3319 1985 3372 ἀποσπά-

391 3422 564 3457 σαντα
620 3405 915 3476 μάχαιραν,
953 3405 985 3476 ἢ
1030 3407 1169 3459 κατά
1221 3409 1433 3478 γοήτων
1479 3409 1572 3461 καὶ
1620 3409 1980 3481 βλασφήμων,

390 3500 425 3571 ἢ
461 3497 877 3551 ἀκαθοσιώτων·
936 3499 1144 3569 νομίζει
1202 3501 1258 3554 δὲ
1297 3502 1423 3565 τοὺς
1473 3502 1681 3565 πάντας
1737 3500 1982 3568 ἐξουσίαν

390 3593 538 3663 ἔχειν
570 3592 668 3662 τῆς
692 3591 945 3661 τοιαύτης
991 3592 1169 3655 αἰτίας
1203 3592 1472 3646 ποιεῖσθαι
1502 3594 1598 3663 τὴν
1628 3594 1816 3665 δίκην·
1854 3595 1981 3649 θεα-

392 3686 631 3755 σάμενος
657 3684 714 3737 δὲ
745 3684 901 3755 δίκην
923 3684 1109 3747 δόντας
1143 3682 1486 3755 ἀνθρώπους,
1519 3686 1612 3737 καὶ
1637 3687 1799 3750 αὐτὸς
1831 3687 1888 3740 δὲ
1914 3688 1983 3741 τὰ

393 3775 490 3827 ἴσα
525 3774 903 3845 μιμησάμενος
945 3774 1160 3845 θελήσει
1199 3776 1518 3828 ἀποκτεῖναί
1557 3793 1729 3840 τινας,
1779 3778 1853 3840 ὡς
1886 3777 1983 3847 δῆ-

392 3864 488 3918 θεν
529 3869 653 3928 τοὺς
697 3866 1028 3936 ἠδικηκότας
1076 3866 1343 3931 δικάζων’
1383 3868 1542 3931 ἁλοὺς
1586 3868 1644 3922 δὲ
1681 3871 1709 3921 6
1744 3868 1984 3933 τοιοῦτος

391 3956 559 4019 αὐτὸς
607 3956 764 4028 δίκην
808 3957 988 4022 δώσει,
1028 3958 1102 4030 μὴ
1145 3958 1382 4030 εἰληφὼς
1415 3958 1567 4031 παρά
1601 3958 1864 4030 βασιλέως
1897 3961 1985 4027 ἐξ-

391 4050 586 4102 ουσίαν
618 4050 725 4104 τῶν
754 4051 1009 4104 τοιούτων
1031 4070 1043 4080 θ
1078 4053 1173 4104 καὶ
1196 4053 1278 4104 ὅτι
1315 4051 1408 4121 τὴν
1444 4052 1564 4123 ἴσην
1594 4052 1809 4123 ἐνόμιζε
1843 4053 1984 4106 κατά

394 4141 618 4194 πάντων
639 4140 836 4205 ἐξιέναι
858 4142 1038 4210 ψῆφον
1062 4143 1171 4196 ἀπὸ
1190 4143 1286 4212 τῆς
1314 4143 1467 4213 δίκης
1492 4144 1600 4198 τῶν
1627 4144 1825 4214 νόμων,
1862 4146 1986 4198 ἑαυ-

393 4234 492 4287 τὸν
522 4233 580 4286 δὲ
609 4234 666 4286 ὲν
704 4237 769 4305 τῇ
798 4235 980 4305 ἀδικίᾳ
1009 4234 1096 4288 διά
1124 4236 1223 4305 τῆς
1245 4236 1379 4299 ἰδίας
1398 4236 1656 4306 ἀπειρίας
1693 4236 1786 4290 καὶ
1813 4238 1986 4309 ἀπαρε

394 4326 786 4398 ακολουθησίας
814 4327 1028 4382 ἔκδοτον
1054 4328 1329 4393 ἀπωλείας
1364 4328 1788 4399 παρασκευάσας
1812 4347 1825 4360 ·
1845 4328 1986 4382 οὕτω

398 4421 501 4477 καὶ
544 4423 744 4486 αὐτοὶ¹,
796 4422 865 4476 τὰ
888 4404 1105 4476 πάντων
1152 4422 1288 4493 ὁμοῦ
1342 4423 1615 4492 μίξαντες,
1661 4425 1724 4477 ἐκ
1776 4423 1987 4478 πάντων

394 4514 668 4579 ἐξέπεσαν
686 4530 700 4544 ο
731 4516 824 4568 καὶ
862 4513 935 4585 μὴ
963 4517 1254 4583 νοήσαντες
1283 4514 1352 4567 τά
1374 4515 1577 4585 ἀκριϐῆ
1611 4515 1711 4586 τῆς
1731 4513 1825 4569 τοῦ
1850 4514 1986 4568 Θεοῦ

393 4608 770 4671 διδασκαλίας,
814 4609 908 4662 ὲπὶ
946 4609 1142 4680 ἑτέραν
1182 4608 1368 4680 τρίϐον
1421 4609 1712 4678 σφαλέντες
1749 4610 1990 4682 ἐτράπη-

397 4719 504 4756 σαν
523 4718 546 4749 ο.
567 4703 667 4755 οὐκ
699 4702 918 4765 εἰδότες,
960 4704 1043 4756 ὅτι
1086 4700 1224 4771 αὕτη
1272 4704 1419 4757 ἐστὶν
1462 4705 1497 4774 ἡ
1538 4703 1632 4774 τῆς
1668 4702 1818 4767 θείας
1847 4704 1988 4774 Γρα-

397 4795 513 4870 φῆς
547 4795 840 4866 παράδοσις
874 4795 968 4847 καὶ
996 4777 1304 4850 ἀκολουθία.

476 5067 547 5117 Δ¹.
567 5063 648 5117 Τά
663 5069 771 5133 γάρ
788 5063 868 5126 είς
898 5062 1197 5133 ἱερωσύνην
1219 5064 1590 5135 παραδοθέντα
1617 5063 1703 5117 διὰ
1724 5065 1785 5117 τὸ
1801 5063 1991 5135 ἐξοχώ-

398 5172 567 5210 τατον
591 5154 692 5222 τῆς
729 5154 1037 5226 ἱερουργίας
1057 5156 1136 5218 είς
1160 5155 1367 5215 πάντας
1388 5158 1644 5225 ἐνόμισαν
1678 5158 1807 5219 ἴσως
1832 5158 1992 5227 φέρε-

400 5240 549 5296 σθαι·
572 5241 893 5309 ἀκηκοότες,
911 5241 990 5292 ὅτι
1012 5239 1094 5292 δεῖ
1109 5240 1199 5292 τὸν
1214 5238 1508 5292 ἐπίσκοπον
1532 5241 1890 5311 ἀνεπίληπτον
1916 5236 1993 5293 εἷ-

400 5352 516 5398 ναι,
546 5335 673 5404 μιᾶς
703 5332 960 5401 γυναικὸς
982 5332 1167 5403 ἄνδρα,
1197 5316 1440 5403 ἐγκρατῆ
1458 5349 1470 5361 ·
1501 5332 1763 5395 ὡσαύτως
1789 5334 1881 5386 καὶ
1903 5333 1993 5386 τὸν

483 5493 497 5523 ¹
529 5490 587 5545 F.
617 5492 772 5562 μετά.
853 5492 873 5522 ²
909 5489 1184 5560 διγάμοις.

487 5603 597 5675 (12)
642 5599 816 5675 ρῦζοι
859 5602 941 5675 δὲ,
967 5603 1039 5675 οὐ
1077 5602 1409 5675 ,βούλονται
1478 5601 1802 5675 διδαῃιοῖς.
1858 5599 1984 5655 Cor.

406 5671 685 5747 ἓιγάμοις.
715 5672 818 5727 Sed
852 5673 1109 5747 religione
1138 5671 1372 5742 quadam
1407 5673 1989 5747 inducticomnnmem

411 5741 488 5803 ac'
520 5741 870 5815 depravatum
916 5741 1210 5815 lectionem
1260 5743 1791 5815 repr:csc_n_tavimus,
1845 5741 1991 5812 quod

406 5820 524 5889 iam
558 5811 778 5871 minime
813 5812 1126 5884 probamus.
1170 5811 1439 5869 Caeterum
1485 5811 1820 5867 Novatianos
1863 5811 1990 5867 cum

2096 587 2428 645 pl'IBSCtilarc
2460 580 2613 631 illam
2647 594 2753 632 non
2775 586 3114 648 potest,eum
3151 578 3205 631 id
3232 579 3454 632 minime
3485 588 3682 634 natura

2093 669 2335 743 patiatur
2369 685 2382 733 ;
2419 670 2491 721 ita
2543 669 2634 737 qui
2687 677 2809 739 post
2841 670 3171 739 baptismum
3204 667 3369 740 495
3397 670 3447 722 in
3474 670 3679 739 major?

2092 760 2340 828 qumdam
2397 761 2631 813 crimina
2687 761 2981 830 prolapsus
3034 772 3148 823 est;
3184 760 3414 829 perinde
3472 776 3535 814 ac
3586 762 3679 829 qui

2095 849 2408 919 virginitate
2452 852 2656 905 cxvidit
2699 851 3007 905 secundum
3050 852 3214 905 habet
3252 853 3305 904 in
3340 852 3680 905 continentia

2092 942 2595 997 ('OImnemlatiunis
2627 941 2886 1012 gradum:
2928 942 3009 997 sic
3038 942 3127 995 ille
3177 950 3297 1012 post
3347 942 3679 1011 baptismum

2091 1035 2345 1105 graviore
2370 1036 2673 1089 obstrictus
2690 1036 2899 1090 scelere
2921 1036 3221 1090 secundum
3250 1033 3681 1089 habetsanitatis

2091 1141 2283 1194 genus.
2323 1127 2476 1191 Quod
2508 1126 2725 1180 tametsi
2758 1141 2882 1179 cum
2917 1134 3090 1190 tanta,
3119 1136 3323 1195 quanta
3360 1126 3534 1194 prius.
3570 1125 3683 1178 vir-

2092 1226 2205 1271 tute
2236 1219 2460 1271 minime
2504 1218 2861 1285 coniunctum
2894 1217 2985 1279 sit,
3026 1233 3135 1270 non
3167 1225 3250 1270 est
3283 1226 3461 1270 tamen
3487 1232 3517 1269 a
3551 1232 3678 1270 cou-

2097 1309 2391 1379 sequendae
2423 1309 2548 1362 vita:
2573 1324 2666 1377 spe
2693 1323 2757 1363 ac
2782 1308 2976 1363 salutis
2999 1307 3444 1376 aiienumJgitur
3464 1322 3677 1372 eorum,

2093 1401 2187 1470 qui
2224 1400 2279 1453 in
2307 1399 2650 1470 capessenda
2685 1400 3008 1470 poenitentia
3042 1399 3316 1462 laborant,
3349 1399 3586 1453 fructum
3616 1413 3680 1451 ac

2093 1490 2376 1561 praamium
2407 1490 2628 1545 divinus
2652 1507 2834 1546 sermo
2867 1506 2977 1544 non
3011 1490 3210 1559 rejicit.

2163 1582 2254 1637 HI.
2294 1582 2566 1639 Praeterea
2609 1584 2751 1639 idem
2801 1584 2876 1637 illi
2923 1585 3138 1653 longius
3184 1599 3251 1638 ex
3297 1583 3388 1641 illo
3431 1582 3681 1652 dogmate

2095 1676 2445 1746 prosiliuntes
2487 1677 2595 1730 alia
2649 1674 2899 1746 quaedam
2945 1676 3300 1744 adjecerunt.
3333 1674 3503 1727 Aiunt
3534 1675 3679 1728 enim

2094 1783 2154 1823 se
2194 1769 2446 1827 eamdem
2498 1770 2786 1824 nobiscum
2833 1768 3037 1822 habere
3089 1768 3293 1833 iidem;
3350 1767 3453 1822 sed
3498 1775 3681 1820 tamen

2089 1876 2213 1914 cum
2243 1860 2473 1930 digamis
2503 1849 2920 1916 communicare
2946 1859 3279 1914 detrectant.
3314 1858 3448 1911 Nam
3483 1860 3529 1912 si
3559 1859 3682 1927 quis

2088 1960 2213 2022 post
2246 1953 2582 2022 baptismum
2612 1951 2917 2008 secundam
2939 1965 3167 2006 uxorem
3199 1949 3443 2011 duxerit,
3479 1950 3547 2002 ab
3575 1948 3683 2003 illis

2087 2059 2199 2097 non
2228 2043 2464 2112 amplius
2511 2042 2842 2097 admittitur.
2889 2042 3042 2107 Quod
3097 2040 3323 2110 quidem
3375 2041 3531 2108 plane
3565 2048 3682 2094 stn-

2089 2132 2258 2186 lidum
2306 2143 2408 2186 est.
2450 2130 2519 2186 Ut
2560 2132 2705 2187 enim
2755 2132 2801 2186 si
2850 2132 2975 2201 quis
3018 2138 3297 2183 natantem
3342 2129 3576 2197 aliquem
3627 2128 3683 2181 in

2087 2239 2231 2293 aqua
2278 2222 2498 2287 viderit,
2551 2236 2613 2276 ac
2667 2222 2888 2277 natandi
2951 2237 3105 2275 nsum
3149 2220 3409 2290 ignorans
3458 2235 3579 2274 sese
3627 2219 3685 2271 in

2087 2329 2283 2385 aquam
2319 2313 2689 2377 commiserit,
2731 2328 2796 2367 ac
2844 2329 3064 2384 pessum
3096 2312 3249 2372 ierit,
3293 2310 3436 2380 quod
3477 2320 3530 2365 et
3560 2309 3683 2385 ejus

2086 2410 2165 2461 rei
2197 2406 2267 2460 sit
2296 2421 2524 2475 expers,
2570 2413 2624 2459 et
2655 2420 2845 2460 eorum
2869 2445 2885 2467 ,
2922 2405 3017 2475 qui
3051 2403 3302 2457 manibus
3341 2418 3405 2455 ac
3453 2402 3683 2471 pedibus

2088 2498 2250 2553 saluti
2287 2513 2400 2551 sua:
2430 2497 2751 2562 consulunt,
2780 2496 3012 2552 scientia
3037 2495 3262 2548 minime
3290 2494 3358 2547 sit
3388 2493 3680 2562 praeditus;

2088 2589 2181 2645 sed
2212 2590 2356 2643 ultro
2373 2604 2570 2659 aquam
2590 2589 2869 2643 existimet
2889 2589 3027 2640 citra
3051 2602 3310 2640 manuum
3332 2586 3682 2655 agitationem

2089 2682 2367 2736 hominem
2417 2681 2725 2736 sustinere:
2774 2688 2869 2732 aut
2921 2677 3413 2749 quemadmodum,
3462 2677 3507 2731 si
3562 2678 3683 2745 quis

2093 2773 2411 2845 prasfectum
2450 2772 2640 2826 audiat
2670 2774 2724 2824 in
2765 2787 2861 2826 eos
2894 2770 3419 2825 animadvertentem
3453 2769 3542 2837 qui
3578 2767 3685 2820 ulla

2089 2865 2143 2918 in
2193 2880 2252 2919 re
2282 2863 2445 2917 etiam
2472 2863 2700 2919 minima
2737 2861 3092 2931 deliquerint,
3140 2870 3305 2929 atque
3343 2859 3588 2915 eamdem
3629 2860 3683 2912 in

2087 2968 2278 3008 omnes
2314 2966 2536 3021 pcenam
2568 2952 2929 3006 constitutam
2967 2941 3286 3013 arbitretur,
3322 2949 3683 3019 quemadmo-

2084 3043 2212 3097 dum
2255 3043 2311 3096 in
2347 3057 2442 3097 eos
2492 3042 2587 3112 qui
2637 3041 2986 3112 patricidium
3027 3041 3444 3103 commiserint,
3497 3040 3578 3093 sic
3629 3039 3682 3093 in

2087 3136 2248 3200 illos,
2291 3135 2384 3204 qui
2427 3134 2551 3188 aliis
2589 3133 2909 3186 calumniati
2962 3132 3203 3195 iuerint,
3238 3138 3333 3184 aut
3384 3130 3680 3200 pugnando

391 3212 424 3297 ᾖ
467 3235 551 3281 τις
590 3219 935 3272 παντάπασιν
979 3220 1217 3292 ἰδιώτης,
1255 3225 1347 3275 καὶ
1396 3225 1659 3296 θεάσηται
1701 3225 1791 3278 τὸν
1833 3226 1981 3298 εἰλη-

2090 3228 2466 3283 lacessiverint
2495 3245 2508 3281 :
2547 3227 2634 3281 vel
2666 3225 2893 3296 perinde
2922 3240 2988 3279 ac
3039 3225 3079 3279 si
3135 3224 3289 3279 rudis
3325 3224 3596 3292 quispiam
3630 3233 3683 3277 et

2087 3319 2372 3389 imperitus
2417 3318 2800 3387 magistratum
2842 3316 3024 3369 videat
3072 3322 3341 3383 poti-state
3395 3313 3681 3382 prauliium

2085 3411 2325 3482 gladium
2366 3411 2421 3464 in
2471 3408 2768 3464 sceleratos
2810 3408 3174 3471 distringere,
3212 3407 3361 3460 velut
3411 3404 3683 3459 veneﬁcos

2087 3511 2182 3558 aut
2210 3503 2584 3572 blasphemas,
2620 3508 2715 3554 aut
2742 3499 3080 3569 perduelles,
3109 3514 3173 3552 ac
3205 3514 3369 3567 penes
3396 3498 3683 3551 universos

2085 3610 2207 3650 esse
2233 3600 2556 3664 potestatem
2587 3592 2906 3655 arbitretur,
2931 3596 2989 3642 ut
3023 3590 3172 3643 illius
3203 3589 3452 3642 criminis
3490 3602 3681 3657 poenas
3766 3584 3777 3593 ’

2084 3686 2423 3743 constituant
2454 3702 2467 3738 :
2500 3699 2735 3752 cumque
2764 3683 2988 3753 punitos
3010 3682 3078 3735 ob
3098 3681 3149 3734 id
3174 3682 3423 3734 homines
3448 3682 3664 3739 viderit.

2086 3779 2284 3833 imitari
2318 3786 2375 3833 et
2410 3778 2529 3847 ipse
2560 3778 2711 3836 velit.
2752 3790 2816 3829 ac
2856 3785 3114 3844 tanquam
3155 3773 3223 3827 de
3269 3775 3377 3829 reis
3413 3774 3680 3840 judicium

2083 3885 2346 3925 exercens
2378 3878 2607 3923 mortem
2665 3868 2771 3923 illis
2822 3867 3338 3921 inferre-conetur:
3412 3864 3679 3933 ejusmmii

2084 3961 2286 4030 quippe
2329 3975 2520 4030 poenas
2553 3960 2670 4029 ipse
2704 3959 2978 4029 persolvet
3006 3997 3022 4020 ,
3062 3966 3176 4010 tum
3220 3958 3366 4027 quod
3410 3960 3612 4011 nullam
3650 3973 3678 4009 a

2085 4051 2330 4121 principe
2370 4051 2492 4120 ejus
2527 4052 2606 4104 rei
2646 4058 2971 4119 potestatem
3022 4052 3319 4117 acceperit,
3375 4060 3490 4102 tum
3537 4048 3680 4116 quod

2084 4140 2351 4210 aequalem
2380 4140 2437 4194 in
2468 4155 2665 4195 omnes
2688 4138 2903 4209 legibus
2937 4139 3294 4192 constitutam
3319 4153 3537 4206 pomum
3564 4153 3684 4191 esse

2092 4234 2198 4289 sibi
2241 4233 2616 4303 persuaserit;
2652 4246 2715 4285 ac
2747 4232 2981 4300 denique
3021 4245 3116 4297 per
3158 4228 3484 4296 imperitiam
3520 4227 3683 4279 insci-

2086 4326 2329 4394 tiamque
2352 4340 2508 4380 suam
2542 4325 2634 4378 tali
2666 4324 2872 4378 scelere
2895 4321 3120 4376 exitium
3151 4320 3252 4374 sibi
3291 4333 3354 4372 ac
3385 4318 3679 4388 perniciem

2087 4418 2418 4472 consciverit
2443 4455 2458 4482 ,
2497 4417 2571 4469 ita
2615 4415 2779 4470 etiam
2820 4413 2917 4476 illi,
2962 4428 3086 4466 cum
3124 4412 3285 4466 simul
3323 4411 3505 4463 omnia
3561 4424 3682 4478 per-

2090 4509 2363 4564 misceant
2416 4506 2678 4560 omnibus
2739 4503 3107 4562 exciderunt;
3185 4514 3422 4567 uinique
3487 4498 3681 4549 divinae

2020 4576 2066 4631 Β
2096 4600 2399 4669 disciplinae
2433 4605 2690 4653 accurata
2724 4597 3039 4666 cognitione
3074 4599 3318 4650 careant.
3354 4589 3519 4662 496
3555 4590 3670 4642 alie-

2096 4709 2227 4746 num
2268 4691 2319 4744 in
2354 4689 2628 4743 tramitem
2670 4702 2887 4741 summo
2915 4701 3103 4740 errore
3134 4683 3488 4737 deﬂexerunt.
3536 4681 3681 4734 istud

2094 4784 2240 4838 enim
2299 4772 2643 4851 nequaquam
2698 4780 3038 4841 discernunt,
3092 4777 3253 4831 talem
3307 4790 3429 4829 esse
3467 4774 3679 4842 quale-u

2095 4873 2356 4934 diximus,
2392 4871 2446 4924 in
2489 4870 2791 4941 Scripturis
2838 4870 3012 4924 sacris
3058 4867 3276 4919 modum
3315 4878 3379 4917 ac
3415 4864 3677 4916 rationem

2095 4964 2490 5034 priescriptam.

2168 5055 2256 5110 ιν.
2300 5055 2355 5109 Si
2380 5052 2597 5123 quidem
2623 5068 2743 5122 quae
2770 5048 3076 5105 sacerdotio
3098 5054 3319 5117 propter
3345 5045 3678 5114 singularem

2100 5147 2398 5201 [uinctiouis
2432 5145 2580 5198 illius
2612 5144 2932 5212 dignitatem
2970 5139 3240 5210 praecipue
3273 5137 3475 5189 tributa
3526 5143 3677 5200 sunt,

2100 5256 2160 5295 ea
2193 5239 2256 5294 ad
2287 5253 2477 5292 omnes
2512 5237 2875 5290 communiter
2906 5232 3179 5303 pertinere
3233 5230 3499 5299 iudicant.
3546 5228 3677 5284 Illud

2101 5333 2321 5404 quidem
2340 5330 2656 5394 audierunt,
2671 5329 2987 5399 episcopum
3009 5322 3539 5391 irreprehensibilcm
3559 5338 3679 5378 esse

2098 5596 2329 5668 digamis
2358 5589 2767 5668 communicare
2813 5588 3057 5668 noluisse
3100 5592 3298 5668 pmtcr
3331 5592 3583 5668 auctores
3616 5584 3675 5637 il-

2101 5655 2201 5726 10;;
2234 5666 2324 5728 qui
2367 5663 2434 5717 de
2464 5662 2765 5716 hmresibus
2804 5660 3166 5728 scripserunt,
3197 5656 3354 5728 docet
3386 5655 3548 5728 etiam
3584 5670 3675 5707 ca—

2102 5684 2201 5726 IOS.
2273 5684 2324 5719 ιιι
2367 5684 2434 5717 ue
2464 5684 2765 5716 ιιιΒΓυδιυυδ
2804 5684 3166 5728 scnpacnuut,
3197 5684 3354 5711 υυυςι
3386 5684 3548 5709 cuum
3584 5684 3674 5707 La-

2102 5684 2275 5793 1101ιὲ
2302 5733 2531 5787 Nicaanae
2562 5731 2777 5802 synodi,
2807 5730 2899 5799 qui
2932 5730 3006 5802 de
3033 5724 3453 5802 reconciliandis
3498 5724 3674 5802 Nova-

2102 5790 2265 5863 tianis
2297 5806 2476 5861 editus
2513 5790 2616 5858 est'.
2648 5790 2792 5856 idem
2824 5790 2880 5855 et
2927 5798 3179 5854 Socrates
3210 5797 3300 5851 lib.
3340 5810 3392 5860 v,
3426 5807 3543 5864 cap.
3576 5790 3666 5847 22.
