4046 6442
450 344 587 399 IDES

1842 346 1900 402 s.
1941 324 2286 403 EPIPHASII

3578 352 3707 407 im

446 463 719 525 oportere,
753 457 920 515 unius
947 474 1138 517 uxoris
1164 477 1360 528 Vtrum,
1395 461 1769 517 continentem
1788 462 1806 493 ί
1837 482 1851 519 :
1879 464 2038 520 simi-

2155 466 2410 530 Ξιάκονον,
2444 467 2539 520 καὶ
2563 463 2653 520 τὸν
2681 465 3067 538 πρεσϐύτερον.
3093 464 3202 520 Καὶ
3230 463 3338 536 γὰρ
3366 463 3440 534 τῷ
3479 480 3570 534 μεν
3597 466 3696 519 ϐντι

447 549 566 603 liter
602 556 657 605 et
691 548 986 606 diaconum
1012 564 1063 607 et
1084 555 1482 626 presbyterum.
1527 555 1604 609 Ita
1621 556 1765 612 enim
1786 557 2034 628 profecto

450 656 572 696 sese
595 656 684 696 res
716 642 881 698 habet
902 686 915 710 ,
952 654 1009 698 ut
1039 653 1164 715 post
1198 645 1405 700 Christi
1443 646 1498 700 in
1531 648 1717 703 orbem
1760 655 2032 704 terrarum

448 731 763 797 adventum,
793 748 888 789 eos
910 750 1099 791 omnes
1127 738 1217 806 qui
1245 736 1545 792 secundum
1575 739 1786 807 priores
1812 739 2034 809 nuptias

449 830 665 875 mortua
717 837 889 877 uxore
928 825 1082 879 alteri
1131 841 1251 881 sese
1293 827 1500 896 nuptiis
1549 827 1845 897 illigarint,
1896 844 2029 882 san-

452 911 696 967 ctissima
731 913 821 969 Dei
858 914 1149 986 disciplina
1181 917 1423 987 rejiciat:
1454 926 1743 989 propterea
1767 920 1912 990 quod
1946 920 2033 973 in-

450 1003 728 1060 credibilis
770 1013 856 1061 est
901 1006 1194 1062 sacerdotii
1237 1008 1415 1063 honor
1450 1023 1513 1063 ac
1551 1008 1819 1079 dignitas.
1857 1009 2039 1079 Atque

452 1095 598 1149 istud
649 1097 829 1167 ipsum
879 1108 1235 1156 sacrosancta
1282 1100 1375 1157 Dei
1416 1100 1667 1157 Ecclesia
1718 1118 1845 1157 cum
1887 1103 2036 1156 omni

449 1188 765 1256 provisione
803 1191 1195 1265 diligentiaque
1228 1201 1430 1259 servat.
1462 1192 1605 1260 Quin
1631 1209 1755 1249 eum
1789 1194 2034 1263 insuper,

449 1284 542 1353 qui
590 1285 771 1341 adhuc
836 1288 892 1341 in
941 1288 1294 1342 matrimonio
1347 1286 1529 1357 degit,
1594 1300 1659 1341 ac
1708 1285 1894 1341 liberis
1948 1286 2041 1339 dat

449 1368 693 1444 Operam,
735 1380 954 1435 tametsi
1001 1382 1165 1435 unius
1197 1378 1267 1435 sit
1308 1380 1500 1436 uxoris
1541 1381 1647 1444 vir,
1698 1395 2042 1450 nequaquam

449 1474 631 1521 tamen
675 1468 742 1522 ad
778 1470 1020 1539 diaconi,
1066 1471 1394 1541 presbyteri,
1430 1470 1697 1541 episcOpi,
1731 1478 1826 1525 aut
1872 1471 2047 1542 hypo-

2140 556 2203 608 ού
2229 556 2443 627 δέχεται
2472 556 2533 610 τὸ
2560 557 2717 626 ἆγιον
2749 556 2843 610 τοῦ
2876 556 3012 610 Θεοῦ
3044 558 3307 629 κήρυγμα
3349 555 3481 627 μετὰ
3500 556 3593 627 τὴν
3613 556 3697 611 τοῦ

2140 647 2379 718 Χριστοῦ
2413 649 2675 719 ὲνδημίαν
2707 651 2834 713 τοὺς
2864 648 2971 703 ἀπὸ
3002 647 3220 720 πρώτου
3248 649 3445 719 γάμου,
3465 649 3697 720 τελευτη-

2135 739 2308 809 σάσης
2334 740 2435 810 τῆς
2468 740 2648 794 αὐτῶν
2667 741 2947 809 γυναικὸς,
2980 741 3220 811 δευτέρῳ
3243 740 3405 811 γάμῳ
3432 740 3703 810 συναφθέν-

2133 848 2233 895 τας
2254 831 2340 884 διά
2363 832 2423 883 τὸ
2451 832 2790 903 ὑπερϐάλλον
2819 834 2918 903 τῆς
2957 834 3125 904 τιμῆς
3145 834 3243 903 τῆς
3268 832 3576 903 ἱερωσύνης.
3606 831 3702 884 Καὶ

2133 921 2307 977 ταῦτα
2348 924 2606 993 ἀσφαλῶς
2649 925 2683 996 ἡ
2728 924 2857 993 ἀγία
2907 924 3004 978 τοῦ
3056 924 3194 977 Θεοῦ
3237 923 3528 994 Ἐκκλησία
3584 922 3705 992 μετά

2135 1015 2419 1086 ἀκριϐείας
2444 1016 2945 1087 παραφυλάττεται.
2983 1016 3145 1069 Ἀλλά
3175 1017 3270 1069 καὶ
3293 1015 3383 1069 τὸν
3403 1016 3480 1067 ἑτι
3510 1014 3706 1084 βιοῦντα

2137 1105 2234 1161 καὶ
2276 1107 2721 1176 τεκνογονοῦντα,
2781 1110 2910 1180 μιᾶς
2947 1108 3206 1176 γυναικὸς
3244 1107 3372 1160 ὄντα
3424 1106 3611 1177 ἄνδρα,
3653 1105 3705 1157 ού

2138 1200 2372 1271 δέχεται,
2404 1200 2540 1255 ἀλλά
2587 1201 2696 1255 ἀπὸ
2739 1204 2869 1272 μιᾶς
2919 1200 3426 1272 ὲγκρατευσάμενον
3459 1199 3493 1269 ἢ
3533 1198 3710 1269 χηρεύε-

2143 1309 2332 1356 σαντα,
2360 1292 2605 1346 διάκονόν
2645 1310 2704 1346 τε
2731 1295 2826 1347 καὶ
2871 1292 3263 1363 πρεσϐύτερον,
3296 1292 3389 1344 καὶ
3413 1289 3710 1352 ἐπίσκοπον,

2144 1383 2514 1448 ύποδιάκονον,
2545 1383 2783 1455 μάλιστα
2806 1385 2939 1437 ὅπου
2963 1384 3212 1455 ἀκριϐεῖς
3235 1382 3457 1445 κανόνες
3476 1383 3522 1434 οἱ
3544 1379 3712 1448 ἐκκλη-

2147 1472 2435 1529 σιαστικοί.

448 1559 667 1631 diaconi
714 1562 964 1619 ordinem
997 1563 1257 1618 admittit.
1295 1562 1407 1619 Sed
1439 1580 1565 1618 eum
1600 1563 1903 1630 duntaxat,
1935 1566 2027 1636 qui
2068 1566 2138 1621 ab
2168 1567 2333 1623 unius
2368 1566 2557 1623 uxoris
2591 1566 2992 1623 consuetudine
3060 1579 3183 1620 sese
3239 1564 3592 1629 continuerit,
3631 1572 3711 1617 aut

447 1666 509 1706 ea
541 1653 612 1708 sit
639 1656 866 1711 orbatus
896 1675 909 1711 :
945 1657 1091 1727 quod
1126 1659 1181 1712 in
1209 1659 1315 1714 illis
1343 1658 1479 1713 locis
1505 1660 1778 1730 praecipue
1812 1661 1893 1725 ﬁt,
1919 1660 2014 1716 ubi
2052 1662 2415 1719 ecclesiastici
2445 1679 2686 1718 canones
2724 1670 2980 1718 accurate
3013 1669 3325 1718 servantur.

517 1744 586 1800 At
614 1749 763 1803 enim
797 1751 1078 1807 nonnullis
1137 1751 1317 1806 adhuc
1377 1750 1431 1831 in
1496 1752 1633 1807 locis
1698 1753 2027 1825 presbyteri,

2223 1754 2384 1808 Ἀλλά
2417 1756 2633 1819 πάντως
2664 1757 2810 1828 ἐρεῖς
2848 1772 2957 1826 μοι,
2991 1754 3048 1807 ἐν
3077 1772 3188 1808 τισι
3235 1753 3421 1815 τόποις
3449 1752 3526 1805 ἔτι
3554 1769 3717 1806 τεκνο·

447 1838 666 1894 diaconi
702 1848 757 1923 et
783 1841 1140 1914 hypodiaconi
1180 1845 1383 1899 liberos
1417 1845 1769 1915 suscipiunt:
1810 1861 2042 1916 respon-

2155 1850 2326 1917 γονεῖν
2361 1848 2786 1919 πρεσϐυτέρους,
2822 1847 2918 1901 καὶ
2958 1847 3261 1910 διακόνους,
3309 1844 3404 1899 καὶ
3459 1844 3719 1898 ύποδιακό·

449 1929 574 1997 deo,
623 1948 734 1988 non
790 1934 925 1990 illud
979 1952 1046 1991 ex
1096 1938 1327 1994 canonis
1375 1939 1702 1994 auctoritate
1750 1937 1906 2001 ﬁeri,
1946 1936 2045 1993 sed

450 2034 674 2094 propter
703 2028 985 2084 hominum
1025 2031 1316 2102 ignaviam,
1358 2049 1480 2104 qua:
1508 2032 1676 2089 certis
1701 2032 2041 2103 temporibus

452 2119 789 2188 negligenter
840 2137 1000 2192 agere
1051 2139 1116 2178 ac
1162 2126 1456 2180 connivere
1508 2126 1665 2190 solet,
1701 2125 1772 2179 ob
1818 2124 2040 2178 nimiam

451 2212 637 2279 populi
688 2213 1130 2282 multitudinem,
1182 2232 1306 2271 cum
1356 2217 1568 2273 scilicet
1610 2217 1704 2286 qui
1754 2214 1821 2269 ad
1863 2230 1957 2270 eas
1985 2231 2045 2270 se

451 2301 763 2361 functiones
797 2308 1072 2377 applicent
1096 2325 1205 2364 non
1260 2309 1419 2365 facile
1469 2310 1839 2379 reperiuntur.
1886 2307 2043 2374 Quod

452 2394 518 2447 a.l
554 2396 728 2465 ipsam
778 2399 997 2467 quidem
1054 2400 1350 2475 Ecclesiam
1384 2402 1612 2464 attinet,
1658 2416 1743 2464 ea,
1793 2408 1979 2468 utpote
2012 2415 2043 2453 a

453 2494 645 2541 sancto
670 2486 876 2558 Spiritu
903 2491 1039 2546 bene
1063 2493 1313 2546 ordinata
1349 2501 1511 2563 atque
1532 2494 1855 2555 constituta,
1887 2493 2032 2562 quod

453 2574 737 2633 decentius
771 2589 856 2635 est
901 2584 1159 2637 onmibus
1191 2585 1245 2637 in
1276 2586 1439 2640 rebus
1470 2586 1853 2651 considerans,
1882 2585 1930 2639 ei
1963 2586 2043 2639 rei

454 2667 674 2722 studere
699 2671 1046 2739 potissimum
1072 2674 1342 2740 instituit,
1373 2684 1433 2728 ut
1460 2692 1582 2745 quae
1614 2676 1801 2729 divino
1827 2676 2038 2729 numini

455 2759 764 2817 ministeria
797 2773 1149 2832 praestantur,
1185 2768 1335 2821 nulla
1370 2785 1449 2834 re,
1482 2768 1662 2836 quoad
1696 2769 1811 2823 ﬁeri
1846 2751 2042 2840 potsst,

454 2850 864 2918 distrahantur,
904 2864 1066 2924 atque
1108 2858 1375 2927 spiritalia
1429 2860 1613 2914 omnia
1664 2860 1839 2913 ollicia
1881 2877 2043 2931 quam

455 2942 662 3012 optima
718 2945 1117 3017 laetissimaque
1182 2950 1520 3006 conscientia
1585 2962 1865 3023 gerantur.
1930 2955 2046 3010 Hoc

458 3036 628 3099 igitur
666 3037 792 3092 dico
820 3050 1046 3109 propter
1073 3041 1286 3097 subitas
1326 3043 1640 3101 functiones
1671 3054 1834 3117 atque
1869 3047 2044 3101 officia

455 3128 772 3192 convenire,
827 3139 883 3184 ut
917 3132 1203 3203 presbyter
1237 3149 1301 3188 ac
1333 3137 1623 3203 diaconus,
1660 3147 1712 3193 et
1750 3139 2044 3209 episc0pus

460 3219 570 3274 Deo
598 3223 817 3291 penitus
851 3232 1028 3279 vat-et.
1066 3224 1199 3278 Nam
1232 3227 1277 3281 si
1306 3228 1415 3283 illis
1449 3229 1638 3307 etiam,
1673 3231 1765 3300 qui
1788 3247 1818 3285 e
1848 3232 2049 3301 populo

459 3319 618 3375 sunt,
656 3310 707 3364 id
737 3312 915 3381 ipsum
946 3311 1245 3382 Apostolus
1284 3317 1532 3386 praecipit
1563 3335 1575 3369 :
1604 3316 1705 3381 Ut,
1740 3318 1947 3386 inquit,
1978 3319 2048 3369 ad

461 3414 659 3469 tentpus
696 3413 875 3457 vacent
907 3406 1138 3458 orationi
1171 3409 1212 3469 ',
1243 3416 1450 3476 quanto
1482 3409 1534 3463 id
1566 3411 1742 3478 magis
1773 3410 2050 3464 sacerdoti

368 3567 376 3575 .
463 3493 835 3561 praascripsit?
879 3493 1144 3549 Nimirum
1178 3499 1344 3553 nullis
1376 3508 1432 3553 ut
1475 3500 1882 3570 impedimentis
1918 3516 2050 3555 avo-

396 3598 407 3605 '
460 3594 639 3648 cetur,
669 3600 778 3654 quo
796 3586 847 3638 in
864 3587 1243 3654 spiritualibns
1262 3591 1564 3645 secundum
1585 3591 1752 3645 Deum
1779 3594 2013 3663 negotiis
2030 3635 2044 3657 ,

464 3676 519 3729 in
553 3677 675 3745 ipso
709 3693 811 3731 usu
868 3680 1163 3733 sacerdotii
1188 3680 1775 3753 adtninistrationeque
1802 3683 2049 3740 ferietur.

464 3767 734 3821 Caeterum
789 3769 842 3821 in
895 3771 1131 3839 populo.
1168 3785 1393 3843 propter
1430 3776 1548 3842 eius
1584 3776 2009 3831 imbecillitatem
2033 3817 2048 3843 ,

466 3858 688 3913 tolerari
724 3857 870 3914 istud
917 3868 1129 3929 potest,
1174 3874 1236 3917 ut
1273 3866 1367 3935 qui
1398 3881 1567 3921 uxore
1598 3868 1771 3936 prima
1806 3871 2049 3924 contenti

465 3967 590 4008 esse
624 3968 732 4007 non
762 3952 1014 4022 possint,
1048 3954 1213 4027 497
1238 3973 1302 4013 ea
1339 3967 1553 4014 mortua
1600 3961 1900 4015 secundam
1948 3961 2050 4016 sibi

540 4116 556 4144 ¹
591 4113 608 4167 l
640 4113 782 4169 'l‘im.
813 4132 897 4185 tu,
920 4117 976 4173 2.
1043 4118 1063 4147 ²
1094 4115 1267 4172 lCor.
1293 4132 1390 4185 vn,
1433 4117 1486 4172 5.

546 4276 657 4344 (l5)
708 4277 771 4329 Ὀ
816 4276 885 4330 δὲ
925 4276 1011 4345 μὴ
1050 4278 1340 4347 ,δυνηθεὶς
1387 4276 1463 4346 τῇ
1508 4277 1618 4346 μιᾷ
1663 4279 2059 4347 ἀρκεσθῆναι.

476 4346 814 4415 Depravatus
864 4348 984 4401 sine
1030 4346 1196 4400 dubio
1244 4349 1346 4403 iste
1400 4348 1555 4403 locus
1599 4346 1707 4403 e51.
1756 4352 1886 4402 t\8lll
1941 4366 2063 4415 qua:

476 4418 720 4489 proxime
759 4426 1085 4489 sequuntur.
1122 4418 1402 4472 evidenter
1429 4420 1808 4473 demonstrant
1849 4420 1899 4473 id
1934 4418 2062 4489 Epi-

2148 1959 2291 2005 νους.
2323 1940 2494 1994 Τοῦτο
2515 1942 2575 1995 οὐ
2610 1939 2763 2011 παρὰ
2791 1940 2882 1994 τὸν
2916 1940 3141 2001 κανόνα,
3165 1937 3304 1993 ἀλλά
3340 1938 3493 2009 παρὰ
3513 1936 3604 2007 τὴν
3626 1935 3719 1988 τῶν

2148 2030 2454 2104 ἀνθρώπων
2503 2030 2649 2085 κατά
2699 2031 2891 2104 καιρὸν
2937 2031 3336 2103 ρᾳθυμήσασαν
3366 2030 3619 2092 διάνοιαν,
3641 2028 3721 2080 καὶ

2147 2125 2241 2178 τοῦ
2274 2125 2509 2197 πλήθους
2537 2126 2744 2192 ἕνεκεν,
2784 2128 2858 2197 μὴ
2894 2124 3292 2195 εύρ-ισκομένης
3320 2122 3637 2193 ὑπηρεσίας.
3659 2119 3721 2171 Τὸ

2152 2213 2600 2284 πρεπωδέστερον
2654 2215 2763 2283 γὰρ
2818 2215 2903 2268 ἀεὶ
2944 2217 2978 2287 ή
3028 2214 3324 2285 Ἐκκλησία
3362 2212 3565 2282 ὁρῶσα,
3602 2210 3724 2278 ἁγίῳ

2150 2304 2428 2375 Πνεύματι
2468 2304 2527 2359 εὖ
2568 2306 2950 2377 διαταχθεῖσα,
2983 2306 3125 2376 ἔγνω
3155 2305 3593 2376 ἀπερισπάστους
3622 2299 3723 2369 Θεῷ

2147 2392 2249 2456 τὰς
2280 2393 2537 2464 λατρείας
2565 2395 2931 2448 ἐπιτελεῖσθαι
2983 2395 3323 2460 σπουδάζειν,
3351 2394 3449 2447 καὶ
3487 2392 3552 2445 τά
3588 2408 3724 2444 πνευ-

2153 2483 2359 2555 ματικά
2393 2485 2502 2537 τῶν
2545 2485 2745 2556 χρειῶν
2776 2484 2914 2555 μετὰ
2958 2485 3141 2555 πάσης
3168 2484 3529 2553 εύνουστέιτης
3571 2496 3723 2533 συνει-

2149 2579 2358 2648 δήσεως
2375 2578 2736 2632 τελειοῦσθαι.
2768 2580 2915 2648 Φημὶ
2938 2578 3013 2643 δὲ,
3046 2580 3126 2631 ὅτι
3150 2578 3357 2649 πρέπον
3392 2576 3510 2629 ἐστὶ
3539 2574 3619 2627 διά
3644 2572 3725 2634 τὰς

2149 2671 2409 2741 ἐξχπίνης
2444 2672 2790 2742 λειτουργίας
2821 2673 2914 2725 καὶ
2947 2675 3137 2743 χρείας
3185 2669 3469 2740 σχολάζειν
3493 2668 3579 2720 τὸν
3614 2681 3726 2737 πρε-

2152 2761 2435 2832 σϐύτερον,
2466 2763 2562 2814 καὶ
2606 2762 2872 2823 διάκονον,
2917 2763 3009 2814 καὶ
3052 2760 3348 2813 ἐπίσκοπον
3375 2758 3519 2827 θεῷ.
3554 2758 3611 2811 Εἰ
3634 2756 3728 2824 γὰρ

2150 2855 2244 2907 καὶ
2282 2858 2396 2918 τοῖς
2438 2855 2545 2907 ἀπὸ
2574 2853 2665 2906 τοῦ
2705 2854 2832 2907 λαοῦ
2859 2855 3191 2927 προστάσσει
3226 2854 3254 2905 ὁ
3294 2854 3450 2920 ἅγιος
3496 2849 3726 2903 Ἀπόστο‹

2148 2945 2237 3009 λος
2252 2946 2446 3015 λέγων,
2478 2945 2615 3000 Ἵνα
2649 2946 2798 3014 πρὸς
2837 2946 3044 3013 καιρὸν
3072 2945 3428 3014 σχολάσωσι
3462 2942 3536 3011 τῇ
3563 2938 3726 3008 εὺκῖῨ

2149 3038 2301 3108 πόσῳ
2339 3053 2401 3105 γε
2439 3037 2639 3108 μᾶλλον
2681 3037 2759 3107 τῷ
2814 3038 2948 3109 ἱερεῖ
2990 3037 3050 3090 τὸ
3096 3037 3228 3091 αὐτὸ
3268 3036 3632 3107 προστάσσει;
3667 3031 3729 3083 Τὸ

2152 3131 2569 3203 ἀπερίσπαστον
2600 3131 2657 3184 δὲ
2695 3130 2861 3198 λέγω,
2900 3132 2981 3193 εἱς
3020 3131 3083 3183 τὸ
3135 3129 3417 3200 σχολάζειν
3462 3128 3598 3182 κατά
3618 3125 3729 3179 Θεὸν

2076 3207 2121 3269 C
2155 3224 2212 3275 ὲν
2266 3225 2388 3285 ταῖς
2442 3223 2655 3293 χρείαις
2715 3224 2836 3284 ταῖς
2899 3223 3298 3290 πνευματικαῖς
3357 3220 3732 3289 τελεσιουργη-

2161 3318 2295 3387 μένῃ
2353 3317 2373 3347 ³
2425 3315 2712 3387 ἱερωσύνῃ.
2775 3314 2992 3379 Ἔξεστι
3057 3316 3114 3367 δὲ
3172 3313 3250 3384 τῷ
3298 3311 3417 3383 λαῷ
3466 3314 3531 3366 δι’
3588 3309 3730 3364 ἀσθέ-

2159 3427 2307 3463 νειαν
2346 3407 2847 3473 διαϐαστάξεσθαι,
2906 3408 3000 3460 καὶ
3047 3406 3123 3477 μὴ
3172 3404 3505 3475 δυνηθέντας
3558 3403 3642 3454 ἐπὶ
3676 3400 3731 3469 τῇ

2160 3502 2351 3574 πρώτῃ
2403 3503 2619 3572 γαμετῇ
2663 3500 2872 3570 στῆναι,
2920 3498 3150 3569 δευτέρᾳ.
3199 3497 3339 3567 μετά
3382 3496 3607 3550 θάνατον
3648 3491 3733 3560 τῆς

2162 3594 2387 3665 πρώτης
2439 3594 2798 3663 συναφθῆναι.
2850 3592 2961 3645 Καὶ
2997 3594 3026 3644 ὁ
3079 3591 3176 3661 μὲν
3223 3591 3352 3661 μίαν
3402 3587 3643 3661 ἐσχηκὼς
3684 3586 3732 3636 ἐν

2160 3687 2366 3756 ἐπαὶνῳ
2393 3686 2599 3755 μείζονι
2626 3687 2719 3738 καὶ
2758 3687 2891 3755 τιμῇ
2941 3683 3090 3753 παρά
3123 3685 3288 3736 πᾶσιν
3320 3679 3733 3752 ἐκκλησιαζομέ-

2159 3795 2270 3841 νοις
2305 3778 2601 3848 ἐνυπάρχει
2627 3792 2641 3807 '
2687 3777 2715 3828 ὁ
2756 3775 2811 3828 δὲ
2856 3776 2930 3846 μὴ
2976 3774 3310 3845 δυνηθεὶςτῇ
3359 3773 3463 3842 μιᾷ
3492 3768 3735 3842 ἀρκεσθῆ-

2157 3889 2247 3924 ναι
2279 3871 2389 3939 (I3)
2414 3870 2786 3941 τελευτησὰαῃ
2815 3871 2836 3898 ⁸
2864 3869 3054 3921 ἕνεκέν
3090 3884 3232 3930 τινος
3258 3867 3605 3936 προφάσεως,
3624 3878 3736 3931 πορ·

2161 3962 2331 4026 νείας,
2362 3962 2394 4031 ἦ
2426 3961 2690 4033 μοιχείας,
2718 3962 2751 4033 ἢ
2789 3960 2966 4031 κακῆς
2995 3959 3172 4022 αἰτίας
3205 3957 3491 4028 χωρισμοῦ
3527 3952 3731 4024 γενομέ-

1563 4117 1585 4152 ⁸
1602 4116 1749 4189 Lego
1776 4117 2051 4191 τελεσιουρ

2155 4119 2322 4190 ιμένῃ.
2395 4118 2418 4149 ⁸
2446 4117 2714 4189 Suspecta
2748 4117 2882 4172 mihi
2915 4117 3019 4172 loci
3058 4116 3223 4185 hujus
3256 4115 3551 4187 Integritas
3581 4118 3675 4165 cst.

2170 4294 2404 4349 rumque
2435 4276 2542 4332 PP.
2579 4278 2849 4333 sententia
2885 4275 3009 4331 fuit.
3059 4276 3103 4349 A_
3133 4289 3240 4345 qua
3274 4274 3495 4349 tametsi
3533 4268 3739 4348 nonnul-

2172 4345 2347 4403 lorum
2392 4348 2496 4404 PP.
2543 4350 2900 4402 auctoritates
2953 4362 3015 4399 ac
3066 4346 3283 4415 degrela
3341 4345 3633 4396 abhorrere
3658 4345 3739 4415 1i-

2169 4421 2427 4481 deantur,
2472 4435 2594 4489 qua:
2631 4422 2773 4487 apud
2815 4408 3162 4471 Gratianum'
3181 4424 3335 4489 parte
3366 4429 3426 4475 ιι,
3470 4427 3631 4465 causa
3658 4408 3734 4489 δῇ.

478 4480 736 4555 phanium
788 4480 955 4561 velle:
1016 4488 1180 4543 licere
1230 4504 1338 4541 non
1403 4489 1566 4561 modo
1627 4499 1748 4558 post
1812 4480 2067 4558 conjugis
2099 4482 2142 4535 D
2171 4498 2365 4561 (IUEBSL
2405 4490 2456 4553 7,
2488 4480 3024 4561 commemorantur;
3069 4494 3125 4542 et
3170 4480 3468 4561 (.ajelanns
3512 4480 3734 4561 cumati-

482 4569 735 4630 mortem,
787 4558 881 4610 sed
932 4573 998 4630 eo
1043 4573 1260 4625 quoque
1294 4559 1606 4628 superstite,
1646 4561 1689 4630 si
1732 4576 1899 4613 causa
1942 4562 2065 4630 legi-

481 4627 613 4698 tima
646 4629 912 4698 quaepiam
962 4627 1375 4698 intercesserit,
1405 4630 1606 4682 alteras
1647 4629 1785 4684 inire
1817 4627 2061 4698 nuptia's.

482 4695 616 4749 Nam
665 4697 710 4753 si
747 4698 815 4752 de
857 4697 1120 4769 secundis
1151 4699 1415 4769 duntaxat
1441 4706 1561 4769 post
1593 4704 1822 4752 mortem
1859 4695 2064 4769 ageret,

481 4781 745 4840 quorsum
796 4770 911 4832 haec
964 4767 1248 4840 adjiceret,
1304 4767 1489 4840 ἕνεκέν
1537 4785 1682 4840 τινος
1738 4767 2066 4840 προφάσεως

484 4838 761 4909 πορνείας,
790 4847 921 4899 etc.,
959 4839 1021 4891 ob
1050 4838 1286 4909 aliquant
1317 4839 1505 4907 stupri,
1543 4838 1814 4903 adulterii,
1846 4841 1923 4893 vel
1943 4841 2069 4893 alte-

486 4906 597 4962 rius
624 4908 819 4977 ﬂagitii
852 4925 1071 4962 causam
1097 4911 1122 4963 .9
1155 4906 1292 4962 Tum
1326 4911 1376 4962 id
1406 4906 1617 4963 'elarius
1656 4911 1910 4975 subinde,
1942 4925 2065 4965 cum

482 4979 639 5052 dicit,
662 4979 773 5032 ἀλλ’
801 4979 911 5052 ἀπο
946 4982 1074 5050 μιᾶς
1103 4979 1452 5052 ἀποσχεθεὶς,
1475 4980 1722 5052 δευτέρᾳ,
1745 4982 1795 5034 εί
1830 4980 2064 5051 τύχοιεν,

481 5049 633 5119 νόμῳ
684 5048 1041 5121 συνοφθῆναι.
1089 5048 1360 5121 Quocirca
1408 5066 1515 5103 non
1565 5048 1775 5121 dubito.
1806 5048 1936 5121 quin
1993 5052 2066 5104 ita

486 5123 864 5193 corrigemlum
896 5123 988 5193 sit.
1024 5120 1619 5193 τελευτησάσῃ,ἱνεκέν
1648 5120 1970 5185 τινος,“εῑρ.,
2011 5131 2069 5175 ut

488 5189 596 5244 duo
626 5189 737 5261 sint
775 5192 1024 5261 digamia:
1050 5189 1249 5259 genera
1279 5209 1292 5245 :
1332 5189 1565 5261 primum
1618 5208 1785 5245 uxore
1813 5200 2063 5261 mortua;

490 5260 813 5324 secundum,
844 5260 969 5331 post
1004 5262 1322 5331 divortium,
1354 5262 1520 5315 altera
1554 5263 1655 5316 sibi
1686 5263 1938 5331 copulata
1994 5260 2068 5313 ita

491 5333 711 5402 quidem
755 5329 1112 5402 Epiphanius.
1152 5329 1257 5386 Sed
1293 5339 1354 5384 ut
1402 5332 1508 5385 illis
1552 5329 1898 5402 temporibus
1940 5347 2076 5385 non-

492 5401 619 5454 dum
655 5415 718 5454 ea
762 5417 848 5456 res
910 5403 980 5454 ab
1031 5401 1276 5455 Ecclesia
1334 5402 1553 5455 deﬁnita
1601 5401 1827 5463 prersus
1880 5401 2067 5463 fuerit,

492 5469 656 5524 hodie
682 5480 884 5541 tamen,
933 5472 1347 5540 praesertimque
1392 5481 1517 5541 post
1565 5474 1768 5527 editum
1815 5489 1843 5525 a
1892 5487 2073 5526 sacro-

494 5548 684 5612 sancta
718 5535 1039 5593 Tridentiua
1089 5535 1300 5612 synod'o
1344 5535 1630 5608 canonem,
1673 5544 1833 5597 aliter
1867 5542 2071 5597 sentire

494 5608 670 5683 nefas,
704 5623 881 5683 quam
914 5608 1403 5683 superstiteprit-ri
1451 5612 1703 5682 conjuge,
1752 5614 1914 5667 etiam
1950 5620 2073 5683 post

496 5676 796 5752 lvgititnum
829 5676 1147 5752 divortium,
1183 5676 1371 5752 alteris
1416 5676 1660 5750 copulari
1703 5683 1907 5752 nuptiis
1936 5676 2073 5735 nun-

493 5746 653 5816 quam
707 5750 892 5803 licere.
947 5746 1076 5809 Qua:
1110 5757 1162 5803 ct
1216 5746 1526 5821 Augustini,
1562 5746 1899 5827 llieronj’mi,
1934 5753 2066 5806 alio-

2167 4558 2303 4631 quot
2336 4560 2735 4632 recentioribus
2766 4559 3040 4632 theologis
3066 4560 3400 4632 comminuam
3450 4558 3507 4632 in
3546 4559 3744 4632 sentcn—

2169 4625 2297 4685 tiam
2352 4630 2689 4691 discesserit,
2722 4630 2881 4698 longe
2936 4625 3113 4702 potior
3164 4635 3247 4681 est
3302 4625 3559 4702 ξςοίςίςυ
3586 4625 3736 4702 totius

2167 4717 2268 4756 vox
2298 4712 2351 4755 et
2382 4702 2698 4761 consensio,
2723 4695 2845 4769 qua}
2875 4695 3120 4759 sessﬂi,
3149 4713 3273 4751 ean.
3308 4696 3336 4748 7
3370 4713 3398 4748 a
3430 4695 3737 4748 Tridentum

2168 4786 2435 4828 consessu
2469 4772 2797 4841 proponitur
2851 4769 3459 4841 Porruintt-riweterum
3508 4772 3736 4841 lBSlllIIO-

2170 4844 2283 4901 nia,
2304 4838 2506 4912 quibus
2531 4838 2655 4911 post
2681 4841 2979 4909 legitimum
3003 4838 3132 4912 illud
3161 4838 3455 4912 divortium
3491 4838 3736 4903 permissa

2172 4907 2557 4968 innocentibus
2592 4907 2922 4981 conjugibus
2978 4909 3333 4981 matrimonia
3348 4907 3625 4981 qvidentur,
3657 4917 3739 4981 re-

2172 4984 2301 5038 ferri
2332 4992 2520 5052 potest:
2544 4972 2862 5054 Arelatense
2886 4981 3121 5049 primum
3160 4979 3453 5054 concilium
3486 4992 3607 5054 caui.
3652 4972 3738 5050 1οξ

2170 5055 2261 5124 qtti
2300 5047 2390 5107 hic
2423 5054 2600 5107 obiter
2628 5047 3001 5124 emendandus
3030 5058 3133 5124 est.
3175 5048 3249 5124 De
3291 5048 3391 5124 his,
3426 5047 3632 5123 inquit,
3655 5047 3737 5124 ¹(μή

2170 5111 2417 5195 έοηλυθεε
2458 5140 2584 5178 suas
2635 5125 2688 5176 in
2734 5122 3008 5195 adulterio
3057 5111 3548 5195 deprchendtutt._et
3598 5111 3735 5195 tidem

2171 5182 2293 5249 sun't
2324 5182 2675 5248 adolescentes
2707 5193 2910 5261 ﬁdeles,
2936 5204 2983 5246 et
3018 5182 3357 5261 prohibentur
3396 5187 3599 5261 nubere.
3636 5182 3739 5251 pid-

2173 5266 2280 5316 cuit
2312 5276 2388 5321 ut.
2423 5269 2477 5318 in
2520 5257 2775 5332 quantum
2806 5257 3026 5330 potesl.’
3051 5261 3333 5314 consilium
3368 5260 3439 5312 eis
3476 5257 3645 5332 detur,
3685 5265 3741 5328 πίε

2174 5336 2464 5389 virentibus
2501 5328 2756 5387 ultoribus
2789 5328 2924 5390 suis.
2955 5334 3070 5386 licet
3104 5332 3386 5392 adulteris,
3434 5328 3573 5380 alias
3617 5337 3741 5375 am-

2172 5406 2342 5473 piant.
2382 5404 2482 5459 Ubi
2518 5405 2860 5473 negationem
2890 5406 3102 5477 deesse.
3134 5404 3552 5477 legendumque:
3582 5404 3631 5477 et
3648 5406 3739 5477 ηίξη

2172 5466 2516 5542 prohibentur
2559 5466 2749 5528 nubere
2778 5483 3067 5528 contextus
3088 5466 3215 5542 ψδὲ
3233 5470 3498 5540 orationis
3528 5466 3735 5543 iudicat.

2176 5532 2309 5600 Nam
2338 5547 2383 5600 si
2414 5546 2774 5615 prohibentur
2804 5547 3029 5606 nubere,
3058 5532 3166 5597 non
3199 5532 3596 5615 consilun'nuad
3632 5532 3739 5615 illos

2175 5599 2549 5681 coercendos,
2613 5616 2705 5671 sed
2767 5599 3028 5686 ιιι-τητινιηῖ
3092 5614 3399 5669 necessitas
3452 5599 3738 5661 adhibenda

2179 5686 2372 5743 fuerat.
