4046 6444
393 423 556 483 τί]ὶὸ

1066 423 1434 483 ADVERSUS
1479 422 1822 482 HASRESES
1851 426 1992 482 'L‘IB.
2021 427 2085 482 ll.
2128 427 2295 482 ΤΟΜ.
2335 427 2372 482 Ι.
2414 459 2482 469 -
2516 426 2791 482 HAERES.
2835 427 2970 482 LIX.

3547 427 3682 483 1θέίὶ

395 561 527 606 -νου,
575 541 915 610 συναφθέντα
964 542 1192 614 δευτέρᾳ
1234 543 1473 610 γυναικὶ,
1508 542 1542 613 ἢ
1587 543 1721 614 γυνὴ
1762 543 2000 615 δευτέρῳ

2103 545 2380 614 copulent.
2445 544 2768 614 Quanquam
2819 543 2911 613 qui
2952 556 3114 596 unam
3149 539 3416 596 duntaxat
3453 541 3674 606 habuit,

408 631 587 705 ἀνδρὶ,
609 631 709 686 οὐκ
736 634 972 687 αἰτιᾶται
1004 635 1032 687 6
1055 633 1192 697 θεῖος
1225 633 1402 702 λόγος,
1428 635 1550 688 οὐδὲ
1591 637 1698 690 ἀπὸ
1725 637 1825 707 τῆς
1871 637 1992 690 Ἐκ-

412 723 640 794 κλησίας
667 724 760 776 καὶ
797 725 893 794 τῆς
926 722 1073 793 ζωῆς
1113 725 1499 796 ἀποκηρύττει,
1527 725 1660 780 ἀλλά
1699 727 1992 781 διαϐαστά-

411 813 495 878 ζει
516 815 601 867 διὰ
628 815 688 869 τὸ
716 815 971 879 ἀσθενέςο
1005 819 1104 887 οὐχ
1133 819 1219 870 ἵνα
1249 818 1341 871 δύο
1368 821 1630 887 γυναῖκας
1658 819 1750 872 ἐπὶ
1774 820 1833 873 τὸ
1862 822 1994 874 αὐτὸ

413 910 516 978 σχῇ
553 906 630 960 ἔτι
661 908 953 980 περιούσης
985 909 1085 978 τῆς
1111 911 1268 980 ’μιᾶς,
1305 909 1417 963 ἀλλ’
1451 911 1558 963 ἀπὸ
1585 913 1728 980 ’μιᾶς
1765 913 1994 982 ἀποσχε-

413 997 548 1060 θεὶς,
582 999 830 1070 δευτέρᾳ,
867 1003 915 1052 εί
959 1000 1199 1070 τύχοιεν,
1241 1001 1390 1071 νόμῳ
1429 1002 1783 1072 συναφθῆναι.
1825 1001 1995 1057 Ἐλεεῖ

410 1082 599 1137 τοῦτον
628 1086 656 1136 6
700 1086 851 1152 ἆγιος
884 1085 1039 1154 λόγος
1079 1087 1174 1140 καὶ
1219 1088 1250 1158 ὴ
1303 1088 1432 1156 ἁγία
1483 1088 1615 1142 Θεοῦ
1663 1091 1986 1162 Ἐκκλησία*

414 1172 650 1240 μάλιστα
684 1175 730 1225 εἰ
759 1175 1014 1242 τυγχάνει
1035 1177 1063 1228 6
1095 1174 1332 1238 τοιοῦτος
1361 1174 1429 1228 τὰ
1455 1175 1589 1230 ἄλλα
1619 1163 1871 1250 εὐλαϐὴς,
1898 1181 1991 1233 καὶ

409 1259 555 1312 κατὰ
603 1259 762 1331 νόμον
817 1262 949 1314 Θεοῦ
1001 1263 1428 1332 πολιτευόμενος.
1464 1263 1574 1316 Καὶ
1623 1263 1732 1336 γὰρ
1773 1267 1872 1320 οὐκ
1924 1267 1989 1320 ἂν

409 1351 594 1420 ἔλεγεν
621 1354 650 1404 6
696 1353 1015 1418 Ἀπόστολος
1048 1358 1163 1419 ταῖς
1192 1359 1414 1426 χήραις’
1451 1357 1858 1424 Γαμείτωσαν,
1894 1377 1990 1412 τε·

408 1446 902 1511 κνοπτονείτωσαν,
958 1445 1600 1500 οὶκοδεσποτείτωσαν·
1653 1449 1775 1502 οὐδὲ
1829 1449 1989 1504 πάλιν

407 1536 561 1604 ἔλεγε
590 1537 666 1606 τῷ
709 1538 860 1608 ἀνδρὶ
887 1537 964 1609 τῷ
1007 1539 1106 1610 τὴν
1141 1542 1370 1607 γυναῖκα
1413 1541 1505 1595 τοῦ
1553 1540 1758 1611 πατρὸς
1792 1540 1986 1611 ἔχοντι,

407 1629 507 1680 καὶ
533 1627 927 1694 παραδοθέντι
965 1627 1044 1694 τῷ
1065 1628 1300 1696 Σατανᾷ
1332 1633 1418 1696 είς
1451 1631 1700 1700 ὄλεθρον
1726 1637 1951 1700 σαρκός
1972 1647 1986 1662 ⁸

409 1719 548 1771 "Ira
577 1717 643 1770 τὸ
675 1717 910 1787 πνεῦμα
947 1717 1111 1786 σωθῇ
1143 1719 1212 1771 ἐν
1247 1719 1324 1788 τῇ
1366 1720 1553 1789 ἡμέρᾳ
1594 1721 1700 1775 τοῦ
1733 1723 1983 1789 Κυρίου·

404 1808 510 1860 οὐκ
556 1807 708 1876 ἔλεγε
755 1809 946 1862 πάλινο
1002 1807 1318 1876 κυρώσατε
1360 1814 1449 1877 εἰς
1502 1813 1688 1866 αὐτὸν
1724 1813 1986 1883 ἀγάπην,

2095 637 2290 703 majori
2322 635 2581 690 Ecclesiae
2611 635 2820 705 judicio
2857 636 3064 691 honore
3093 635 3295 703 dignus
3317 643 3420 688 est.
3445 631 3550 687 Sed
3574 633 3662 686 cui

2093 735 2311 782 mortua
2368 743 2476 782 una
2535 743 2644 780 non
2694 725 2913 791 sumcit,
2971 741 3094 780 cum
3147 725 3440 779 occasione
3495 724 3679 793 aliqua

2092 821 2265 888 stupri
2321 817 2704 888 adulteriique,
2755 825 2849 872 aut
2899 817 3128 872 alterius
3161 815 3384 887 ﬂagitii,
3434 830 3558 870 cum
3613 831 3677 871 ea

2093 910 2383 965 divortium
2417 909 2627 974 fecerit,
2655 911 2701 964 is
2725 910 2772 964 si
2803 911 3030 963 alteram
3059 923 3283 962 uxorem
3307 905 3547 970 duxerit,
3577 915 3677 960 aut

2093 1000 2248 1054 alteri
2291 1000 2408 1054 viro
2452 1001 2651 1054 mulier
2701 1001 2974 1069 nupserit,
3017 1013 3298 1053 sacrarunt
3348 997 3680 1051 Litterarum

2092 1091 2392 1144 auctoritas
2444 1090 2511 1144 ab
2555 1091 2700 1144 omni
2777 1073 2932 1158 culpa
3003 1089 3124 1142 illos
3175 1087 3452 1150 absolvit,
3503 1102 3684 1155 neque

2092 1181 2161 1235 ab
2217 1179 2482 1245 Ecclesia,
2530 1190 2624 1234 aut
2668 1195 2868 1234 acterna
2911 1179 3022 1233 vita
3066 1179 3266 1248 rejicit,
3310 1178 3406 1233 sed
3458 1184 3683 1248 preptcr

2090 1270 2516 1325 imbecillitatem
2553 1271 2862 1324 tolerandos
2881 1270 3188 1324 existimat.
3215 1267 3336 1324 Non
3364 1271 3434 1323 ita
3463 1277 3674 1329 tamen,

2091 1361 2232 1418 duas
2271 1372 2329 1416 ut
2359 1363 2526 1417 altera
2561 1363 2857 1432 superstite
2885 1375 3087 1415 uxores
3130 1361 3294 1415 simul
3331 1359 3550 1423 habeat,
3585 1359 3682 1413 sed

2094 1463 2150 1508 ut
2183 1455 2251 1508 ab
2276 1469 2386 1508 una
2418 1461 2726 1524 separatus,
2755 1454 2979 1507 alteram
3017 1453 3120 1507 sibi
3147 1452 3402 1520 legitime,
3433 1452 3478 1504 si
3510 1450 3680 1513 lubet,

2091 1545 2372 1616 adjungat.
2397 1545 2765 1611 Quamobrem
2799 1559 2928 1615 erga
2959 1543 3230 1615 ejusmodi
3264 1543 3536 1597 hominem
3571 1549 3682 1595 tam

2091 1636 2314 1691 divinus
2343 1652 2546 1700 sermo,
2607 1652 2766 1708 quam
2813 1636 3054 1690 Ecclesia
3107 1634 3199 1690 Dei
3245 1632 3682 1688 misericordiam

2091 1723 2349 1790 adhibet,
2396 1726 2698 1794 praesertim
2753 1725 2798 1779 si
2836 1726 3054 1780 caeteris
3091 1724 3144 1779 in
3187 1724 3350 1778 rebus
3395 1723 3682 1792 religiosus

2091 1815 2181 1870 ille
2229 1815 2320 1879 sit,
2366 1823 2420 1870 et
2459 1815 2526 1868 ad
2571 1816 2768 1870 divina:
2819 1817 2953 1886 legis
2995 1815 3376 1886 praescriptum
3413 1813 3536 1869 vitae
3572 1829 3684 1868 sua:

405 1899 510 1951 ἵνα
539 1897 622 1968 μὴ
653 1898 728 1967 τῇ
761 1901 1160 1969 περισσοτέρᾳ
1183 1903 1352 1971 λύπῃ
1391 1903 1702 1972 καταποθῇ
1739 1907 1772 1958 ό
1801 1905 1989 1959 τοιοῦ-

2098 1907 2338 1962 rationes
2364 1909 2760 1962 accommodet.
2789 1907 2946 1973 Quod
2971 1907 3077 1962 nisi
3109 1909 3183 1962 ita
3211 1914 3376 1972 esset,
3401 1922 3682 1975 nunquam

404 2006 534 2054 τος.
572 1988 764 2057 Ἔλεγε
823 1989 931 2062 γὰρ
979 1990 1174 2045 πάλιν·
1221 1986 1297 2062 τῼ
1346 2009 1402 2045 τι
1445 1991 1768 2062 χαρίζεσθε,
1808 1996 1987 2064 κάγὼ.

404 2083 584 2144 Διότι,
623 2081 678 2133 εἴ
713 2097 768 2133 τι
809 2079 1182 2150 κεχάρισμαι,
1233 2080 1310 2134 δι’
1337 2081 1494 2150 ὑμᾶς
1533 2083 1887 2154 κεχάρισμαι
1923 2086 1992 2140 ἐν

403 2172 705 2240 προσώπῳ
735 2173 1014 2241 Χριστοῦ,
1055 2173 1156 2226 ἵνα
1181 2171 1268 2241 μὴ
1303 2175 1835 2245 πλεονεκτηθῶμεν
1871 2177 1990 2230 ὑπὸ

403 2263 516 2316 τοῦ
547 2261 802 2318 Σατανᾶ.
847 2266 928 2318 Οὺ
961 2262 1068 2334 γὰρ
1101 2263 1286 2317 αὐτοῦ
1328 2264 1401 2316 τὰ
1442 2265 1709 2335 νοήματα
1740 2257 1992 2337 ἀγνοοῦ-

351 2424 358 2428 λ
397 2371 540 2422 μεν.
572 2355 695 2408 [Kal
723 2356 856 2426 ὁρᾷς
898 2355 1014 2420 πῶς
1043 2355 1226 2408 δίδωσι
1261 2356 1548 2427 μετάνοιαν
1601 2359 1694 2412 καὶ
1744 2359 1882 2431 μετὰ
1923 2361 1990 2415 τὰ

407 2447 837 2518 παραπτώματα
857 2464 871 2513 ;

2095 1997 2276 2052 viduis
2307 1999 2603 2069 Apostolus
2635 1998 2900 2054 dixisset:
2932 1997 3175 2064 Nubant,
3208 1997 3351 2067 ﬁlios
3376 2008 3680 2066 procreent,

2098 2088 2321 2158 familiae
2345 2089 2563 2156 prtrsiul
2600 2088 2638 2142 '.
2688 2087 2794 2142 Sed
2830 2104 3010 2158 neque
3040 2088 3108 2142 de
3153 2087 3375 2142 homine
3419 2087 3542 2150 illo,
3587 2088 3681 2156 qui

2098 2180 2270 2250 patris
2314 2194 2538 2232 uxorem
2572 2178 2832 2244 duxerat,
2865 2179 2935 2231 ob
2977 2177 3139 2246 idque
3166 2175 3382 2232 Sataua:
3421 2178 3477 2230 in
3520 2177 3684 2230 inter-

2098 2273 2229 2325 itum
2265 2271 2441 2324 carnis
2479 2271 2709 2325 traditus
2746 2271 2942 2340 fuerat,
2981 2271 3056 2324 ita
3107 2271 3442 2340 loqueretur,
3469 2278 3526 2322 ut
3577 2269 3684 2336 spi-

2096 2363 2233 2415 ritus
2278 2361 2454 2416 saluus
2497 2362 2563 2416 sit
2601 2363 2656 2415 in
2701 2363 2785 2415 die
2815 2361 3112 2424 Domini',
3152 2377 3328 2432 neque
3353 2361 3487 2414 illud
3523 2375 3683 2414 usur-

2098 2460 2300 2523 paret:
2351 2452 2676 2518 Conﬁrmata
2727 2454 2783 2506 in
2824 2453 2975 2506 illum
3034 2452 3370 2517 charitatem,
3418 2469 3481 2506 ne
3516 2451 3684 2505 abun-

400 2541 649 2594 dantiore
700 2539 919 2594 tristitia
959 2537 1302 2594 absorbeatur
1341 2539 1600 2608 ejusmodi
1627 2541 1666 2594 ³.
1709 2541 1917 2608 Quibus
1940 2545 2056 2599 haec
2076 2544 2274 2613 adjecit
2301 2561 2314 2596 :
2346 2541 2446 2598 Cui
2472 2543 2672 2613 aliquid
2699 2542 2964 2609 donastis,
2989 2554 3037 2597 et
3059 2558 3190 2614 ego;
3217 2543 3467 2612 quoniam
3501 2543 3681 2612 siquid

402 2638 600 2691 donavi
626 2679 642 2702 ,

704 2645 916 2708 propter
979 2652 1066 2690 vos
1109 2635 1300 2689 donavi
1342 2635 1394 2688 in
1448 2635 1584 2704 facie
1623 2635 1852 2701 Christi,
1902 2655 1964 2693 ne
2023 2638 2496 2692 circumveniamur
2537 2654 2567 2690 a
2612 2636 2856 2692 Satana:
2891 2654 3050 2706 neque
3085 2637 3223 2691 enim
3263 2635 3409 2690 illius
3455 2637 3682 2690 astutias

403 2729 717 2800 ignoramus
750 2732 792 2786 ⁸.
847 2726 1012 2781 Vides
1047 2734 1104 2780 ut
1130 2728 1462 2796 pmnitentiee
1522 2729 1700 2782 locum
1737 2731 1901 2784 etiam
1942 2739 2066 2801 post
2107 2730 2306 2786 delicta
2339 2728 2639 2783 concedat?

484 2842 558 2893 E'.
592 2840 758 2895 Πάλιν
789 2838 845 2892 δὲ
885 2836 1158 2908 ἁΚύριός
1211 2852 1404 2907 φησιν·
1439 2838 1653 2905 ’Ἅφετε
1701 2837 1997 2904 ἀλλήλοις

407 2933 484 2988 τὰ
541 2929 998 3000 παραπτώδιιατα,
1049 2929 1149 2982 ἵνα
1192 2928 1289 2982 καὶ
1353 2930 1386 2982 ό
1438 2925 1639 2995 Πατὴρ
1671 2929 1836 2996 ὑμῶν
1865 2932 1897 2983 ό
1927 2929 1998 2982 ἐν

406 3021 646 3091 οὐρανῷ
683 3021 904 3092 ἀφήσει
932 3019 1094 3088 ἡμῖν.
1138 3017 1297 3072 Ἀλλὰ
1326 3019 1418 3071 καὶ
1465 3021 1520 3070 ὲν
1558 3018 1704 3088 ἄλλῳ
1729 3018 1879 3091 τόπῳ
1906 3020 1997 3072 οὓ-

404 3135 520 3180 τως
543 3115 674 3185 φησί
691 3133 704 3146 ο
734 3114 1024 3180 Πενθήσω
1055 3112 1327 3178 πολλοὺς
1359 3110 1500 3177 τοὺς
1545 3112 1613 3164 ἐν
1642 3111 1788 3180 ἡμῖν
1809 3127 1997 3180 ,παρα-

406 3204 734 3269 πεσόντας,
785 3203 885 3257 καὶ
932 3202 1016 3272 μὴ
1065 3199 1592 3272 μετανοήσαντας“
1632 3199 1707 3264 ὼς
1759 3199 1992 3268 δεικνὺς,

2167 2837 2232 2893 V.
2270 2838 2351 2892 Ad
2381 2837 2498 2892 haec
2522 2837 2732 2890 Domini
2768 2835 2860 2890 illa
2893 2851 2995 2892 vos
3021 2843 3128 2900 est,
3169 2835 3434 2889 Dimittite
3465 2836 3684 2890 invicem

2091 2939 2406 2999 ματαίω-ιιι
2433 2939 2483 2982 et
2517 2927 2680 2982 Pater
2697 2937 2887 2990 vester,
2918 2928 3008 2997 qui
3045 2929 3100 2981 in
3135 2928 3279 2981 certis
3303 2935 3403 2992 est,
3445 2925 3682 2980 dimittat

2093 3021 2233 3074 vobis
2263 3021 2305 3072 ⁵.
2366 3019 2571 3073 Deinde
2619 3019 2700 3074 sic
2744 3019 2852 3072 alio
2889 3018 3010 3071 loco
3061 3018 3284 3086 scripsit
3338 3019 3680 3087 Apostolus:

2092 3109 2300 3181 Lugebo
2331 3111 2546 3174 multos,
2587 3109 2678 3180 qui
2710 3109 2764 3163 in
2793 3108 2935 3162 vobis
2980 3109 3278 3163 ceciderunt
3308 3127 3467 3180 neque
3508 3113 3678 3180 poeni-

2097 3203 2310 3258 tentiam
2351 3211 2564 3272 egerunt
2601 3202 2653 3266 ⁸,
2702 3209 2761 3254 ut
2794 3202 3068 3265 ostendat,
3107 3203 3326 3256 tametsi
3353 3202 3672 3268 ceciderint,

404 3299 515 3360 ὅτι,
577 3297 626 3348 εἰ
672 3295 767 3348 καὶ
819 3293 1160 3366 παρέπεσαν,
1211 3293 1305 3346 καὶ
1337 3293 1687 3363 μετενόησαν,
1730 3292 1992 3346 εἰσδεκτοὶ

2097 3310 2162 3349 ac
2203 3294 2579 3364 pmnitentiam
2619 3293 2994 3363 susceperint,
3026 3293 3251 3347 admitti
3303 3293 3680 3360 nihilominus,

407 3382 559 3442 οὗτοι
579 3387 840 3456 γίνονται,
877 3385 972 3438 καὶ
1005 3385 1104 3437 οὐκ
1141 3383 1632 3454 άποῦληθήσονται,
1655 3383 1748 3438 τοῦ
1787 3383 1991 3455 Κυρίου

398 3477 774 3549 ,γινώσκοντος
809 3475 858 3531 τί
890 3475 1027 3548 μετὰ
1055 3475 1285 3529 ἑκάστου
1318 3475 1585 3546 ποιήσειε.

487 3591 598 3644 Καὶ
642 3591 724 3644 ὅτι
763 3589 862 3659 μὲν
899 3590 928 3642 6
956 3587 1136 3642 κανὼν
1176 3588 1274 3658 τῆς
1306 3587 1564 3658 ἀληθείας
1604 3588 1845 3644 τοιοῦτον
1883 3589 1995 3660 ἔχει

406 3685 504 3736 τὸν
529 3682 877 3754 χαρακτῆρα,
919 3679 1080 3734 παντί
1109 3697 1185 3750 τῳ
1215 3679 1384 3748 σαφές
1412 3682 1548 3734 ἐστι.
1583 3681 1738 3734 Μετὰ
1767 3681 1876 3752 γὰρ
1898 3681 1996 3752 τὴν

410 3775 641 3847 πρώτην
672 3775 960 3846 μετάνοιαν
987 3772 1084 3845 τὴν
1111 3772 1195 3826 διὰ
1219 3771 1313 3824 τοῦ
1344 3771 1568 3842 λουτροῦ
1602 3773 1700 3843 τῆς
1729 3773 1995 3842 παλιγγε-

409 3867 632 3930 νεσίας,
664 3869 721 3919 ὲν
834 3864 1092 3938 μετανοίᾳ
1141 3863 1493 3934 άνεκαινίσθη
1539 3865 1646 3926 πᾶς
1689 3863 1992 3936 ἄνθρωπος,

407 3957 642 4028 δευτέρα
673 3973 756 4020 τις
788 3956 1009 4028 τοιαύτη
1036 3957 1134 4026 οὐχ
1160 3955 1410 4026 ὑπάρχει.
1447 3953 1584 4008 Οὔτε
1611 3954 1720 4024 γὰρ
1758 3955 1852 4008 δύο
1891 3957 1996 4009 εἰσὶ

413 4035 790 4120 βαπτίσματα,
813 4048 952 4101 ἀλλὰ
979 4049 1066 4101 ἓν·
1107 4047 1228 4100 οὒτε
1267 4047 1347 4110 δὶς
1391 4045 1707 4118 ἐσταυρώθη
1740 4047 1994 4119 Χριστὸς,

411 4141 532 4194 ἀλλ’
560 4139 726 4205 ἆπαξ·
749 4139 873 4194 οὔτε
890 4140 971 4206 δὶς
994 4139 1261 4194 ἀπέθανεν
1290 4137 1433 4210 ὑπὲρ
1454 4137 1632 4208 ἡμῶν,
1653 4137 1748 4192 καὶ
1771 4137 1994 4208 ἀνέστη.

413 4229 526 4284 Καὶ
557 4230 745 4284 τούτου
780 4231 939 4302 χάριν
968 4228 1439 4300 ὲπασῳαλίσασθαι
1467 4229 1568 4292 δεῖ,
1597 4229 1684 4282 ἵνα
1715 4229 1788 4299 μὴ
1819 4244 1998 4298 παρα-

410 4324 694 4388 πεσόντες,
727 4325 818 4378 τὸν
861 4324 1124 4394 στέφανον
1161 4323 1257 4378 τοῦ
1284 4323 1680 4394 ἀνακαινισμώ
1721 4323 1998 4377 ἀπολέσω-

415 4432 540 4488 μεν.
601 4415 762 4469 Ἀλλὰ
798 4416 890 4471 ἐάν
932 4434 1016 4481 τις
1061 4415 1384 4488 παραπέσῃ,
1427 4415 1524 4469 καὶ
1571 4399 1894 4484 προληφθῇ
1928 4413 1998 4468 ἐν
2047 4397 2054 4406 ’

409 4525 534 4562 τινι
578 4507 1034 4578 παραπτώματι,
1073 4509 1148 4571 ὡς
1193 4506 1340 4575 λέγει
1385 4507 1414 4558 6
1457 4504 1800 4570 Ἀπόστολος,
1828 4504 1998 4575 ὑμεῖς

2099 3393 2202 3440 néc
2234 3385 2458 3442 omnino
2499 3385 2674 3454 rejici.
2707 3383 2867 3438 Novit
2907 3384 3051 3439 enim
3094 3383 3360 3440 Dominus
3394 3385 3525 3454 quid
3562 3386 3680 3439 uni-

2098 3481 2298 3551 cuique
2330 3479 2578 3535 facturus
2599 3478 2692 3535 sit.

2169 3591 2326 3658 Quod
2360 3592 2525 3662 igitur
2556 3592 2803 3647 veritatis
2833 3593 3016 3663 regula
3047 3591 3116 3646 ad
3139 3606 3258 3646 eam
3296 3605 3418 3646 sese
3451 3589 3680 3645 formam

2099 3682 2318 3747 habeat,
2345 3683 2548 3736 nemini
2575 3691 2659 3738 est
2689 3683 3009 3738 obscurum.
3047 3680 3259 3752 Quippe
3291 3689 3414 3751 post
3447 3682 3682 3751 priorem

2097 3773 2496 3842 pmuitentiam,
2530 3789 2651 3843 quae
2685 3789 2780 3844 per
2818 3775 3076 3828 secundae
3112 3773 3480 3844 generationis
3517 3774 3682 3828 lotio-

2096 3879 2221 3917 nem
2245 3864 2542 3929 obtinetur,
2578 3865 2631 3918 in
2659 3881 2766 3934 qua
2800 3865 3136 3936 pmnitentite
3171 3864 3434 3920 beneﬁcio
3455 3865 3680 3934 quilibet

2099 3966 2392 4009 renovatus
2443 3965 2562 4019 est,
2617 3956 2887 4026 ejusmodi
2949 3956 3191 4010 secunda
3239 3957 3476 4026 amplius
3532 3955 3682 4010 nulla

2101 4047 2428 4116 poenitentia
2449 4047 2726 4116 suppetit.
2754 4047 2872 4101 Non
2915 4047 3060 4102 enim
3092 4047 3346 4116 baptismi
3371 4047 3482 4102 duo
3516 4055 3682 4112 sunt,

2106 4138 2200 4193 sed
2233 4153 2378 4194 unus
2405 4137 2690 4193 duntaxat.
2723 4137 2910 4208 Neque
2948 4139 3030 4194 bis
3072 4140 3128 4193 in
3173 4153 3394 4193 crucem
3431 4140 3681 4195 Christus

2099 4238 2254 4283 actus
2289 4235 2396 4292 est,
2435 4229 2530 4283 sed
2582 4230 2784 4295 semel;
2819 4245 2931 4284 non
2979 4230 3066 4284 bis
3091 4231 3330 4299 denique
3377 4245 3478 4299 pro
3527 4232 3680 4286 nobis

2099 4328 2352 4374 mortuus
2369 4326 2474 4380 est,
2493 4335 2556 4374 ac
2571 4321 2890 4375 resurrexit.
2905 4321 3072 4393 (.98
3089 4321 3450 4386 Quamobrem
3467 4335 3680 4376 summa

2099 4411 2172 4466 ob
2207 4411 2261 4465 id
2291 4410 2598 4466 adhibenda
2632 4413 2817 4467 cautio
2841 4421 2948 4478 est,
2978 4429 3068 4480 ne,
3099 4414 3146 4468 si
3175 4415 3227 4467 in
3252 4424 3534 4484 peccatum
3559 4430 3684 4484 pru-

2100 4501 2238 4570 lapsi
2294 4501 2582 4566 fuerimus,
2629 4502 3049 4560 instaurationis
3095 4505 3244 4560 illius
3282 4520 3485 4560 corona
3521 4507 3680 4563 nobis

410 4603 469 4653 οἱ
497 4599 882 4669 πνευματικοὶ
913 4596 1280 4669 καταρτίζετε
1311 4596 1418 4650 τὸν
1447 4595 1716 4650 τοιοῦτον
1736 4595 1806 4649 ἐν
1828 4595 2003 4649 πνεύ-

2107 4600 2310 4664 pereat.
2347 4591 2452 4649 Sed
2483 4595 2530 4650 si
2555 4596 2680 4665 quis
2711 4605 2891 4650 tamen
2917 4597 3105 4667 lapsus
3131 4597 3315 4664 fuerit,
3346 4597 3607 4669 fueritque
3629 4599 3680 4652 iu

411 4709 552 4762 ματι
602 4695 962 4758 πραότητος·
1017 4690 1266 4745 σκοπῶν
1313 4689 1599 4750 σεαυτὸν,
1637 4686 1724 4757 μὴ
1777 4687 1873 4742 καὶ
1916 4687 1999 4742 σὺ

412 4783 765 4852 πειρασθῇς.
818 4783 1072 4849 Ἐάν’τις
1117 4779 1209 4838 οὖν
1257 4781 1544 4854 προληφθῇ
1593 4779 2000 4852 παραπτώματι

414 4879 476 4929 ὲν
505 4875 602 4945 οἵῳ
629 4875 672 4928 δ’
699 4875 768 4930 ἂν
797 4875 904 4948 εἴη,
935 4877 1280 4946 μετανοείτω.
1307 4873 1530 4944 Δέχεται
1562 4873 1674 4944 γὰρ
1695 4873 1723 4925 ὁ
1744 4871 1874 4934 Θεὸς
1901 4870 2001 4940 τὴν

420 4967 710 5035 μετάνοιαν
751 4968 844 5020 καὶ
873 4965 1010 5036 μετὰ
1040 4966 1100 5020 τὸ
1128 4966 1430 5036 βάπτισμα,
1452 4965 1548 5018 ὲάν
1571 4982 1653 5028 τις
1683 4963 1996 5034 παραπέσῃ.

419 5055 546 5119 Πῶς
586 5055 643 5109 δὲ
684 5057 821 5127 μετὰ
868 5055 1027 5109 τοῦτο
1075 5059 1267 5119 ποιεῖν,
1313 5055 1475 5118 αὐτὸς
1514 5055 1672 5126 μόνος
1717 5053 1996 5124 γινώσκει.

431 5147 884 5217 Ἀνεεερεύνητα
905 5148 1014 5220 γὰρ
1042 5146 1110 5201 τὰ
1155 5146 1406 5216 κρίματα
1441 5145 1651 5209 αὐτοῦ,
1697 5147 1794 5200 καὶ
1829 5146 2003 5210 ἀνεξ-

409 5240 719 5307 ιχνίαστοι
750 5243 810 5294 αἱ
851 5239 978 5294 ὁδοὶ
1016 5236 1204 5292 αὐτοῦ
1225 5253 1238 5268 ·
1296 5237 1392 5291 καὶ
1439 5237 1546 5308 πρὸ
1579 5237 1678 5302 τῆς
1705 5237 2004 5308 παρουσίας

417 5331 478 5384 οὐ
506 5331 589 5385 δεῖ
612 5332 816 5402 κρίνειν
835 5351 846 5362 ·
883 5333 1036 5398 ’Έως
1059 5331 1136 5385 ἂν
1157 5331 1302 5399 ἔλθῃ
1332 5333 1365 5386 ὀ
1385 5331 1620 5397 Κύριος,
1648 5329 1717 5396 ὃς
1738 5330 1836 5384 καὶ
1863 5332 2007 5386 ἀπο-

416 5423 680 5490 καλύψει
725 5421 798 5476 τὰ
851 5421 1174 5490 άπόκρυςρα
1223 5421 1336 5490 τῆς
1385 5419 1651 5488 καρδίας.
1702 5419 1813 5473 Καὶ
1874 5421 2006 5473 τότε

418 5515 661 5581 ἔπαινος
729 5512 991 5569 ἑκάστου
1059 5513 1316 5583 φανερὸς
1369 5509 1706 5582 γενήσεται.
1772 5511 1834 5566 Ἠ
1891 5511 2003 5580 τὰρ

498 5760 513 5790 ³
550 5757 724 5816 ICor.
762 5777 858 5824 vn,
884 5761 945 5826 9;
979 5760 992 5812 l
1027 5761 1168 5815 Tim.
1201 5779 1253 5824 γ,
1291 5761 1376 5816 Η.

423 5827 446 5864 ⁶
477 5828 521 5885 ιι
551 5829 678 5886 Cor.
716 5847 812 5898 xu,
855 5835 944 5886 2|.
1045 5835 1062 5863 ⁷
1100 5833 1274 5887 Calai.
1311 5848 1384 5895 γι,
1445 5831 1490 5884 1.
1587 5832 1606 5858 ⁸
1631 5829 1790 5885 Rom.
1821 5845 1892 5896 si,
1921 5830 2005 5884 55.

1461 5761 1479 5790 '
1515 5759 1530 5813 1
1565 5759 1692 5830 Cor.
1719 5775 1770 5823 ν,
1797 5757 1848 5811 5.
1933 5758 1952 5789 ³
1983 5758 2162 5814 IlCor.
2200 5775 2261 5824 II,
2313 5759 2342 5811 7
2387 5769 2438 5815 ct
2473 5761 2527 5816 8.
2605 5760 2628 5794 ⁵
2671 5760 2801 5817 ibid.
2842 5761 2929 5830 10,
2970 5763 3052 5819 Η.

2107 4686 2283 4757 aliqua
2316 4686 2530 4754 delicto,
2556 4696 2616 4742 ut
2643 4688 2944 4759 Apostolus
2974 4691 3235 4760 loquitur,
3265 4699 3680 4758 praeoccupatus,

2101 4797 2189 4835 ros
2225 4781 2314 4850 qui
2344 4780 2613 4849 spiritales
2630 4783 2779 4847 estis,
2813 4781 3076 4852 ejusmodi
3113 4783 3362 4837 instruit:
3400 4783 3453 4835 in
3493 4782 3680 4850 spiritu

2099 4871 2358 4934 lenitatis,
2387 4871 2732 4925 considerans
2757 4875 3108 4942 temetipsum,
3142 4889 3206 4926 ne
3233 4881 3282 4926 et
3313 4882 3370 4925 tu
3401 4873 3617 4926 tenteris
3637 4873 3680 4926 ".

2099 4963 2370 5028 Quocirca
2409 4963 2454 5016 si
2473 4947 2598 5032 quis
2615 4972 2838 5034 peccato
2853 4965 3057 5035 aliquo,
3080 4965 3444 5035 quodcunque
3463 4965 3681 5019 demum

2100 5057 2233 5109 illud
2280 5056 2371 5120 sit,
2421 5065 2724 5126 occupatus
2754 5056 2954 5123 fuerit,
2999 5057 3165 5124 hujus
3208 5057 3359 5112 illum
3395 5057 3680 5128 paeniteat.

2099 5146 2486 5202 Paenitentiam
2507 5148 2655 5202 enim
2683 5149 2765 5202 vel
2787 5157 2913 5219 post
2946 5149 3275 5218 baptismum
3295 5150 3496 5220 accipit
3516 5150 3680 5213 Deus,

2101 5239 2146 5292 si
2177 5238 2303 5307 quis
2329 5237 2470 5292 forte
2492 5237 2804 5308 deliquerit.
2837 5237 2978 5306 Quid
3002 5248 3182 5294 autem
3209 5241 3471 5310 deinceps
3497 5241 3680 5305 faciat,

2102 5331 2255 5385 solus
2287 5330 2404 5400 ipse
2428 5330 2599 5385 novit.
2643 5329 3026 5385 Inscrutabitia
3059 5332 3332 5401 siquidem
3363 5332 3511 5388 illius
3535 5325 3682 5402 judi-

2090 5423 2185 5485 _cia
2209 5430 2354 5486 sunt,
2386 5431 2436 5476 et
2459 5421 2852 5491 inuestigabites
2879 5423 2976 5478 uia:
3005 5423 3121 5492 ejus
3148 5423 3202 5490 ⁸;
3242 5439 3344 5478 nec
3371 5433 3500 5481 ante
3538 5427 3683 5481 illius

2103 5511 2396 5566 adventurm
2417 5513 2668 5582 judicare
2683 5528 3014 5585 quemquam
3039 5523 3287 5585 oportet:
3314 5513 3492 5571 Donec
3515 5517 3681 5571 veniat

3133 5762 3153 5794 ⁸
3192 5759 3384 5816 Matth.
3450 5773 3526 5819 Vt,
3594 5754 3677 5810 Η.
