4046 6432
340 391 383 444 Ἰ
394 387 499 444 0‘39

1027 383 1394 440 ADVERSUS
1429 383 1768 440 [LERESES
1809 383 1934 439 LIB.
1979 384 2043 440 ll.
2087 383 2250 440 TOM.
2301 385 2415 439 l.—
2455 383 2730 440 llA'iflES.
2777 385 2916 442 LIX.

3503 395 3638 448 ΗΚΛ

355 501 718 567 δολιεύεσθαι,
783 499 1200 572 μὴδιαϐάλλειν,
1239 501 1314 573 μὴ
1337 502 1612 567 κλέπτειν,
1645 501 1720 574 μὴ
1753 504 1948 574 ἐμπορ-

2063 509 2209 555 terea
2263 501 2494 570 requiri,
2529 509 2587 554 ut
2619 515 2797 570 neque
2845 501 3238 563 convitiéntur,
3281 518 3382 558 nec
3415 510 3641 561 omnino

350 595 631 654 νεὺεσθαι.
673 595 767 648 Ἐκ
809 592 1017 648 τούτων
1055 594 1163 666 γὰρ
1213 596 1430 648 πάντων
1480 595 1770 663 συνάγεται
1815 595 1948 666 ἡμῖν

352 688 426 742 τὰ
481 686 626 760 ῥύπη
693 685 803 738 τῶν
860 687 1309 760 ἁμαρτημάτων.
1360 687 1460 752 Ὠς
1513 685 1644 757 γὰρ,
1701 687 1941 757 φησ¹ιν,δ

352 777 682 844 πάσσαλος
723 777 834 848 (14)
873 777 990 832 ἀνὰ
1029 776 1225 846 μέσον
1260 776 1376 830 τῶν
1417 777 1528 832 δύο
1561 779 1749 832 ,λίθων
1793 791 1944 832 συν-

351 873 630 940 τρίϐεται,
663 868 853 934 οὕτως
887 869 927 935 ἡ
961 869 1217 938 ἁμαρτία
1261 870 1380 924 ἀνὰ
1405 869 1601 939 μέσον
1637 869 1950 940 ἀγοράζον-

353 976 461 1027 τος
485 959 581 1012 καὶ
607 957 982 1024 πωλοῦντος·
1016 959 1109 1012 καὶ
1137 959 1218 1011 ὅτι
1248 959 1312 1011 ὲκ
1343 959 1436 1012 τοῦ
1463 957 1702 1030 πλήθους
1731 959 1950 1022 πάντως

351 1050 452 1104 καὶ
492 1050 732 1122 μέθυσοι,
777 1051 872 1103 καὶ
909 1051 1116 1122 πόρνοι,
1153 1050 1248 1104 καὶ
1291 1051 1630 1112 πλεονέκται,
1673 1051 1765 1104 καὶ
1798 1068 1948 1104 τοκι-

352 1143 504 1207 σταὶ,
534 1143 629 1196 καὶ
661 1141 878 1204 πάντως
913 1143 995 1196 ὅτι
1033 1141 1104 1194 τὰ
1129 1142 1353 1196 τοιαῦτα
1379 1141 1583 1212 ἔχουσι,
1618 1142 1713 1194 καὶ
1737 1140 1948 1204 τούτοις

351 1237 522 1306 ὅμοια
546 1253 558 1268 ·
588 1237 670 1290 ὅτι
699 1236 793 1290 καὶ
823 1235 1116 1306 ψεύσματα
1144 1237 1359 1305 ἑκάστῳ
1389 1235 1569 1288 αὐτῶν
1609 1234 1948 1308 παρακολου-

339 1327 460 1382 θεῖ.
499 1327 622 1391 Πῶς
651 1325 744 1382 οὖν
781 1327 1033 1381 δύνανται
1077 1329 1306 1391 ἑαυτοὺς
1336 1326 1622 1398 Καθαροὺς
1653 1327 1948 1380 ἀποκαλεῖν

351 1419 445 1474 διὰ
491 1420 590 1492 τῆς
641 1422 772 1491 μιᾶς
822 1421 1194 1490 ὑποσχέσεως,
1249 1419 1345 1489 τῆς
1395 1419 1577 1488 πάσης
1633 1417 1772 1472 κατὰ
1815 1417 1948 1470 Θεὸν

347 1509 744 1582 πραγματείας
776 1511 906 1582 περὶ
947 1509 1166 1562 πάντων
1206 1507 1312 1561 τῶν
1357 1507 1685 1578 σφαλμάτων
1717 1505 1948 1574 ἀσφαλι-

349 1601 631 1673 ζομένης;
671 1601 784 1655 οὐκ
827 1599 1070 1669 ἔγνωσαν
1098 1617 1157 1654 τε
1196 1592 1342 1653 οὗτοι
1369 1601 1438 1654 τὰ
1475 1598 1676 1670 ἀκριδῆ
1721 1597 1816 1650 τοῦ
1851 1615 1938 1668 xq—

357 1690 660 1762 ρύγματος,
713 1691 832 1745 οὐδὲ
888 1691 994 1744 τίνι
1047 1689 1292 1762 ἀφώρισε
1330 1689 1392 1744 τὸ
1431 1689 1751 1762 ἀκρίὸασαα
1789 1687 1948 1740 τοῦτο

348 1784 457 1852 τῆς
485 1785 605 1854 διγα
615 1785 764 1856 μίας.

2056 607 2182 646 vere
2231 589 2442 647 falsove
2486 591 2701 660 jurent,
2752 607 2852 648 nec
2895 592 3040 648 aliud
3083 593 3380 664 quidquam
3423 606 3642 666 praeter,

2051 684 2234 749 etiam,
2271 685 2468 751 etiam,
2531 701 2652 747 non,
2698 686 2870 750 nan’,
2911 695 3215 756 usurpeut;
3257 703 3324 742 ne
3363 687 3490 742 dolo
3543 691 3648 743 cii-

2051 777 2430 841 cumveniant,
2490 792 2558 832 ne
2609 777 3050 844 calumnientur,
3099 794 3168 834 ne
3223 777 3512 845 furentur,
3573 793 3633 832 ne

2051 874 2302 938 stuprum
2331 868 2705 922 committant.
2730 867 2945 934 Quibus
2973 885 3040 924 ex
3067 869 3322 924 omnibus
3348 871 3634 924 criminum

2052 959 2244 1012 sordes
2277 959 2606 1030 colligimus.
2661 960 2859 1030 Atque,
2913 971 2971 1014 ut
3022 962 3200 1030 palus,
3251 963 3447 1032 inquit,
3503 963 3634 1016 inter

2051 1051 2184 1105 duo:
2227 1050 2426 1119 lapides
2454 1053 2746 1106 conteritur
2767 1094 2782 1118 ,
2821 1054 2898 1107 sic
2929 1061 3200 1124 peccatum
3238 1055 3291 1107 in
3324 1053 3494 1109 medio
3523 1055 3635 1122 ejus

2051 1145 2140 1212 qui
2168 1145 2315 1206 emit,
2369 1154 2419 1198 et
2455 1144 2629 1200 vendit
2657 1147 2702 1199 ³.
2738 1145 2819 1200 Ad
2850 1147 2964 1201 haec
2998 1148 3376 1202 necessarium
3407 1162 3546 1210 esse,
3583 1154 3636 1199 ut

2051 1241 2104 1288 et
2135 1235 2292 1300 ebrii,
2317 1246 2370 1290 et
2399 1243 2762 1308 stupratores,
2803 1247 2864 1292 et
2895 1239 3070 1304 avari,
3102 1249 3154 1294 et
3199 1238 3558 1312 feneratores,
3589 1251 3634 1292 et

2053 1325 2346 1395 ejusmodi,
2397 1342 2460 1382 ac
2505 1327 2780 1382 similibus
2830 1329 2980 1384 vitiis
3033 1330 3292 1384 obstricti
3359 1332 3412 1384 in
3458 1331 3637 1404 populi

2055 1417 2415 1481 multitudine
2483 1427 2815 1473 versentur:
2850 1420 3293 1489 quandoquidem
3347 1423 3638 1488 unicuique

2055 1507 2338 1562 mendacia
2390 1508 2793 1564 adhzereseunt.
2841 1509 3088 1576 Quanam
3123 1513 3293 1582 igitur
3327 1511 3505 1568 fronte
3535 1513 3634 1570 Pu-

2054 1614 2146 1654 ros
2199 1599 2477 1668 appellare
2543 1601 2758 1668 seipsos
2823 1603 3093 1673 singulari
3151 1603 3243 1658 illa
3307 1604 3640 1674 professione

2055 1697 2288 1760 possunt
2319 1709 2331 1743 :
2367 1705 2490 1744 cum
2541 1692 2720 1746 omnis
2763 1691 3092 1746 Christiana:
3131 1692 3256 1747 vita:
3291 1693 3641 1749 instituenda-

2055 1779 2196 1831 ratio
2239 1777 2312 1832 ab
2360 1780 2509 1832 omni
2557 1778 2882 1834 delictorum
2934 1796 3133 1852 genere
3184 1783 3484 1838 cavendum
3522 1801 3640 1840 esse

269 1916 280 1924 .
329 1877 696 1932 rconstituat?
745 1875 916 1946 Igitur
957 1875 1282 1930 Christiana:
1309 1874 1575 1928 doctrina:
1617 1878 1932 1926 accuratam
1972 1870 2047 1924 illi
2078 1868 2310 1923 formam
2365 1885 2475 1924 non
2523 1878 2767 1935 norunt;
2808 1887 2986 1941 neque
3039 1873 3258 1927 cuinam
3312 1883 3504 1930 exarta
3553 1877 3644 1932 illa

351 1972 424 2026 de
463 1969 721 2026 secundis
761 1969 968 2038 nuptiis
997 1969 1332 2038 praescriptis
1367 1969 1452 2023 lex
1494 1966 1680 2029 fuerit,
1715 1981 1942 2036 prorsus
1973 1962 2308 2032 intelligunt.

440 2065 600 2120 Ἀλλὰ
638 2067 733 2120 καὶ
759 2067 810 2118 oi
855 2064 964 2117 ἀπὸ
1001 2063 1092 2118 τοῦ
1125 2063 1366 2136 διωγμοῦ
1421 2061 1943 2136 παραπεπτωκότες,

2121 2057 2276 2124 Quod
2325 2058 2390 2113 ad
2433 2075 2528 2115 eos
2581 2076 2712 2115 vero
2761 2068 2991 2132 spectat,
3049 2063 3140 2132 qui
3171 2063 3223 2117 iu
3258 2062 3642 2132 persecutione

347 2159 450 2213 καὶ
477 2157 632 2210 αὐτοὶ
666 2155 761 2209 ἐὰν
789 2153 1130 2220 ἐπιδείξωνται
1173 2153 1386 2206 τελείαν
1409 2153 1508 2226 τὴν
1544 2152 1854 2224 μετάνοιαν,
1890 2153 1949 2204 ὲν

352 2247 547 2316 σάκκῳ
581 2243 680 2299 καῖ
722 2243 906 2316 σποδῷ
932 2243 1308 2309 καθεσθέντες,
1344 2242 1439 2296 καί¹
1495 2242 1832 2304 κλαύσαντες
1865 2242 1950 2293 ὲν-

348 2335 530 2389 ώπιον
563 2335 794 2406 Κυρίου,
817 2332 1045 2398 δυνατός
1073 2335 1221 2386 ἐστιν
1253 2334 1282 2386 ὁ
1312 2331 1609 2403 εὐεργέτης
1639 2331 1734 2386 καὶ
1754 2331 1950 2392 αὐτοὺς

333 2429 595 2500 "ﬁdem.
633 2427 706 2480 Θύ
738 2427 847 2498 γάρ
883 2444 936 2479 τι
979 2423 1181 2496 φαῦλον
1225 2425 1433 2494 γίνεται
1485 2424 1594 2477 ἀπὸ
1637 2421 1946 2494 μετανοίας.

356 2519 582 2590 Δέχεται
609 2513 702 2571 οὖν
735 2517 862 2580 τοὺς
895 2514 1292 2587 μετανοοῦντας
1321 2517 1349 2568 ὁ
1378 2513 1584 2586 Κύριος
1607 2515 1700 2566 καὶ⁸
1725 2515 1757 2584 ὴ
1780 2511 1946 2566 αὐτοῦ

361 2607 663 2678 ’Ἐκκλησία
681 2624 694 2636 ·
719 2607 793 2669 ὡς
816 2607 1116 2678 ἐπέστρεψε
1146 2606 1446 2676 Μανασσῆς
1471 2608 1498 2658 ό
1525 2604 1642 2668 υίὸς
1682 2603 1947 2669 Ἐζεκίου,

337 2700 451 2754 διαὶ
493 2699 685 2770 ἐδέχθη
741 2699 845 2751 ὑπὸ
897 2699 1138 2769 Κυρίου·
1177 2698 1272 2752 καὶ
1311 2697 1340 2750 ὁ
1381 2696 1762 2770 ἀρνησάμενος
1813 2694 1952 2767 πρὸς

335 2792 506 2863 -ὦραν
541 2791 693 2860 ἅγιος
727 2790 952 2862 Πέτρος,
986 2790 1080 2844 καὶ
1110 2789 1540 2862 κορυφαιότατος
1572 2788 1682 2842 τῶν
1712 2788 1948 2844 ἀποστό-

349 2883 484 2947 λων,
529 2883 586 2946 ὃς
625 2882 848 2952 γέγονεν
896 2883 1028 2953 ἡμῖν
1067 2881 1284 2954 ἀληθῶς
1331 2881 1530 2952 στερεὰ
1575 2881 1752 2954 πέτρα
1784 2879 1950 2953 θεμε-

349 2973 548 3028 λιοῦσα
574 2973 672 3044 τὴν
715 2972 898 3028 πίστιν
935 2973 1026 3027 τοῦ
1075 2973 1284 3045 Κυρίου
1309 2989 1321 3002 ·
1357 2973 1440 3042 ἐφ’
1559 2972 1876 3045 ᾠκοδόμητο
1915 2975 1949 3046 ή

363 3062 662 3132 Ἐκκλησία
685 3062 828 3116 κατὰ
859 3063 1036 3117 πάντα
1064 3063 1284 3135 τρόπον.
1317 3063 1544 3135 Πρῶτον
1567 3063 1666 3135 μὲν
1699 3065 1780 3118 ὃτι
1807 3065 1952 3136 ὡμο-

343 3154 554 3226 λόγησε
587 3155 820 3226 Χριστὸν
865 3156 955 3210 τὸν
988 3155 1118 3210 Υἱὸν
1153 3155 1245 3210 τοῦ
1287 3155 1421 3210 Θεοῦ
1463 3155 1558 3210 τοῦ
1601 3157 1824 3223 ζῶντος,
1854 3158 1951 3212 καὶ

347 3245 611 3318 ⁴ἤκουσεν,
656 3247 738 3300 ὅτι
789 3247 923 3301 Ἐπὶ
967 3245 1042 3316 τῇ
1075 3247 1262 3317 πέτρᾳ
1311 3249 1498 3320 ταύτῃ
1548 3249 1650 3320 τῆς
1701 3248 1951 3320 ἀσφαλῆς

349 3339 594 3404 πίστεως
613 3339 991 3410 οἰκοδομήσω
1003 3358 1124 3410 μου
1147 3339 1262 3409 τὴν
1300 3343 1690 3410 Ἐκκλησίαν.
1729 3343 1947 3416 Ἐπειδὴ

2053 2151 2216 2222 500
2263 2153 2506 2223 prolapsi
2543 2161 2694 2219 sunt,
2746 2155 2908 2209 etiam
2968 2156 3105 2220 illis,
3156 2155 3202 2210 si
3255 2155 3309 2208 in
3355 2169 3517 2210 sacco
3577 2170 3643 2208 ac

2050 2248 2237 2300 cinere
2260 2247 2516 2302 sedentes
2535 2263 2836 2319 coramque
2861 2247 3092 2303 Domino
3115 2247 3326 2312 ﬂentes,
3346 2247 3642 2318 perfectam

2051 2352 2162 2407 pra:
2206 2353 2264 2393 se
2311 2339 2695 2410 pwniteutiam
2754 2340 3003 2408 tulerint,
3053 2340 3331 2396 beneficus
3377 2339 3467 2394 ille
3502 2338 3644 2394 Deus

2051 2429 2491 2485 misericordiam
2567 2431 2829 2486 adhibere
2883 2435 3090 2502 potest.
3164 2430 3313 2486 Nihil
3373 2431 3518 2486 enim
3578 2447 3643 2484 ex

2052 2521 2371 2590 poenitentia
2407 2522 2535 2575 mali
2581 2523 2872 2578 redundat.
2913 2523 3128 2594 Excipit
3162 2541 3290 2596 ergo
3321 2527 3646 2596 pmnitenles

2053 2610 2328 2680 Dominus,
2404 2628 2618 2667 necnon
2678 2614 2800 2682 ejus
2859 2613 3126 2681 Ecclesia,
3183 2617 3644 2686 quemadmodum

2051 2703 2335 2760 Manasses
2370 2703 2616 2760 Ezecbim
2656 2706 2800 2762 ﬁlius
2833 2723 3132 2763 conversus
3154 2717 3258 2772 est,
3282 2717 3336 2763 ct
3362 2725 3392 2762 a
3417 2709 3648 2765 Domino

2049 2804 2308 2866 receptus
2337 2796 2385 2859 δ,
2428 2787 2666 2866 itemque
2711 2800 2968 2870 princeps
3010 2802 3383 2872 apostolorum
3428 2799 3644 2866 Petrus,

2050 2886 2144 2954 qui
2225 2883 2520 2940 Dominum
2596 2888 2894 2958 aliquando
2953 2891 3195 2961 negavit.
3260 2890 3363 2958 Qui
3424 2894 3646 2962 quidem

2052 2975 2240 3031 solidze
2284 2985 2452 3046 petrae
2513 2977 2686 3033 instar
2717 2981 2877 3036 nobis
2912 2983 3140 3046 exstitit,
3171 2983 3256 3037 cui
3289 2985 3433 3038 velut
3461 2984 3650 3040 funda-

2050 3077 2235 3122 mento
2272 3048 2482 3122 Domi’ni
2521 3069 2652 3125 fides
2684 3071 2966 3135 innititur,
3001 3089 3168 3144 supra
3207 3090 3369 3144 quam
3393 3074 3647 3134 Ecclesia

2050 3159 2228 3214 modis
2275 3160 2530 3215 onmibus
2579 3171 2860 3218 exstructa
2891 3174 2994 3219 est.
3051 3164 3108 3218 ln
3156 3166 3348 3235 primis
3401 3169 3643 3238 quidem,

2057 3251 2206 3320 quod
2234 3250 2519 3306 Christum
2567 3253 2658 3308 Dei
2690 3256 2797 3308 vivi
2828 3253 3025 3310 Filium
3059 3272 3184 3312 esse
3211 3259 3500 3314 confessus
3538 3271 3644 3323 est,

2054 3340 2217 3410 idque
2273 3343 2517 3396 vicissim
2569 3343 2782 3400 audiit:
2819 3344 2996 3415 Supra
3052 3347 3189 3401 hanc
3257 3349 3448 3417 solidae
3511 3351 3637 3405 fidei

355 3430 547 3500 σαφῶς
593 3428 758 3482 αὐτὸν
791 3405 1144 3501 ὡμολόγησεν
1177 3405 1304 3484 Ῠίὺν
1351 3405 1625 3502 ἀληθινόν.
1669 3432 1792 3499 Τὸ,ι
1835 3405 1947 3505 γὰρ

2055 3441 2259 3500 petram
2331 3435 2610 3506 wdi/icabo
2679 3436 2976 3492 Ecclesium
3058 3457 3228 3494 meam
3265 3441 3306 3496 ⁸.
3373 3441 3644 3508 Quoniam

347 3521 553 3584 εἰπεῖν,
624 3518 751 3574 Υίὺν
799 3517 936 3572 Θεοῦ
991 3517 1226 3584 ζῶντος,
1286 3518 1492 3586 ἔδειξεν
1538 3521 1668 3576 Υἰὸν
1723 3525 1944 3596 γνήσιον

350 3609 520 3678 εἶναι,
557 3611 696 3684 μετὰ
719 3612 1040 3685 προσθήκης
1065 3611 1186 3682 τῆς,
1211 3607 1448 3678 ζῶντος,
1479 3612 1555 3678 ὡς
1582 3615 1640 3668 ὲν
1669 3615 1818 3688 πάσῃ
1854 3633 1944 3686 μοι

355 3698 550 3772 σχεδὸν
577 3699 788 3770 αἱρέσει
824 3697 953 3770 περὶ
983 3697 1176 3753 τούτου
1207 3699 1444 3772 εἴρηται.

429 3964 513 4018 H’.
556 3961 717 4015 Ἀλλὰ
742 3962 836 4016 καὶ
879 3961 1131 4032 περὶτοῦ
1171 3961 1326 4031 ἁγίου
1368 3963 1686 4036 Πνεύματος
1723 3969 1752 4020 ό
1785 3969 1945 4034 αὐτὸς

353 4055 717 4127 ἁσφαλίζεται
768 4058 936 4128 ἡμᾶς,
982 4057 1158 4126 λέγων
1200 4061 1316 4122 τοῖς
1364 4059 1492 4132 περὶ
1541 4059 1789 4117 Ἀνανίαν
1814 4083 1828 4096 ·
1887 4066 1949 4120 Τί

353 4150 451 4204 ὅτι
505 4151 828 4219 ἐπείρασεν
873 4150 1027 4220 ὑμᾶς
1071 4154 1104 4206 ό
1152 4151 1448 4220 Σατανᾶς,
1485 4155 1832 4223 ψεύσασθαι
1879 4159 1948 4213 τὸ

355 4243 604 4312 Πνεῦμα
628 4244 692 4296 τό
719 4242 924 4310 (irier;
947 4243 1073 4296 Οὐκ
1088 4242 1377 4311 ἀνθρώπῳ
1397 4245 1764 4314 ἐψεύσασθε,
1786 4249 1950 4304 ἀλλὰ

353 4335 440 4402 τῷ
463 4332 586 4400 Θεῷ
639 4335 786 4389 Διότι
811 4337 876 4389 ὲκ
905 4334 1040 4388 Θεοῦ
1061 4335 1122 4389 τὸ
1147 4335 1393 4408 Πνεῦμα,
1423 4338 1518 4392 καὶ
1539 4339 1640 4392 οὐκ
1668 4323 1948 4412 ἀλλότριον

353 4427 518 4482 Θεοῦ.
565 4426 728 4481 Ἀλλὰ
771 4426 866 4481 καὶ
919 4426 1156 4481 ἐνταῦθα
1189 4429 1386 4500 στερεὰ
1433 4429 1610 4502 πέτρα
1659 4433 1950 4504 οἰκοδομῆς

355 4523 457 4576 καὶ
487 4520 736 4591 θεμέλιος
765 4520 913 4572 οἴκου
945 4519 1080 4572 Θεοῦ
1105 4521 1419 4592 γεγένηται,
1445 4522 1503 4575 ἐν
1525 4521 1602 4593 τῷ
1635 4525 1952 4596 ἀρνησάμε-

353 4631 450 4670 νον
473 4613 635 4667 αὐτὸν
657 4614 750 4666 καὶ
772 4612 936 4666 πάλιν
970 4613 1408 4684 ὑποστρέψαντα,
1436 4615 1726 4686 εὑρεθέντα
1759 4635 1818 4670 τε
1846 4618 1950 4672 ὑπὸ

2049 3524 2253 3580 diserte
2312 3543 2498 3582 verum
2557 3529 2708 3584 illum
2770 3546 2893 3586 esse
2953 3530 3150 3587 Filium
3205 3537 3463 3590 asseruit.
3511 3539 3646 3592 Cum

2048 3618 2194 3672 enim
2240 3617 2348 3672 vivi
2393 3617 2484 3674 Dei
2533 3617 2732 3674 Filium
2780 3622 2918 3676 dixit
2947 3623 2988 3686 ⁸,
3052 3623 3264 3692 adjecta
3335 3626 3436 3679 rivi
3475 3627 3647 3696 parti-

2049 3709 2195 3770 cula,
2223 3725 2546 3780 germanum
2575 3711 2727 3766 illum
2761 3728 2893 3768 csse
2931 3712 3128 3767 Filium
3162 3715 3370 3771 decuit.
3413 3717 3470 3772 ld
3499 3717 3649 3788 quod

2050 3801 2105 3856 in
2143 3803 2400 3857 omnibus
2442 3819 2578 3874 pene
2616 3805 2926 3862 refutandis
2976 3808 3283 3865 baeresibus
3311 3825 3341 3863 a
3386 3811 3550 3867 nobis
3574 3828 3650 3868 re-

2049 3894 2278 3966 petitum
2309 3896 2681 3952 meminimus.

2125 3984 2261 4040 Vlll.
2300 3985 2476 4041 Porro
2498 3987 2566 4042 de
2601 3987 2810 4058 Spiritu
2857 3998 3052 4046 saneto
3093 3993 3236 4048 idem
3275 3995 3367 4051 ille
3399 4013 3501 4052 nos
3547 3997 3650 4054 Pc-

2052 4085 2174 4132 trus
2203 4078 2472 4132 certiores
2505 4077 2695 4144 efﬁcit,
2729 4096 2853 4135 cum
2887 4082 2970 4136 sic
3006 4083 3276 4138 Ananiam
3315 4087 3644 4155 alloquitur:

2053 4169 2194 4236 Quid
2245 4170 2423 4239 utique
2467 4171 2686 4224 trntmit
2729 4188 2817 4226 vos
2867 4170 3122 4238 Satanas,
3157 4179 3370 4230 mentiri
3404 4176 3645 4247 Spiritui

2052 4263 2274 4316 sancto?
2326 4259 2450 4315 Non
2497 4261 2702 4316 homini
2749 4267 2953 4320 mentiti
3000 4269 3149 4331 estis,
3195 4268 3285 4322 sed
3318 4268 3484 4324 Deo".
3531 4269 3647 4325 Hoc

2052 4349 2200 4404 enim
2233 4365 2299 4404 eo
2327 4348 2536 4404 dictum
2576 4359 2682 4415 est,
2729 4355 2874 4422 quod
2918 4371 2986 4410 ex
3025 4355 3138 4412 Deo
3179 4357 3420 4428 Spiritus
3463 4362 3646 4430 profe-

2055 4449 2180 4498 ctus
2212 4441 2304 4505 sit,
2343 4457 2446 4496 nec
2485 4443 2554 4498 ab
2585 4460 2651 4499 eo
2681 4446 2753 4501 sit
2783 4447 3016 4504 alienus.
3049 4448 3250 4506 Verum
3290 4460 3344 4508 et
3392 4453 3484 4508 ille
3517 4469 3649 4524 quo-

2053 4547 2160 4603 que
2191 4533 2541 4591 firmissimus
2583 4544 2878 4594 structura:
2914 4541 3073 4610 lapis,
3116 4557 3181 4596 ac
3217 4542 3417 4598 divinae
3451 4546 3648 4602 domus

2057 4622 2475 4678 fundamentum
2508 4627 2632 4693 fuit,
2665 4643 2795 4710 cum
2819 4641 3016 4702 negato
3042 4633 3264 4690 Christo
3295 4651 3548 4692 reversus
3579 4637 3647 4691 ad

355 4705 567 4778 Κυρίου
597 4704 690 4759 καὶ
725 4703 1131 4768 καταξιωθέντα
1161 4704 1324 4760 πάλιν
1368 4707 1632 4763 ἀκοῦσαι·
1669 4713 1948 4782 Ποίμαινε

2074 4731 2220 4778 sese,
2276 4718 2426 4771 velut
2488 4703 2797 4790 repertusa
2839 4721 3094 4790 Domino,
3146 4735 3200 4780 et
3249 4727 3454 4783 honore
3497 4723 3648 4784 t’anto

357 4799 435 4854 τὰ
462 4796 731 4867 πρόϐατά
746 4815 885 4866 μουο
917 4798 1036 4861 καὶ,
1061 4800 1345 4868 Ποίμαινε
1369 4799 1441 4853 τὰ
1464 4801 1642 4870 ἀρνία
1670 4821 1811 4872 μουο
1835 4806 1948 4871 καὶ,

359 4891 646 4959 Ποίμαινε
670 4889 744 4944 τὰ
774 4889 1040 4956 πρόϐατά
1069 4907 1212 4958 μου.
1261 4891 1320 4944 'U
1345 4891 1454 4963 γὰρ
1492 4893 1748 4965 Χριστὸς,
1795 4897 1954 4952 τοῦτο

358 4980 556 5050 λέγων,
599 4983 679 5044 εἰς
725 4981 1060 5052 ἐπιστροφὴν
1092 4985 1240 5054 ἡμᾶς
1274 4984 1450 5055 ἤγαγε
1509 4990 1827 5057 μετανοίας·
1865 4991 1953 5044 ἵνα

358 5074 420 5127 ὲν
450 5073 600 5143 αὐτῷ
641 5073 804 5127 πάλιν
855 5073 1235 5145 οἰκοδομηθείη
1281 5078 1314 5145 ἡ
1363 5076 1824 5147 εὐθεμελιὼτατος
1861 5085 1953 5136 πί·-

363 5173 506 5221 στις,
533 5159 569 5228 ἡ
600 5157 674 5230 μὴ
700 5159 1124 5232 ἀπαγορεύουσα
1158 5160 1306 5234 ζωὴν
1343 5162 1454 5218 τῶν
1485 5163 1814 5234 ἀνθρώπων,
1839 5167 1954 5219 ὅσοι

354 5250 660 5320 ὲμπνέουσι
712 5250 791 5322 τῷ
848 5251 970 5323 βίῳ,
1032 5253 1134 5306 καὶ
1184 5255 1538 5325 μετανοοῦσιν
1593 5258 1654 5310 ὲν
1699 5256 1951 5328 ἀληθείᾳ,

440 5412 457 5443 ι
498 5409 562 5468 ιε’,
590 5408 689 5484 τῷ,
766 5413 789 5484 ξ
813 5409 1009 5484 Matth.
1037 5427 1092 5476 ν,
1116 5411 1207 5484 52.
1337 5411 1358 5442 ³
1383 5410 1550 5468 Eccli.
1577 5431 1750 5484 mm,
1774 5419 1829 5474 2.

365 5480 526 5538 Ἀρι.
559 5499 614 5550 v,
636 5479 689 5536 9.
762 5482 783 5513 ⁸
805 5479 964 5537 Joau.
1001 5497 1114 5546 xm,
1143 5482 1208 5536 15
1229 5497 1351 5552 sqq.

438 5663 551 5733 (l4)
603 5661 696 5726 Ὡς
728 5661 856 5730 γὰρ,
895 5663 1106 5731 φησὶν,
1147 5663 1180 5715 ὀ
1215 5661 1556 5730 πάσσαλος.
1595 5663 1836 5730 Mutatis,
1888 5685 1946 5727 ut

368 5733 524 5799 solet,
558 5733 738 5787 verbis
786 5734 963 5786 locum
1018 5733 1180 5805 istum
1243 5735 1492 5805 protulit,
1527 5736 1622 5805 qui
1674 5739 1744 5790 ita
1774 5737 1937 5791 Eucli.

370 5819 516 5858 xxru
558 5809 955 5870 conccptuscst
995 5819 1008 5854 :
1055 5802 1352 5874 Ἀναμέσον
1386 5802 1603 5860 λιθίνων
1643 5810 1947 5880 παγήσεται

1960 5423 1982 5456 ⁸
2011 5423 2056 5480 ΙΙ
2079 5425 2203 5482 Par.
2250 5448 2442 5499 χχχιιι,
2465 5434 2551 5489 13.

2061 4807 2308 4872 affectus,
2339 4810 2510 4864 audiit
2545 4831 2557 4866 :
2593 4811 2763 4868 Pasce
2785 4831 2902 4870 oves
2927 4833 3071 4872 mea:
3099 4833 3120 4882 ;
3165 4827 3219 4874 et
3251 4837 3264 4872 :
3296 4818 3466 4874 Pasce
3485 4837 3647 4889 agnos

2062 4915 2248 4962 meos;
2289 4916 2352 4954 ac
2397 4904 2559 4957 tertio
2583 4915 2605 4958 :'
2627 4905 2801 4962 Pasce
2840 4925 2956 4963 oves
2986 4925 3130 4962 meas
3153 4909 3195 4964 ⁸.
3231 4909 3364 4976 Quae
3395 4911 3648 4968 Christus

2063 5007 2191 5046 cum
2225 4993 2383 5058 dixit,
2433 4996 2501 5049 ad
2540 4999 2877 5066 pmnitentia:
2909 5017 3011 5056 nos
3039 5002 3454 5060 conversionem
3486 5004 3650 5060 indu-

2063 5084 2164 5146 xit,
2207 5101 2316 5157 quo
2351 5102 2569 5143 rursum
2614 5091 2669 5144 in
2717 5091 2811 5147 illo
2855 5093 3190 5152 solidissime
3235 5095 3460 5151 fundata
3513 5096 3648 5154 fides

2061 5177 2448 5246 a'dificaretur,
2481 5197 2602 5252 qua:
2632 5184 2769 5238 nulli
2800 5185 3087 5244 hominum
3131 5188 3296 5242 vitam
3325 5205 3388 5244 ac
3414 5188 3648 5246 salutem

2062 5273 2374 5341 subtrahit,
2427 5279 2672 5352 quandiu
2729 5281 2836 5336 vivi
2898 5298 2962 5338 ac
2994 5284 3272 5354 spirantes
3306 5298 3454 5350 sunt,
3483 5295 3650 5358 atque

2666 5437 2688 5468 ⁸
2729 5437 2920 5494 Matth.
2984 5457 3096 5505 xw,
3125 5442 3212 5498 18.
3323 5447 3343 5476 ⁶
3381 5446 3516 5502 ibid.
3549 5446 3646 5504 16.

2056 5673 2355 5759 πάσσαξος,
2400 5678 2819 5759 καὶὶὰναμέσον
2849 5682 3133 5759 πράσεως
3182 5685 3276 5740 καὶ
3330 5684 3647 5759 ἀγορασμωῖ

2057 5747 2477 5818 συντριϐήσεται
2503 5747 2772 5822 ἁμαρτία.
2907 5754 2914 5759 ’
