4046 6448
503 401 636 459 1031

1925 393 1982 450 S.
2029 394 2372 452 El’ll’llANll

3641 402 3761 462 1032

501 539 568 578 ex
619 521 808 577 animo
829 518 1214 592 paenitentiam
1256 516 1571 588 suscipiunt
1623 529 1688 570 ac
1719 513 1956 584 denique
1987 531 2086 570 sua

2191 518 2286 571 καὶ
2317 517 2652 590 διορθοῦνται
2688 516 2754 570 τὰ
2804 515 3016 570 ἑαυτῶν
3059 514 3350 584 σφάλματα
3399 516 3462 569 ἐν
3499 517 3578 590 τῷ
3621 520 3764 580 αίῶνι

502 613 556 666 in
590 611 694 668 hoc
716 610 924 666 mundo
958 608 1159 666 delicta
1188 607 1493 678 corrigunt.

577 703 672 759 ιχ.
741 703 1025 775 Siquidem
1077 703 1133 757 in
1212 699 1444 757 Cantico
1497 701 1836 756 canticorum
1901 701 2091 758 eadem

503 810 705 866 sponsa
743 795 889 849 hunc
917 794 972 848 in
1006 793 1229 847 modum
1253 805 1458 861 sponso
1486 791 1731 862 loquitur
1755 811 1766 847 :
1797 790 2094 862 Respondet

503 887 673 956 frater
725 904 895 952 meus,
932 895 982 941 et
1012 885 1141 940 dicit
1167 883 1298 938 mihi
1325 898 1344 936 :
1371 881 1560 955 Surge,
1593 887 1890 956 propinqua
1939 903 2055 940 mea
2075 927 2090 953 ,

503 981 740 1048 formosa
789 996 926 1044 mea,
968 977 1214 1032 columba
1239 993 1391 1042 mea;
1425 979 1678 1048 quoniam
1716 979 1880 1034 hiems
1912 990 2093 1036 trans-

501 1071 562 1124 iit
581 1072 632 1121 ιε
662 1071 766 1126 hoc
786 1079 892 1137 est,
927 1069 1103 1124 tristis
1133 1069 1248 1134 illa,
1273 1083 1339 1123 ac
1369 1069 1656 1124 tenebrosa
1697 1071 2091 1143 terribilisque,

503 1168 558 1214 ut
589 1161 661 1214 ita
723 1159 925 1222 dicam,
978 1159 1304 1213 nebularum
1365 1160 1546 1230 caligo
1613 1162 1857 1216 transiit.
1918 1162 2095 1218 Imber

501 1253 651 1317 abiit,
684 1261 734 1307 et
759 1252 993 1316 recessit,
1019 1251 1178 1320 ﬂores
1207 1262 1568 1320 apparuerunt
1603 1252 1658 1306 in
1689 1262 1832 1308 terra
1864 1264 2046 1309 nostra
2073 1273 2090 1310 :

501 1355 702 1413 tempus
745 1345 1043 1413 putationis
1087 1342 1341 1398 advenit:
1372 1357 1472 1396 eoa:
1501 1345 1728 1399 turturis
1778 1345 1966 1400 audita
2012 1358 2091 1402 est

500 1437 553 1488 in
586 1445 731 1489 terra
785 1444 972 1490 nostra
1016 1435 1196 1504 :ﬁcus
1235 1435 1457 1504 protulit
1501 1452 1716 1505 grossos
1747 1437 1903 1508 501
1937 1456 2086 1504 suos,

500 1530 662 1582 vinea:
714 1536 910 1582 nostra:
959 1527 1351 1596 germinarunt,
1391 1525 1646 1582 dederunt
1684 1528 1900 1584 adorem
1927 1533 1970 1585 ’.
2021 1529 2090 1587 Ut

500 1620 782 1690 praeterita
813 1621 997 1674 omnia
1035 1621 1326 1674 transiisse
1370 1628 1726 1688 monstraret,
1764 1637 1827 1676 ac
1861 1639 2088 1679 vernum

499 1711 664 1766 modo
714 1720 932 1782 tempus
965 1709 1181 1774 ﬂorere,
1227 1720 1482 1781 pacatum
1521 1728 1672 1768 mare
1715 1729 1781 1768 ac
1823 1715 2092 1786 tranquil-

501 1808 614 1858 lum
666 1819 814 1867 esse,
877 1803 1134 1858 imbrium
1195 1804 1448 1858 timorem
1497 1806 1850 1875 praeteriisse,
1903 1817 2088 1864 vetera

2195 625 2390 680 τουτῳ.
3309 677 3315 683 .

2266 699 2342 754 8'.
2385 699 2496 754 Καὶ
2528 699 2587 753 ὲν
2622 697 2702 772 τῷ
2743 701 2988 771 ’ᾼσματι
3017 697 3130 752 τῶν
3156 698 3415 771 ᾀσμάτων
3443 699 3549 772 ἔφη
3584 703 3760 779 αὑτηί]

2196 790 2383 864 νύμφη
2423 791 2558 865 πρὸς
2587 792 2678 848 τὸν
2725 792 2958 864 νυμφίον
2993 791 3264 860 λέγουσα·
3312 793 3712 862 Ἀποκρινεται
3736 802 3766 850 ἡ

2195 883 2458 954 ἀδελφός
2480 903 2622 956 μου,
2674 883 2774 939 καὶ
2807 883 2971 954 λέγει
3013 903 3117 954 μοι
3139 901 3152 914 ·
3203 883 3486 952 Ἀνάστα,
3528 887 3686 952 ἐλθὲ,
3731 890 3764 958 η

2195 977 2466 1044 πλησίον
2501 995 2622 1047 μου
2647 993 2660 1008 ·
2697 975 2854 1045 καλή
2894 993 3036 1046 μου,
3078 971 3397 1044 περιστερὰ
3430 994 3585 1046 μουο
3618 979 3702 1033 ὅτι
3737 983 3766 1032 ὁ

2195 1068 2418 1140 χειμὼν
2471 1069 2772 1138 παρῆλθε·
2803 1069 2874 1122 τὰ
2923 1069 3166 1141 στυγερὰ
3206 1086 3266 1122 τε
3303 1070 3397 1123 καὶ
3424 1068 3637 1141 ζοφώδη
3678 1070 3765 1142 τῆς

2196 1160 2505 1230 συννεφίας,
2556 1161 2652 1214 καὶ
2703 1159 3084 1232 φοϐερώτατα,
3123 1160 3200 1224 ὡς
3245 1162 3438 1226 εἰπεῖν,
3482 1161 3762 1232 παρῆλθεν.

2209 1251 2270 1305 '0
2302 1253 2479 1318 ὑετὸς
2503 1249 2803 1319 ἀπῆλθεν,
2820 1251 3111 1321 ἐπορεύθη
3131 1251 3340 1316 ἐαυτῷ·
3359 1252 3428 1306 τὰ
3447 1253 3600 1321 ἄνθη
3616 1252 3762 1322 ὤφθη

2191 1344 2262 1397 ἐν
2290 1343 2366 1413 τῇ
2389 1343 2467 1414 γῇ
2491 1343 2690 1414 ἡμῶνσ
2723 1348 2756 1398 o’
2789 1345 2994 1412 καιρὸς
3010 1343 3120 1412 τῆς
3137 1343 3326 1414 τομῆς
3346 1343 3594 1414 ἔφθασε·
3611 1347 3761 1416 φωνὴ

2192 1435 2303 1504 τῆς
2349 1439 2640 1507 τρυγόνος
2674 1439 2946 1506 ἠκούσθη
2987 1437 3056 1490 ἐν
3090 1435 3165 1505 τῇ
3197 1436 3274 1506 γῇ
3308 1435 3508 1506 ἡμῶν·
3544 1438 3582 1507 ἡ
3619 1437 3762 1507 συκῆ

2191 1528 2481 1599 ἐξήνεγκε
2505 1529 2647 1596 τοὺς
2676 1530 2976 1593 ὀλύνθους
3001 1528 3214 1597 αὐτῆς,
3252 1532 3312 1582 αἱ
3332 1529 3588 1598 ἄμπελοι
3612 1530 3764 1600 rigui»-

2191 1620 2608 1691 κυπρίζουσιν,
2651 1620 2885 1675 ἔδωκαν
2920 1620 3153 1690 ὀσμήν·
3197 1621 3284 1673 ἴνα
3313 1620 3465 1693 δείξῃ
3506 1623 3676 1677 πάντα
3703 1624 3762 1679 τὰ

2193 1715 2572 1786 παρῳχημένα
2610 1713 2949 1786 παρελθόντα
2975 1731 2987 1743 ³
3022 1711 3181 1784 ἔαρος
3211 1712 3270 1766 δὲ
3311 1711 3439 1784 ἄρτι
3471 1712 3758 1778 ἀνθοῦντος,

2191 1809 2288 1862 καὶ
2319 1806 2596 1878 Θαλάσσης
2633 1803 2978 1878 γαληνιώσης
3021 1820 3102 1871 τε,
3144 1804 3240 1858 καὶ
3277 1804 3448 1872 φόϐου
3492 1803 3588 1858 τοῦ
3621 1805 3760 1860 ὐετοῦ

499 1905 778 1952 sarmenta
810 1898 934 1951 vitis
983 1903 1284 1966 amputata,
1331 1896 1529 1954 herbas
1571 1913 1738 1969 porro
1778 1915 1890 1953 non
1923 1901 2087 1956 modo

2189 1898 2506 1964 διελθόντος,
2543 1899 2637 1952 καὶ
2677 1898 2786 1952 τῶν
2816 1895 3066 1950 παλαιῶν
3103 1896 3201 1967 τῆς
3225 1895 3475 1966 ἀμπέλου
3506 1898 3760 1969 τετμημέ-

499 1990 794 2053 virescere,
830 1988 926 2043 sed
972 1997 1028 2043 et
1074 1987 1239 2044 ﬂores
1283 1987 1542 2047 edidisse.
1576 1991 1714 2045 Cum
1747 2000 1797 2046 et
1828 1993 2090 2062 praedica-

501 2082 670 2137 tionis
721 2097 823 2136 vox
875 2081 931 2135 in
981 2081 1220 2145 deserto,
1282 2081 1388 2135 hoc
1441 2090 1528 2137 est
1578 2081 1633 2136 in
1689 2092 2087 2158 terra‘nostra,

497 2173 805 2240 clamaret;
841 2188 906 2227 ac
940 2173 1076 2227 licus
1111 2173 1202 2226 illa
1229 2173 1504 2244 quondam
1537 2184 1825 2230 exsecrata
1861 2191 2090 2246 grossos

498 2282 632 2322 suos
667 2265 1017 2338 produceret,
1054 2266 1316 2320 nimirum
1353 2267 1690 2337 pmnitentiae
1726 2267 1959 2334 fructus,
1995 2269 2087 2341 qui

499 2360 552 2412 in
589 2359 757 2413 ramis
787 2365 916 2413 sunt
947 2357 1350 2428 arboribusque
1397 2359 1722 2430 conspicui;
1763 2361 1904 2418 vites
1932 2362 2090 2418 deni-

495 2465 602 2519 que
653 2450 928 2520 parturire
966 2451 1147 2518 ﬂores,
1201 2450 1252 2504 id
1284 2459 1368 2506 est
1403 2451 1732 2522 fragrantem
1763 2457 2090 2528 evangelica:

505 2540 629 2596 ﬁdei
692 2541 1141 2612 praedicationem
1185 2542 1504 2613 cwpisseut.
1556 2543 1854 2615 Postquam
1906 2559 2086 2604 autem

499 2633 682 2688 subito
727 2649 848 2688 eam
898 2634 1276 2704 compellavit,
1341 2650 1406 2690 ac
1461 2637 1642 2690 dixit:
1676 2635 1880 2710 Surge,
1951 2644 2086 2698 veni.

502 2723 680 2796 Surge
733 2740 762 2778 a
813 2733 991 2778 morte
1025 2734 1399 2794 peccatorum,
1452 2735 1508 2782 et
1560 2731 1682 2783 veni
1735 2731 1788 2784 in
1836 2731 2086 2803 iustitia;

499 2831 665 2884 surge
719 2831 750 2868 a
796 2815 1032 2882 delicto,
1090 2823 1145 2872 et
1198 2817 1320 2872 veni
1376 2834 1499 2874 cum
1554 2820 1789 2890 ﬁducia;
1839 2841 2004 2896 surge
2057 2840 2088 2881 a

497 2905 760 2976 peccatis,
795 2913 849 2959 ct
869 2906 994 2961 veni
1029 2905 1096 2960 ad
1132 2908 1542 2978 pmnitentiam;
1587 2928 1752 2984 surge
1789 2916 1858 2970 ab
1890 2916 2084 2972 aﬂ‘ecta

498 2996 834 3061 valetudine,
871 3005 926 3051 et
967 2998 1086 3052 veni
1123 2997 1178 3052 in
1223 2999 1495 3068 sanitate;
1544 3017 1710 3074 surge
1749 3007 1816 3060 ab
1863 3005 2090 3061 intideli-

497 3097 630 3167 tate,
687 3097 742 3144 et
776 3088 899 3144 veni
949 3089 1006 3143 in
1059 3087 1194 3156 ﬁde;
1241 3106 1407 3162 surge
1445 3107 1476 3146 a
1510 3095 1840 3165 perditione,
1877 3109 1932 3155 et
1963 3099 2087 3154 veni

498 3179 554 3231 in
583 3179 1023 3250 recuperatione.
1507 3197 1512 3203 '

567 3441 643 3495 Ac
676 3455 802 3496 cum
837 3440 1122 3514 Scriptura
1169 3460 1328 3501 sacra
1373 3463 1722 3521 nequaquam
1774 3451 2078 3523 ignoraret,

497 3540 622 3602 post
679 3533 915 3603 priorem
977 3537 1402 3606 paenitentiam,
1465 3555 1530 3595 ac
1587 3543 1968 3615 vocationem,
2030 3556 2086 3604 et

499 3625 816 3688 sanitatem,
875 3631 935 3678 ut
984 3625 1058 3679 ita
1091 3626 1296 3693 dicam,
1330 3631 1740 3701 quamplurima
1769 3634 1823 3690 in
1861 3645 2085 3706 peccata

499 3717 800 3770 humanum
864 3733 1040 3788 genus
1096 3720 1358 3785 incidere,
1396 3723 1470 3777 ita
1523 3739 1740 3780 rursum
1803 3729 2082 3799 loquitur:

498 3806 688 3878 Surge,
722 3809 856 3875 aeni,
893 3810 1143 3866 columba
1178 3829 1332 3880 mea;
1371 3831 1475 3871 nec
1499 3820 1691 3883 semel,
1720 3820 1815 3876 sed
1843 3823 2088 3880 secundo

499 3900 676 3970 ipsam
715 3901 976 3970 appellat,
1027 3903 1102 3956 ita
1135 3914 1194 3958 ut
1219 3908 1496 3976 posterior
1521 3910 1690 3980 priori
1721 3914 1940 3968 vocatio
1975 3931 2086 3971 non

498 3991 573 4046 sit
603 3992 853 4062 aequalis.
886 3991 1022 4048 Nam
1068 3995 1124 4049 in
1179 3997 1348 4067 priori
1397 3999 1479 4054 sic
1531 4001 1680 4055 illam
1741 4003 2082 4075 alloquitur:

498 4083 687 4154 Surge,
727 4085 1022 4156 propinqua
1050 4103 1188 4152 mea,
1229 4089 1468 4160 formosa
1505 4109 1642 4162 mea,
1677 4095 1922 4151 columba
1950 4116 2085 4154 mea.

498 4174 739 4230 Primum
793 4177 960 4248 igitur
990 4196 1002 4232 :
1066 4177 1254 4250 Surge,
1294 4184 1432 4248 veni,
1459 4182 1636 4241 dixit:
1667 4200 1780 4242 non
1805 4196 2008 4257 autem,
2031 4197 2082 4243 et

499 4269 614 4322 aeni
645 4279 720 4322 tu.
751 4268 824 4322 At
867 4269 921 4323 in
957 4272 1203 4327 secunda
1234 4275 1530 4332 articulum
1564 4279 1784 4348 adjecit,
1819 4289 1882 4336 ut
1909 4281 2090 4338 diver-

2193 2007 2318 2052 νων,
2342 1990 2436 2042 καὶ
2461 1991 2561 2060 τῆς
2595 1987 2734 2052 πόας
2767 1987 2964 2058 μηκέτι
2993 1983 3303 2056 ποαζούσης
3325 1985 3508 2056 μόνον,
3531 1987 3661 2042 ἀλλὰ
3682 1988 3761 2042 καὶ

2191 2080 2328 2152 ἄνθη
2362 2079 2722 2152 ἐκϐαλούσης,
2761 2079 2855 2134 καὶ
2878 2076 2972 2132 τοῦ
3004 2077 3362 2150 κηρύγματος
3393 2078 3496 2150 τῆς
3520 2077 3694 2150 φωνῆς
3713 2081 3760 2133 ἐν

2191 2176 2258 2246 τῇ
2298 2175 2490 2246 ἐρήμῳ
2530 2171 2762 2246 βοώσης,
2814 2170 3094 2224 τουτέστιν
3120 2171 3192 2224 ἐν
3227 2169 3304 2238 τῇ
3342 2171 3425 2242 τῇ
3450 2169 3648 2240 ἡμῶν·
3681 2171 3762 2226 καὶ

2195 2264 2366 2334 συκῆς
2421 2265 2520 2338 τῆς
2581 2281 2711 2318 ποτε
2769 2263 3176 2336 καταραθείσης
3231 2264 3603 2336 ἐκϐαλλούσης
3651 2263 3760 2327 τοὺς

2191 2354 2468 2421 ὀλύνθους,
2496 2357 2625 2420 τοὺς
2654 2355 2902 2428 καρποὺς
2934 2356 3035 2426 τῆς
3080 2356 3392 2427 μετανοίας,
3421 2355 3525 2429 ἢδη
3559 2355 3646 2408 ἐπὶ
3666 2356 3761 2418 τοῖς

2194 2443 2424 2501 κλώνεσι
2456 2446 2552 2500 καὶ
2579 2445 2821 2518 δένδρεσι
2851 2443 3236 2515 φαινομένους·
3279 2442 3566 2514 ἀμπέλους
3588 2441 3642 2496 δὲ
3673 2438 3756 2512 ἠδη

2193 2536 2568 2610 κυπριζούσας
2591 2537 2652 2590 τὸ
2674 2534 2898 2613 εὔοδμον
2919 2535 3018 2606 τῆς
3063 2533 3158 2588 τοῦ
3187 2534 3528 2604 Εὐαγγελίου
3551 2532 3760 2594 πίστεως

2193 2630 2472 2702 κήρυγμα.
2521 2628 2738 2698 Ἐπειδὴ
2771 2628 2827 2682 δὲ
2859 2627 3062 2692 εὐθέως
3093 2627 3331 2694 κέκληκε
3361 2627 3466 2697 τὴν
3503 2623 3756 2694 τοιαύτην,

2193 2722 2288 2776 καὶ
2317 2717 2470 2776 εἶπεν
2489 2738 2503 2750 ·
2551 2719 2836 2788 Ἀνάστα,
2869 2718 3011 2774 ἐλθέ
3034 2737 3047 2750 ·
3081 2719 3292 2774 ἀνάστα
3323 2717 3436 2772 ἀπὸ
3461 2718 3761 2789 νεκρότητος

2193 2813 2630 2888 ἁμαρτημάτων,
2676 2814 2771 2866 καὶ
2807 2813 2929 2866 ἐλθὲ
2953 2814 3012 2866 ὲν
3041 2811 3356 2884 δικαιοσύνῃ
3381 2827 3395 2840 ·
3433 2811 3637 2866 ἀνάστα
3670 2806 3761 2861 ἀπὸ

2192 2905 2662 2978 παραπτώματος,
2695 2906 2788 2960 καὶ
2817 2904 2940 2958 ἐλθὲ
2979 2906 3040 2958 ὲν
3079 2906 3360 2976 παρρησίᾳ
3381 2919 3395 2933 ·
3441 2904 3646 2958 ἀνάστα
3669 2899 3760 2955 ἀπὺ

2189 2997 2498 3068 ἁμαρτιῶν,
2537 2997 2629 3050 καὶ
2658 2995 2779 3050 ἐλθὲ
2808 2997 2888 3060 εἰς
2931 2995 3248 3066 μετάνοιαν·
3283 2996 3500 3050 ἀνάστα
3541 2993 3644 3048 ἀπὸ
3671 3006 3760 3046 πα·

2193 3087 2493 3160 ραλύσεως,
2525 3088 2619 3142 καὶ
2644 3087 2768 3142 ἐλθὲ
2795 3089 2854 3142 ἐν
2877 3087 3173 3161 τελειότητι
3197 3105 3209 3119 ·
3239 3089 3454 3144 ἀνάστα
3479 3086 3586 3143 ἀπὸ
3605 3086 3762 3156 λωὸήο

2195 3199 2352 3245 σεως,
2383 3180 2479 3235 καὶ
2507 3180 2629 3234 ἐλθὲ
2658 3183 2716 3234 ὲν
2745 3181 2906 3254 ὑγεία
2925 3197 2939 3210 °
2980 3183 3190 3236 ἀνάστα
3220 3180 3330 3236 ἀπὸ
3369 3181 3651 3245 ἀπιστίας,
3683 3177 3764 3233 καὶ

2113 3257 2159 3317 C
2191 3271 2314 3326 ιλθι
2353 3274 2411 3326 ὲν
2441 3271 2660 3326 πίστει·
2693 3271 2902 3326 ἀνάστα
2947 3272 3060 3326 ἀπὸ
3093 3271 3394 3338 ἀπωλείας,
3429 3272 3526 3328 και
3567 3271 3682 3326 ιλιι
3712 3271 3764 3323 ιν

2187 3363 2424 3437 εὑρέσει.

2269 3451 2494 3524 Ἐπειδὴ
2521 3453 2578 3508 δὲ
2605 3452 2724 3527 ᾔδει
2755 3453 2816 3509 τὸ
2843 3454 2968 3510 ὅλον
2996 3455 3196 3524 λόγιον,
3231 3455 3316 3508 δτι
3339 3454 3486 3526 μετὰ
3509 3453 3606 3526 τὴν
3629 3449 3762 3523 ιτρὼ-

2185 3565 2288 3620 την
2308 3549 2621 3620 μετάνοιαν,
2647 3549 2743 3602 καὶ
2769 3548 2908 3619 μετὰ
2927 3547 3027 3620 τὴν
3039 3545 3261 3619 πρώτην
3283 3545 3480 3618 κλῆσιν
3499 3547 3592 3602 καὶ
3616 3545 3762 3606 ἴασιν,

2185 3638 2262 3706 ὡς
2298 3643 2496 3705 εἰπεῖν,
2541 3640 2836 3709 συμϐαίνει
2868 3643 2935 3712 τῇ
2980 3640 3360 3714 ἀνθρωπὸτητι
3404 3639 3578 3694 πολλὰ
3605 3655 3763 3712 παρα·

2191 3730 2482 3803 πτώματα,
2515 3730 2678 3784 πάλιν
2725 3729 2912 3800 λέγει·
2965 3729 3246 3795 Ἀνάστα,
3289 3730 3434 3784 ἐλθὲ
3468 3731 3572 3796 σὺ,
3620 3744 3766 3796 περι·

2187 3821 2376 3891 στερά
2395 3839 2536 3893 μου·
2561 3822 2816 3894 δεύτερον
2835 3821 3041 3894 ταύτην
3066 3825 3240 3890 καλεῖ,
3267 3823 3362 3876 καὶ
3388 3824 3490 3894 οὐχ
3519 3821 3687 3886 ἅπαξ·
3711 3818 3764 3872 τὺ

2187 3914 2242 3968 δὲ
2265 3913 2519 3986 δεύτερον
2540 3915 2642 3968 οὐκ
2671 3913 2784 3968 ἴσον
2808 3913 2888 3986 τῷ
2910 3913 3131 3985 πρώτῳ.
3161 3915 3300 3986 Φησὶ
3331 3914 3444 3987 γὰρ
3471 3918 3532 3970 ὲν
3557 3917 3620 3986 τῇ
3643 3929 3762 3984 προσ

2188 4009 2325 4081 τέρα
2341 4007 2530 4078 κλήσει
2557 4007 2731 4072 οὕτως
2751 4025 2764 4037 ·
2803 4005 3084 4071 Ἀνάστα,
3109 4009 3148 4076 ἡ
3173 4009 3446 4075 πλησίον
3461 4025 3602 4078 μου,
3625 4004 3761 4074 καλή

2183 4116 2328 4170 μου,
2387 4097 2710 4170 περιστερά
2731 4115 2874 4168 μου.
2919 4097 2994 4151 Τὸ
3054 4097 3156 4168 μὲν
3201 4098 3442 4170 πρῶτον,
3476 4096 3762 4155 -Ἀνάστα.
3849 4167 3858 4176 _

2187 4189 2356 4246 ἐλθέο
2393 4189 2489 4245 καὶ
2523 4191 2624 4244 οὐκ
2675 4185 2820 4244 εἴπεο
2880 4189 2990 4243 Καὶ
3026 4189 3150 4244 ἐλθὲ
3179 4188 3262 4244 σύ.
3302 4191 3414 4244 Καὶ⁸
3450 4191 3512 4244 τὺ
3538 4188 3766 4260 δεύτερον

2192 4280 2520 4353 προστίθησι
2551 4281 2612 4335 τὸ
2644 4279 2870 4352 ἄρθρον,
2896 4281 2984 4335 ἵνα
3011 4281 3158 4354 δείξῃ
3187 4281 3379 4354 κλῆσιν
3407 4284 3514 4354 (οὐ)
3534 4283 3765 4354 δευτέραν

499 4377 617 4417 sam
661 4362 730 4417 ab
769 4362 940 4417 altera
983 4365 1331 4420 vocationem
1375 4383 1502 4425 esse
1549 4369 1916 4443 signillcaret;
1969 4389 2087 4445 qua

2193 4371 2661 4444 παρηλλαγμένην
2696 4371 2839 4444 μετά
2877 4374 2976 4446 τὴν
3023 4379 3281 4446 πρώτην·
3328 4374 3467 4429 ἀλλά
3495 4377 3588 4430 καὶ
3627 4377 3680 4428 ὲν
3706 4375 3761 4443 τῇ

405 4485 418 4497 -
499 4465 704 4519 tamen,
739 4464 861 4525 post
934 4457 1175 4526 priorem
1209 4459 1377 4525 illam,
1420 4461 1712 4534 benignam
1757 4480 1980 4522 manum
2027 4482 2087 4522 ac

2193 4462 2388 4537 πρώτῃ
2436 4463 2547 4533 (15)
2592 4464 2700 4518 ἀπὸ
2743 4467 3212 4536 παραπτωμάτων
3257 4467 3420 4522 πάλιν
3449 4465 3763 4538 ὀρεγομένην

497 4546 777 4601 caelestem
824 4549 1169 4602 clementiam
1230 4551 1565 4608 ostenderet.
1604 4553 1674 4607 Et
1709 4556 1846 4621 veni,
1889 4557 2088 4628 inquit,

498 4637 746 4690 columba
784 4653 921 4704 mea,
951 4639 1006 4691 in
1042 4648 1243 4710 tegmen
1285 4650 1447 4707 petra:
1477 4657 1638 4712 prope
1675 4647 2008 4703 antemurale
2039 4648 2084 4702 ⁸.

2195 4557 2354 4628 χεῖρα
2378 4553 2668 4618 ἐπιδέξιον,
2711 4555 2806 4608 καὶ
2853 4557 3176 4628 ἐπουράνιον
3211 4557 3644 4630 φιλανθρωπίας.
3663 4554 3762 4610 Καὶ

2195 4648 2358 4714 ἐλθὲ,
2395 4649 2551 4719 φησι,
2586 4650 2910 4720 περιστερά
2931 4669 3074 4722 μου,
3101 4651 3170 4706 ἐν
3191 4649 3394 4721 σκέπῃ
3422 4650 3532 4722 τῆς
3566 4649 3764 4720 πέτρας

503 4729 568 4786 In
599 4737 798 4798 tegmen
820 4741 986 4798 petrae
1003 4729 1162 4796 dixit,
1194 4730 1299 4786 hoc
1320 4743 1426 4799 est,
1444 4733 1651 4790 Christi
1692 4737 2086 4810 benignitatem

2195 4741 2455 4812 ἐχόμενα
2477 4741 2584 4796 τοῦ
2610 4743 3130 4813 προτειχίσματος.
3177 4745 3282 4799 Ἐν
3311 4747 3514 4816 σκέπῃ
3541 4746 3761 4816 πέτρας.

499 4821 1050 4896 misericordiamque
1106 4821 1346 4878 Domini.
1407 4824 1524 4882 lloc
1589 4828 1736 4884 enim
1789 4839 1875 4887 est
1924 4841 2087 4902 petra

2196 4835 2254 4888 ὲν
2285 4831 2664 4906 φιλανθρωπίᾳ
2689 4835 2949 4908 Χριστοῦ,
2993 4837 3086 4890 καὶ
3114 4837 3173 4889 ὲν
3197 4837 3334 4892 ἐλέει
3369 4839 3596 4912 Κυρίου,
3623 4852 3764 4892 τουτ-

501 4926 746 4986 tegmen;
801 4927 1041 4986 tegmen,
1074 4917 1323 4988 inquam,
1356 4919 1495 4989 spei,
1534 4920 1659 4976 lidei
1691 4928 1857 4993 atque
1880 4925 2082 4980 verita-

2197 4925 2312 4978 ἐστι
2361 4925 2538 4995 σκέπη
2591 4925 2798 4998 πέτρας
2824 4969 2840 4991 ,
2886 4927 3060 4996 σκέπη
3102 4927 3337 4994 ἐλπίδος,
3389 4931 3482 4984 καὶ
3523 4931 3760 4991 πίστεως,

501 5007 592 5062 tis.
654 5005 828 5076 Prope
877 5007 1214 5063 autenm-rate
1265 5023 1414 5076 vero,
1470 5009 1578 5066 hoc
1624 5021 1731 5077 est,
1788 5022 2086 5086 antequam

2197 5017 2294 5072 καὶ
2331 5017 2609 5089 ἀληθείας.
2628 5019 2922 5089 Ἐχόμενα
2947 5018 3052 5074 τοῦ
3077 5023 3574 5092 προτειχίσματος
3596 5039 3610 5053 ·
3630 5037 3765 5076 τουτ-

501 5103 662 5168 porta
703 5098 1014 5164 claudatur,
1065 5109 1358 5172 antequam
1395 5099 1506 5158 Rex
1558 5106 1934 5176 introgressus
1975 5125 2087 5165 non

2195 5109 2338 5176 ἐστι,
2373 5109 2540 5182 πρινὴ
2580 5111 2896 5181 κλεισθῆναι
2933 5113 3032 5184 τὴν
3069 5115 3280 5185 πύλην,
3327 5114 3490 5186 πρινὴ
3539 5113 3644 5168 ἔσω
3678 5127 3761 5166 πε·

501 5188 736 5260 amplius
769 5199 892 5260 post
933 5191 1142 5246 exitum
1172 5192 1242 5248 ab
1267 5192 1372 5248 hac
1413 5195 1526 5249 vita
1557 5207 1904 5270 mortemque
1935 5203 2084 5257 reci-

2199 5199 2429 5273 ριὸόλων
2481 5203 2776 5273 γενόμενος
2823 5205 2852 5256 ὁ
2894 5203 3160 5268 Βασιλεὺς
3223 5205 3420 5277 μηκέτι
3479 5205 3760 5275 εἰσδέξηται

503 5280 636 5349 piat.
675 5281 810 5336 Cum
862 5297 969 5338 non
1015 5284 1256 5356 amplius
1279 5301 1451 5360 prape
1481 5291 1827 5348 antemurale
1855 5307 2084 5360 sumus;

2198 5292 2339 5364 μετά
2377 5293 2477 5365 τὴν
2509 5293 2761 5348 ἐντεῦθεν
2799 5294 3121 5368 ἀπαλλαγήν
3151 5313 3210 5350 τε
3251 5299 3347 5352 καὶ
3395 5297 3616 5352 θάνατον
3640 5311 3654 5326 ·
3682 5297 3758 5350 ὅτε

506 5373 600 5427 sed
655 5373 854 5430 clausae
909 5385 1034 5432 sunt
1089 5385 1281 5450 porte,
1313 5395 1416 5436 nec
1438 5380 1586 5437 ullus
1633 5382 1962 5439 emendandi
1995 5385 2082 5441 sui

2193 5384 2381 5440 οὐκέτι
2411 5386 2650 5458 ἐχόμενα
2686 5387 2780 5442 τοῦ
2827 5389 3307 5462 προτειχίσματος,
3347 5389 3482 5445 ἀλλά
3522 5387 3759 5444 ἀπεκλεί-

507 5462 664 5518 locus
697 5472 801 5519 est.
943 5483 948 5489 '
2197 5476 2403 5548 σθησαν
2430 5481 2487 5533 αί
2515 5479 2701 5546 πύλαι,
2729 5483 2824 5536 καὶ
2849 5481 3033 5537 οὐκέτι
3063 5481 3142 5536 ἔνι
3166 5482 3579 5556 διορθώσασθαι.

583 5685 600 5714 ⁸
628 5681 788 5736 Cum.
813 5696 872 5748 ιι,
903 5682 989 5747 10,
1022 5683 1122 5740 ιι..
1184 5687 1362 5746 ’ibid.
1387 5691 1572 5746 11-15.
1641 5691 1662 5722 ⁸
1691 5689 1822 5747 ibid.
1849 5692 1936 5759 15,
1977 5695 2062 5749 14.

575 5832 690 5900 (15)
743 5835 928 5894 Ἀλλὰ
983 5839 1081 5894 καὶ
1128 5843 1197 5898 ἐν
1252 5844 1326 5918 τῇ
1385 5847 1604 5922 πρώτῃ.
1665 5849 1726 5908 F.
1793 5843 1886 5906 ἐπὶ
1946 5854 2014 5923 τῇ
2057 5850 2268 5928 πρώτη.
