4046 6430
235 368 386 428 10δῖ

922 357 1296 417 ADVERSUS
1332 356 1678 415 HERESES
1713 355 1840 411 LIB.

1949 354 2148 411 .TOM.
2191 354 2231 409 1.
2276 387 2342 397 -
2385 356 2657 412 ΗᾹΞΒΕΞ.
2700 354 2834 411 LlX.

3378 350 3520 410 1034

311 480 373 532 ιο.
418 475 510 527 Ἐν
541 473 651 543 γὰρ
681 470 760 542 τῷ
801 469 1048 540 μέλλοντι
1091 470 1271 535 αἰῶνι,
1305 470 1443 541 μετὰ
1487 470 1586 542 τὴν
1616 470 1825 543 ἀνθρώ-

1998 471 2069 527 X.
2103 470 2314 526 Etenim
2366 471 2421 524 in
2457 470 2642 525 futuro
2672 468 2873 526 saeculo
2900 474 3020 539 post
3046 467 3283 522 hominis
3312 466 3520 521 obitum

238 586 353 624 που
418 564 772 634 ἀπαλλαγὴν,
827 563 887 615 οὐ
950 562 1206 633 νηστείας
1262 564 1566 635 πορισμὸς,
1618 564 1681 616 οὺ
1741 581 1839 634 με..

239 661 470 724 τανοίας
523 658 737 729 κλῆσις,
790 656 890 710 οὐκ
947 655 1316 727 ἐλεημοσύνης
1369 657 1659 721 ἐπίδειξις⁸
1722 655 1835 709 ἀλλ’

238 751 373 805 οὔτε
395 747 758 818 ἐγκλημάτων
794 745 954 816 ἔργα,
986 746 1047 797 οὐ
1085 746 1341 816 πόλεμος,
1373 746 1434 798 οὐ
1474 746 1710 816 μοιχεία,
1739 746 1840 799 οὐκ

238 842 529 911 ἀσέλγεια,
553 839 668 892 ἀλλ’
692 836 817 892 οὔτε
834 836 1154 906 δικαιοσύνη
1180 837 1273 890 καὶ
1305 837 1581 908 μετάνοια.
1616 838 1705 902 Ὡς
1728 836 1837 909 γὰρ

246 933 394 1005 μετὰ
425 931 684 1003 θερισμὸν
719 929 815 983 τοῦ
848 931 1082 1001 στάχυος
1118 933 1219 985 οὐκ
1249 930 1327 985 ενι
1372 929 1711 1000 ωχυνθῆναι
1748 929 1841 983 τὸν

239 1024 471 1088 κόκκον,
522 1023 622 1076 οὐκ
669 1021 1039 1094 ἀνεμοφθόρον
1080 1021 1355 1091 γενέσθαι,
1403 1022 1505 1074 οὐκ
1546 1020 1625 1074 ἔνι
1670 1021 1842 1076 εὐπάε-

244 1114 376 1169 θειόι
404 1132 488 1178 τις
518 1113 699 1185 ἑτέρα.
743 1112 905 1166 Ἀλλὰ
927 1114 1004 1184 μὴ
1041 1114 1169 1181 λέγε
1214 1130 1305 1183 μοι
1328 1115 1427 1184 τῆς
1457 1112 1744 1183 ἁποθήκης
1770 1112 1841 1166 τὰ

247 1206 575 1276 φθάρματα,
606 1190 615 1197 ’
650 1204 899 1258 τουτέστι
972 1206 1066 1257 καὶ
1129 1203 1417 1275 σκώληκας
1473 1207 1569 1259 καὶ
1630 1207 1797 1277 σῆτας
1822 1224 1835 1238 ·

245 1294 430 1348 ταῦτα
458 1294 567 1365 γὰρ
599 1292 689 1346 διὰ
712 1292 781 1346 τά
810 1293 868 1348 ὲν
909 1291 987 1363 τῷ
1024 1291 1181 1346 αἰῶνι
1228 1294 1458 1362 γίνεται.
1495 1294 1568 1347 Τὸ
1597 1295 1653 1347 δὲ
1677 1296 1840 1349 ἀπει-

248 1385 596 1455 κονισμένον,
627 1384 722 1438 καὶ
753 1383 812 1437 ὲν
844 1382 1042 1447 πύλαις
1066 1385 1202 1455 ἡμῖν
1232 1385 1544 1456 εἰρημένον,
1578 1385 1673 1439 καὶ
1702 1387 1839 1440 ἀπο-

250 1476 400 1547 θήκη
440 1474 867 1545 ὴσφαλισμένον,
911 1473 1147 1538 πίστεώς
1197 1477 1345 1530 ἐστιν
1396 1477 1701 1549 ὑπόδειγμα
1747 1479 1841 1533 καὶ

248 1567 640 1637 ὑπογραμμός.
695 1567 884 1620 Ἔνθα
934 1565 1071 1620 οὔτε
1116 1567 1340 1636 λῃσταί
1399 1568 1838 1636 διορύττουσιν,

248 1658 396 1711 οὔτε
448 1656 636 1726 σῆτες
676 1654 1092 1725 ἀφανίζουσιν,
1125 1658 1202 1722 ὡς
1247 1659 1351 1730 ἔφη
1405 1662 1434 1713 6
1480 1659 1623 1725 θεῖος
1660 1661 1839 1731 λόγος.

250 1748 396 1803 Οὔτε
423 1749 533 1819 μὴν
581 1748 849 1819 πορισμὸς
894 1749 1198 1815 εὐσεϐείας,
1248 1750 1370 1804 οὔτε
1407 1754 1715 1822 μετανοίας,
1767 1755 1845 1819 ὡς

251 1838 416 1908 ἔφην,
461 1837 601 1907 μετὰ
641 1837 890 1893 θάνατον.
943 1839 1017 1891 Οὺ
1077 1840 1186 1910 γὰρ
1233 1840 1484 1912 Λάζαρος
1543 1844 1845 1915 ἀπέρχεται

252 1930 397 2002 πρὸς
418 1929 509 1983 τὸν
537 1928 790 1982 πλούσιον
813 1931 948 1995 ἐκεῖ,
970 1929 1094 1984 οὔτε
1122 1933 1151 1984 6
1176 1930 1431 1997 πλούσιος
1454 1935 1590 2005 πρὸς
1614 1937 1707 1989 τὸν
1733 1937 1848 1991 Λά-

254 2022 427 2092 ζαρον
454 2037 467 2051 ·
518 2018 642 2074 οὔτε
682 2019 933 2091 Ἀϐραὰμ
976 2022 1297 2075 ἀποστέλλει
1342 2023 1586 2078 σκύλλων
1620 2026 1711 2081 τὸν
1750 2028 1850 2081 πέ-

250 2129 397 2183 νητα
430 2111 733 2181 πλουτῆσαι
781 2109 1037 2182 ὕστερον·
1074 2112 1200 2165 οὔτε
1241 2114 1270 2166 6
1300 2114 1554 2179 πλούσιος
1577 2110 1652 2170 ὧν
1675 2120 1847 2172 αἰτεῖ-

252 2222 371 2269 ται,
420 2204 623 2275 καίπερ
671 2203 809 2274 μετά
861 2202 1090 2268 ἱκεσίας,
1135 2205 1225 2259 τὸν
1273 2203 1542 2277 ἐλεήμονα
1600 2208 1850 2281 Ἀϐραὰμ

253 2294 652 2367 παρακαλέσας
699 2296 740 2349 ³.
788 2293 1181 2366 Ἐσφράγισται
1232 2296 1339 2367 γάρ
1364 2297 1431 2350 τὰ
1471 2302 1717 2369 ταμιεῖα,
1754 2318 1851 2354 πε-

255 2386 543 2457 πλήρωται
569 2388 596 2438 6
617 2385 827 2457 χρόνος,
854 2386 947 2439 καὶ
966 2388 993 2439 6
1017 2384 1167 2454 ἀγὼν
1190 2387 1467 2459 ἐτελέσθη,
1492 2392 1585 2443 καί
1604 2391 1847 2464 ὲκενὼθη

253 2481 320 2532 τὸ
353 2479 603 2549 σκάμμα,
636 2473 730 2534 καὶ
762 2482 811 2533 οἰ
844 2482 1100 2550 στέφανοι
1134 2481 1394 2552 ἐδόθησαν
1414 2499 1427 2513 ο
1454 2484 1549 2536 καί
1573 2484 1849 2553 ἀγωνισά-

258 2589 415 2643 μενοι
443 2572 818 2624 ἀνεπαύσαντο
846 2573 866 2603 ¹
892 2590 906 2603 ·
941 2572 1035 2625 καὶ
1073 2572 1123 2626 οἰ
1163 2573 1237 2643 μὴ
1270 2572 1574 2641 φθάσαντες
1613 2575 1845 2645 ὲξῆκαν·

256 2661 360 2715 καὶ
395 2662 443 2714 οἰ
470 2660 544 2732 μὴ
574 2661 978 2731 ἀγωνισάμενοι
1007 2661 1191 2714 οὐκέτι
1221 2661 1542 2735 εὐποροῦσι·
1585 2665 1682 2719 καὶ
1715 2667 1764 2720 οἰ
1792 2668 1851 2720 ὲν

258 2755 343 2826 τῷ
380 2754 665 2826 σκάμματι
692 2753 1015 2825 ἡττηθέντες
1038 2752 1404 2825 ἐξεϐλήθησαν
1421 2772 1434 2784 ·
1466 2756 1651 2810 καὶτὰ
1673 2758 1853 2813 πάντα

264 2848 459 2916 σαφῶς
485 2847 828 2899 τετελείωται
858 2845 996 2917 μετὰ
1019 2845 1115 2914 τὴν
1142 2845 1391 2900 ἐντεῦθεν
1414 2847 1699 2919 ἐκδημίαν.
1731 2852 1852 2904 Ἔτι

259 2939 319 2992 δὲ
349 2938 519 2991 ὄντων
551 2940 608 2991 ὲν
634 2937 711 3008 τῷ
754 2937 926 3006 ἀγῶνι
961 2936 1197 3000 πάντων,
1222 2937 1317 2990 καὶ
1362 2939 1502 3009 μετὰ
1534 2939 1741 3005 πτῶσιν
1772 2941 1851 2996 ἔνι

262 3030 583 3093 ἀνάστασις,
633 3029 712 3081 ἔτι
755 3028 932 3092 ἐλπὶς,
977 3028 1057 3081 ἔτι
1104 3027 1392 3099 θεραπεία,
1432 3029 1513 3083 ἔτι
1556 3031 1847 3101 ὁμολογία·

1940 564 2127 619 nullus
2157 562 2395 635 amplius
2431 561 2628 632 jejunii
2684 568 2926 631 quaestus
2952 567 3072 627 est;
3106 573 3216 612 non
3256 557 3519 628 pmniten-

1941 658 2030 712 tia‘.
2065 656 2320 720 vocatio;
2369 669 2481 709 non
2529 653 2891 723 eleemosynae
2932 652 3093 723 502
3132 650 3377 706 ostensio
3413 657 3519 705 est.

1943 747 2051 802 Sed
2087 762 2266 817 neque
2288 746 2616 801 criminibus
2644 744 2773 798 ullis
2804 745 2981 811 locus,
3013 759 3123 800 non
3155 743 3380 806 bellum,
3411 757 3524 795 non

1941 838 2293 903 adulterium,
2325 853 2437 893 non
2469 836 2745 901 libidines,
2785 852 2962 907 neque
2995 851 3026 891 e
3058 836 3337 891 contrario
3360 834 3526 903 justi-

1941 933 2017 985 tia
2043 932 2125 986 vel
2155 930 2495 1001 poenitentia.
2546 929 2680 984 Nam
2730 928 2875 984 sicut
2917 928 3165 985 demessa
3194 928 3364 998 spica,
3396 942 3524 997 gra-

1944 1038 2073 1077 num
2100 1036 2203 1077 nec
2245 1029 2464 1093 turgere
2499 1021 2780 1092 deinceps,
2823 1036 3001 1091 neque
3040 1030 3202 1075 vento
3244 1020 3522 1088 corrumpi

1944 1120 2111 1183 atque
2158 1126 2508 1177 evanescere,
2554 1127 2657 1166 nec
2706 1110 2844 1166 allici
2890 1112 3124 1182 amplius
3168 1118 3363 1180 potest.
3416 1108 3525 1164 Nec.

1943 1210 2028 1258 est
2058 1202 2206 1273 quod
2238 1202 2387 1256 illam
2421 1200 2556 1255 mihi
2594 1201 2966 1271 corruptelam
3009 1200 3263 1270 objicias,
3306 1214 3428 1271 quae
3468 1205 3524 1251 in

1943 1293 2160 1347 horreis
2200 1292 2447 1350 accidit:
2484 1292 2793 1363 cujusmodi
2818 1298 2948 1348 sunt
2983 1306 3194 1346 vermes
3253 1306 3317 1345 ac
3345 1291 3522 1344 tineae.

1945 1383 2071 1443 Haec
2101 1383 2246 1440 enim
2291 1385 2360 1439 ad
2393 1399 2458 1440 ea
2488 1399 2610 1455 qua:
2649 1383 2707 1438 in
2748 1383 2948 1439 saeculo
2994 1390 3280 1454 geruntur,
3327 1383 3521 1437 adum-

1946 1473 2156 1529 branda
2222 1481 2495 1544 spectant.
2558 1472 2717 1540 Quod
2774 1479 2960 1527 autem
3020 1473 3378 1527 similitudine
3435 1473 3525 1526 illa

1944 1565 2281 1629 declaratur,
2327 1571 2383 1620 et
2417 1566 2472 1619 in
2501 1565 2678 1635 portis
2707 1579 2828 1621 esse
2855 1564 3079 1631 dicitur,
3117 1573 3279 1635 atque
3308 1567 3361 1619 in
3394 1564 3527 1618 hor-

1945 1654 2056 1710 reis
2084 1653 2390 1718 conditum,
2428 1655 2496 1708 ad
2527 1655 2837 1725 exemplum
2885 1653 3040 1719 ﬁdei,
3096 1670 3161 1709 ac
3210 1655 3529 1710 delineatio-

1946 1761 2070 1801 nem
2102 1745 2359 1800 refertur.
2402 1744 2500 1798 Ubi
2528 1762 2692 1816 neque
2711 1744 2855 1815 fures
2881 1747 3159 1815 e/fodiunt,
3192 1764 3354 1817 neque
3377 1748 3528 1800 linea!

1948 1846 2328 1906 corrumpunt,
2361 1846 2420 1892 ut
2454 1838 2721 1917 scriptum
2755 1844 2840 1892 est
2861 1837 2901 1890 ⁸.
2956 1836 3059 1892 Sed
3098 1854 3274 1908 neque
3310 1840 3528 1908 pietatis

1949 1929 2120 1983 ullum
2174 1930 2386 1984 lucrum
2441 1939 2549 1993 est,
2607 1936 2700 1983 aut
2735 1930 3085 1999 pmnitentiae,
3135 1931 3215 1984 uti
3264 1930 3525 1993 diximus,

1951 2027 2073 2089 post
2139 2029 2389 2075 mortem.
2455 2020 2575 2076 Non
2638 2022 2783 2077 enim
2847 2020 3089 2076 Lazarus
3149 2021 3260 2075 illic
3322 2023 3388 2077 ad
3453 2021 3531 2076 di-

1949 2113 2115 2167 vitem
2176 2114 2395 2183 pergit;
2476 2127 2657 2183 neque
2716 2112 2869 2168 dives
2932 2112 2999 2167 ad
3070 2111 3359 2167 Lazarum.
3425 2112 3532 2166 Ne-

1951 2218 2057 2273 que
2111 2204 2386 2259 Abraham
2438 2219 2729 2274 pauperem
2789 2205 2987 2269 mittit,
3045 2213 3139 2258 aut
3192 2205 3242 2259 ei
3288 2204 3529 2258 laborem

1952 2295 2182 2361 indicit,
2231 2304 2290 2350 ut
2334 2304 2522 2365 postea
2569 2296 2827 2351 ditescat.
2871 2293 3059 2364 Neque
3101 2294 3254 2349 dives
3296 2308 3360 2349 ea
3410 2309 3531 2363 qua:

1951 2388 2365 2457 postulaverat,
2455 2388 2765 2457 impetrat:
2821 2386 3037 2440 tametsi
3117 2383 3530 2439 misericordem

1951 2477 2326 2534 Abrahamum
2402 2478 2617 2548 magnis
2692 2477 2946 2548 precibus
3005 2476 3277 2531 obsecrat.
3346 2474 3529 2545 Siqui-

1952 2568 2077 2626 dem
2127 2570 2416 2641 obsignata
2475 2577 2602 2624 sunt
2655 2569 3071 2638 promptuaria,
3122 2575 3286 2637 atque
3348 2568 3527 2638 exple-

1953 2669 2072 2719 tum
2106 2671 2322 2734 tempus
2356 2670 2463 2727 est,
2494 2669 2774 2717 certamen
2803 2660 3135 2722 conlectum,
3166 2674 3399 2713 vacuum
3420 2667 3532 2714 sta-

1954 2758 2135 2823 dium,
2173 2755 2487 2829 _distribulae
2537 2768 2776 2817 coronzc,
2820 2752 3035 2807 athletae
3075 2751 3245 2821 quieti
3283 2766 3343 2805 se
3380 2750 3548 2805 dede-

1960 2861 2112 2904 runt.
2146 2851 2213 2902 At
2237 2848 2329 2918 qui
2373 2856 2647 2901 certamen
2680 2861 2786 2899 non
2819 2845 3134 2914 attigerunt,
3175 2844 3379 2898 nullam
3417 2858 3530 2897 am-

1954 2942 2098 3010 plius
2120 2939 2242 3008 ejus
2277 2938 2489 3007 copiam
2523 2936 2760 3001 habent;
2797 2944 2851 2989 et
2880 2935 2975 3004 qui
3001 2936 3054 2988 in
3084 2935 3263 2989 stadio
3288 2936 3531 3003 superati

1956 3038 2104 3092 sunt,
2137 3029 2297 3098 ejecti
2332 3027 2573 3081 fuerunt.
2616 3025 2858 3095 Denique
2903 3025 3084 3078 omnia
3119 3025 3302 3095 plane,
3332 3026 3424 3078 ubi
3458 3040 3524 3079 cx

255 3122 366 3175 κᾶν
395 3123 444 3174 εἰ
491 3121 568 3192 μὴ
606 3119 945 3185 τελειότατα,
997 3118 1111 3171 ἀλλ’
1142 3113 1235 3172 οὖν
1279 3135 1341 3187 γε
1391 3120 1501 3174 τῶν
1532 3121 1707 3177 ἄλλων
1748 3126 1849 3179 οὐκ

1956 3123 2059 3178 hac
2088 3122 2199 3175 vita
2229 3120 2533 3175 discessum
2576 3123 2681 3182 est,
2726 3117 2972 3171 absoluta
3019 3127 3146 3171 sunt
3175 3128 3238 3170 ac
3262 3115 3523 3186 perfecta.

257 3212 637 3284 ἀπηγόρευται
666 3212 700 3282 ἡ
737 3208 998 3281 σωτηρία.

1842 3254 1848 3259 ο
1958 3215 2214 3284 Quandiu
2280 3212 2498 3284 quidem
2562 3211 2618 3265 in
2685 3211 2987 3265 certamine
3053 3209 3232 3264 adhuc
3287 3210 3533 3265 universi

255 3306 597 3370 consislunt,
637 3305 718 3359 vel
745 3313 870 3374 post
901 3319 1092 3359 casum
1138 3320 1366 3376 surgere
1411 3306 1560 3374 licet,
1609 3324 1846 3384 spesque

1954 3316 2059 3371 huc
2099 3317 2380 3381 superest;
2413 3308 2593 3362 adhuc
2649 3305 2950 3361 remedium
3014 3315 3179 3376 atque
3235 3305 3531 3364 confessio.

256 3401 339 3457 Ac
389 3401 520 3455 licet
573 3415 680 3455 non
762 3399 1204 3469 perfectissimus
1273 3401 1363 3456 ille
1414 3412 1591 3462 status
1648 3407 1759 3474 sit,

268 3502 379 3550 est.

336 3587 439 3644 Μ’.
477 3587 632 3640 Πᾶσα
661 3586 719 3640 δὲ
762 3586 995 3659 αἰρεσις,
1038 3588 1147 3641 ἀπὸ
1199 3589 1298 3659 τῆς
1350 3589 1609 3661 ἀληθείας
1652 3593 1856 3657 ἐξοκεί-

256 3683 424 3747 λασα,
457 3681 513 3734 ἐν
541 3680 716 3750 σκότῳ
737 3677 1060 3749 τυφλώττει,
1080 3680 1174 3733 καὶ
1203 3681 1509 3750 μυωπάζει,
1550 3681 1713 3753 ἕτερα
1737 3682 1853 3736 ἀνθ’

259 3771 351 3824 ἑτέ
360 3788 467 3840 ρων
482 3769 854 3840 διανοουμένη.
885 3769 1125 3823 Ἐοίκασι
1144 3769 1252 3841 γὰρ
1271 3763 1415 3824 οὗτοι
1430 3773 1572 3825 τισὶν
1588 3773 1850 3843 ἀτέχνοις,

259 3861 361 3915 καὶ
395 3860 470 3932 μὴ
502 3860 833 3928 γινώσκουσι
865 3858 1102 3931 ἑκάστης
1131 3861 1433 3933 ποιότητος,
1465 3864 1559 3915 καὶ
1580 3866 1849 3936 χρήσεως,

1786 3409 2199 3467 .nibilominus
2280 3403 2512 3457 aliorum
2583 3416 2929 3471 nequaquam
3009 3401 3301 3471 desperata
3384 3401 3535 3456 salus

2039 3589 2127 3645 Xl.
2173 3589 2242 3644 At
2271 3586 2451 3643 omnis
2482 3586 2707 3641 haeresis
2736 3584 2829 3639 ubi
2892 3599 2923 3640 a
2967 3585 3199 3641 veritate
3239 3590 3403 3643 semel
3445 3604 3538 3645 ex-

1966 3683 2122 3748 cidit,
2180 3682 2400 3737 caacutit
2443 3680 2500 3734 in
2545 3678 2816 3743 tenebris,
2852 3685 2907 3733 et
2943 3679 3327 3757 ballucinatur,
3378 3688 3541 3750 atque

1961 3775 2066 3828 alia
2097 3789 2196 3843 pro
2228 3773 2351 3827 aliis
2385 3778 2565 3827 mente
2591 3770 2854 3841 concipit.
2886 3768 3022 3824 Nam
3055 3770 3132 3824 illi
3166 3772 3393 3826 rudibus
3427 3775 3542 3842 qui-

1960 3861 2194 3917 busdam
2248 3868 2413 3931 atque
2457 3860 2725 3930 imperitis
2766 3860 2972 3916 similes
3018 3868 3166 3926 sunt,
3218 3863 3310 3931 qui
3345 3864 3541 3917 unius-

261 3951 360 4004 καὶ
393 3950 602 4020 κόσμου
638 3950 868 4003 ἑκάστου
910 3950 1127 4020 μέλους.
1166 3951 1277 4004 Καὶ
1300 3951 1377 4015 ὡς
1406 3954 1581 4006 εἰπεῖν
1610 3952 1849 4024 ληρῶδές

1958 3953 2226 4022 cujusque
2275 3950 2505 4007 membri
2556 3951 2950 4015 conditionem,
3005 3960 3169 4020 atque
3234 3968 3427 4017 usum,
3487 3965 3541 4006 ct

260 4060 311 4094 τι
343 4042 425 4104 εἰς
447 4040 475 4093 ὃ
503 4041 881 4112 προϐάλλομαι
908 4042 1108 4112 λέγειν,
1140 4042 1324 4113 ὅμοιον
1353 4044 1452 4114 τῆς
1480 4045 1659 4098 αὐτῶν
1688 4046 1849 4118 ἀνοη-

1955 4051 2209 4098 ornatum
2234 4044 2508 4099 nesciunt.
2537 4041 2699 4097 Juvat
2726 4057 2892 4112 porro
2926 4043 3225 4100 absurdum
3255 4048 3537 4116 quiddam,

262 4134 410 4195 σίας.
476 4132 565 4197 Ὠς
614 4130 959 4202 περιτιθέασι
1004 4133 1072 4187 τὰ
1132 4133 1453 4205 ὑποδήματα
1484 4136 1597 4207 (16)
1646 4139 1714 4208 τῇ
1763 4154 1849 4190 κε-

1958 4143 2013 4190 et
2047 4135 2265 4189 illorum
2299 4134 2540 4188 amentia
2576 4134 2779 4198 simile,
2821 4134 2887 4188 ad
2922 4135 2973 4189 id
3000 4136 3144 4204 quod
3170 4137 3417 4193 volumus
3447 4154 3537 4193 ex-

261 4224 434 4294 φαλῇ,
471 4224 565 4276 τὸν
598 4223 656 4276 δὲ
689 4223 954 4292 στέφανον
979 4226 1093 4289 τοῖς
1127 4224 1276 4291 ποσὶ,
1302 4226 1394 4278 καὶ
1426 4225 1602 4280 κλοιὸν
1624 4228 1849 4299 χρύσεον

1957 4226 2302 4297 primendum
2335 4224 2553 4280 alferre.
2590 4223 2824 4281 Perinde
2856 4241 2988 4297 ergo
3017 4228 3093 4281 illi
3125 4227 3350 4293 faciunt,
3388 4245 3451 4283 ac
3490 4233 3536 4285 si

260 4313 397 4383 περὶ
431 4313 530 4382 τὴν
579 4312 862 4381 γαστέρα·
898 4310 966 4365 τὰ
1013 4311 1069 4364 δὲ
1122 4310 1279 4378 ἄλλα,
1324 4312 1483 4367 πέδια
1532 4313 1609 4377 ὡς
1659 4317 1849 4380 εἰπεῖν,

1958 4318 2122 4388 capiti
2180 4318 2401 4371 calceos
2452 4316 2738 4381 inducant,
2790 4325 2842 4371 et
2886 4332 3144 4373 coronam
3194 4322 3443 4390 pedibus,
3482 4332 3538 4376 ct

256 4404 330 4456 τὰ
383 4402 441 4466 ἐξ
479 4403 709 4472 ἱματίων
759 4403 1099 4473 γεγενημένα
1139 4404 1291 4474 παρά
1331 4420 1471 4457 τισιν
1521 4404 1717 4459 όδώνια
1763 4407 1843 4461 κέ·

1960 4408 2134 4463 ventri
2178 4418 2429 4478 torquem
2475 4423 2733 4476 aureum;
2780 4418 2974 4465 caetera
3031 4427 3180 4475 vero,
3227 4413 3536 4482 cuiusmodi

261 4492 460 4561 κληται
492 4492 523 4561 ἢ
570 4491 790 4563 βράκαι,
827 4494 983 4562 χερσὶ
1034 4493 1396 4564 περιτιθέασι,
1432 4493 1747 4560 δακτυλίους
1791 4497 1848 4550 δὲ

1956 4510 2085 4555 sunt
2132 4500 2348 4570 pedulia
2398 4510 2743 4565 ornamenta,
2819 4518 2958 4572 quos
3018 4506 3267 4559 nonnulli
3328 4508 3537 4563 udones

164 4639 183 4652 ,
258 4584 597 4646 τοῖς-ποσίν.
645 4583 802 4637 Οὕτω
845 4584 953 4656 γὰρ
982 4587 1016 4655 ἡ
1061 4584 1168 4637 τῶν
1218 4584 1441 4655 ἄγνοιαν
1497 4588 1849 4658 κεκτημένων

1950 4601 2171 4657 vocant,
2218 4603 2311 4647 aut
2352 4593 2599 4661 braccas,
2647 4594 2898 4649 manibus
2942 4596 3299 4662 circumdent,
3359 4617 3535 4655 annu-

262 4674 516 4746 σφαλερὰ
549 4677 643 4728 καὶ
667 4675 899 4739 ἄτακτος
922 4675 1174 4747 διαταγή.
1202 4676 1284 4729 Τὰ
1305 4677 1415 4749 γὰρ
1443 4679 1535 4731 ἐπὶ
1564 4679 1663 4751 τῆς
1695 4680 1849 4750 ἰερω-

1953 4684 2037 4737 lus
2097 4684 2346 4754 pedibus.
2403 4682 2553 4741 Talis
2587 4697 2672 4741 est
2719 4687 2788 4741 ab
2845 4688 3109 4758 imperitis
3151 4689 3257 4745 illis
3288 4691 3535 4746 instituta

260 4768 435 4837 σύνης
472 4768 855 4838 ὴσφαλισμένα
892 4769 1021 4838 περὶ
1064 4768 1314 4840 δευτέρου
1361 4770 1563 4841 γάμου,
1617 4771 1710 4824 καὶ
1744 4770 1849 4825 τῶν

1954 4773 2118 4838 ratio,
2180 4775 2387 4829 erroris
2440 4771 3007 4848 perturbationisque'
3034 4780 3371 4849 plenissima.
3404 4783 3534 4848 Quae

343 4922 357 4950 ¹
391 4918 552 4975 Deest
575 4919 802 4990 aliquid.
880 4922 899 4951 ³
925 4937 1017 4988 γρ.
1050 4921 1425 4992 ἁνεπάγησαν.
1509 4923 1529 4954 ⁸
1550 4922 1740 4980 Matth.
1779 4941 1853 4992 vr,
1884 4926 1975 4981 20.

343 5076 455 5161 (lli)
480 5078 598 5158 _'.Qc
628 5077 985 5161 περιτιθέασι
1016 5078 1087 5161 τξι
1114 5079 1487 5161 ὑποδήματα.
1517 5079 1647 5161 lion
1675 5083 1789 5139 hac
1812 5099 1848 5161 _a

1949 5085 2088 5161 δυμα
2155 5086 2349 5161 ποδῶν,
2395 5087 2725 5161 ὑποδήματα
2767 5087 2937 5157 βαθέα
2984 5089 3017 5161 ἢ
3056 5090 3360 5161 βασιλικά.
3428 5093 3529 5149 Ubi

263 5147 526 5228 Catinaris
557 5147 814 5229 usurpata
825 5159 1168 5271 frmpostera
1196 5147 1423 5229 vestitus
1450 5152 1609 5232 ratio,
1641 5160 1698 5205 ut
1730 5157 1851 5223 qui.
1948 5147 2293 5228 ἀναξυρίδας,
2333 5147 2453 5227 quae
2478 5147 2777 5212 femoralia'
2799 5167 2947 5225 sunt,
2984 5147 3350 5217 c'aléeamenta
3391 5147 3527 5233 quo;

263 5219 396 5271 dam
432 5227 729 5271 exrstnnat.
764 5233 822 5271 se
890 5219 955 5271 ad
980 5233 1277 5271 SllDeI'IOI'Is
1300 5220 1569 5271 doamaus
1597 5222 1849 5271 absurdi-
1947 5241 2053 5271 ﬂllP.
2082 5226 2232 5271 faciL
2265 5233 2318 5271 et
2345 5226 2564 5271 nuidem
2598 5227 2782 5271 ϐαθέα-
2830 5237 2889 5271 ut
2926 5246 2953 5271 ει
3007 5230 3172 5271 enipi:
3205 5232 3496 5271 (“clintum-nl

262 5219 396 5303 dam
432 5219 857 5303 e§.i'stit_nat,‘sed
890 5219 955 5271 ad
980 5219 1277 5303 superioris
1300 5220 1569 5303 dogmatis
1597 5219 1849 5303 absurdi-
1947 5241 2053 5294 qne
2082 5219 2318 5303 facit,_et
2345 5219 2564 5303 quidem
2598 5227 2785 5303 βαθέα,
2830 5237 2889 5282 ιιι
3006 5230 3172 5285 soleis
3205 5219 3525 5303 distinguat,

264 5295 449 5376 tatem
474 5287 851 5376 illustrandan:
884 5288 1297 5376 eahs‘itni‘leitudo
1321 5287 1603 5376 Arél'lertur.
1644 5292 1848 5349 Obser-
1949 5287 2071 5376 quae
2097 5287 2298 5376 plantis
2341 5287 2539 5376 pedum
2568 5287 2880 5376 suppositae.
2917 5297 3089 5376 Porro
3118 5302 3263 5376 quod
3296 5287 3525 5376 aAitUEpi;

266 5358 508 5444 vandum
568 5372 700 5444 vero~
751 5356 907 5444 πόδια
938 5359 1034 5444 (ita
1069 5358 1214 5444 enim
1268 5360 1372 5413 hoc
1421 5359 1540 5441 loco
1590 5362 1846 5444 Iegg'pro

1949 5356 2183 5444 phanius
2224 5367 2291 5419 τὰ
2431 5356 3064 5444 ἰματίωῖγεγενημένα,
3101 5356 3199 5444 nos
3244 5356 3413 5444 ἐρίων
3432 5356 3526 5428 ’ch

264 5426 452 5506 πέδια)
481 5442 604 5506 cum
643 5426 880 5506 ὀδωνίοις
907 5437 959 5482 et
981 5426 1226 5506 ﬁpixau;
1249 5429 1588 5506 .promiscue
1632 5426 1846 5502 accipi;

1949 5426 2253 5506 δερματίων
2288 5426 2584 5506 aliquando
2633 5426 2733 5505 legi
2769 5426 3105 5494 censuimus.
3155 5426 3525 5498 Sed'fortasse

260 5497 373 5552 etsi
413 5497 631 5579 proprie
685 5497 841 5579 πόδια
895 5497 1123 5579 pedum,
1163 5497 1371 5579 βράκαι
1405 5499 1665 5579 feminum
1702 5497 1849 5579 tegu-

1950 5497 2176 5560 re'ti'neri
2207 5497 2512 5579 satiusjest,
2547 5515 2603 5579 ut
2635 5497 2824 5577 ἱμάτια
2852 5523 2950 5577 pro
2982 5512 3176 5577 pannis
3218 5497 3524 5579 sumantur,

262 5565 455 5652 menta
485 5565 632 5652 ‘sint.
677 5565 1010 5652 ,Ροίῃιιίιιιμ
1064 5583 1124 5652 ιι,
1164 5565 1294 5638 cap.
1344 5570 1379 5623 4
1645 5565 1848 5652 scribit
1950 5590 2075 5652 qua:
2122 5582 2208 5652 est
2263 5565 2529 5652 impilium
2586 5565 2821 5652 istorum
2853 5565 3522 5649 'udunumqneﬁtniaiteria:

265 5651 394 5723 esse
419 5637 545 5700 τοὺς
573 5637 994 5723 περὶατοίςλτοσί.
1017 5636 1397 5723 ιπίλομς,ή.ιιιιω
1422 5638 1730 5723 ..λΕευοΙιχίυε
1757 5643 1849 5723 ni.

1950 5636 2252 5723 Nonhenim
2280 5636 2480 5723 fascias
2517 5647 2741 5716 pedules
2771 5649 2860 5723 hic
2884 5664 3006 5703 esse
3042 5636 3192 5723 puto,
3225 5652 3319 5708 sed
3342 5636 3522 5723 βαθέα

263 5704 661 5792 λιι-ξραχοοξιζ
840 5706 1118 5792 Hesychia:
1151 5704 1848 5792 Bedi8§,§va§upi6eg._Et

1952 5714 2296 5792 ὑποδήματα,
2326 5716 2429 5792 hoc
2460 5704 2543 5771 es't
2571 5732 2765 5792 soccos
2801 5719 3009 5784 laneos,
3040 5704 3246 5792 quibus
3259 5704 3520 5779 animi

265 5774 399 5830 alibi
417 5794 430 5831 :
445 5774 848 5844 Ἀναξυρίδες,
867 5795 938 5848 φη
948 5774 1184 5847 μινά).ια,
1198 5774 1400 5848 βρακία
1414 5780 1479 5850 βα
1489 5774 1744 5851 ρϐαρικᾶ,
1759 5780 1845 5836 έν-

1953 5794 2063 5854 tur,
2100 5774 2207 5840 ἱιόη
2246 5774 2614 5843 obvolvuntur
2646 5790 2832 5859 pedes.

636 5873 909 5936 ΡΑτιιοι..
952 5873 1064 5934 Gn.
1117 5874 1167 5936 Χ
1182 5875 1277 5935 LI.
1838 5934 1849 5941 .

3064 5888 3136 5950 33
