4046 6436
591 363 734 421 1035
2017 359 2074 414 S.
2117 359 2189 414 ΕΙ

2207 359 2461 414 ΙΙῚΙΑΝΙΙ
3699 361 3803 416 ίῢῦὂ

591 481 739 536 enim
775 479 842 536 de
879 476 1136 534 secundis
1164 474 1324 547 503
1359 474 1586 545 nuptiis,
1624 475 1853 544 aliisque
1881 473 1933 528 id
1977 489 2174 546 genus,

2207 483 2252 540 Α
2281 477 2476 538 ἄλλων,
2517 468 2661 529 οὑτοι
2694 476 2775 539 είς
2813 475 2992 528 πάντα
3014 473 3104 526 τὸν
3130 472 3260 527 λαὸν
3291 476 3620 545 νενομίκασι·
3656 478 3736 530 καὶ
3755 479 3805 532 τὰ

591 571 886 631 sacerdotii
933 585 1104 626 causa
1157 569 1376 624 decreta
1439 573 1592 632 sunt,
1641 581 1704 622 ea
1746 565 1812 620 ad
1855 568 2175 623 universum

2277 570 2344 623 δι’
2375 566 2679 640 ὑπερϐολὴν
2719 565 3118 640 στρυφνότητος
3150 565 3254 619 ὑπὸ
3295 565 3428 618 Θεοῦ
3449 570 3806 640 κεκηρυγμένα,

591 665 852 736 ροριιιιιιιι
875 659 1318 726 transtulerunt;
1373 667 1426 714 et
1456 673 1580 730 qum
1624 655 1691 714 ad
1732 658 2176 713 constituendam

2281 663 2366 718 ἵνα
2399 662 2474 734 μὴ
2504 659 2921 734 ρᾳθυμὴσαντές
2953 676 3100 723 τινες
3143 659 3552 730 παραπέσωσιν,
3584 662 3716 714 αὐτοὶ
3745 665 3807 727 είς

590 755 1001 814 severissimam
1041 753 1390 824 disciplinam
1427 765 1458 806 a
1488 750 1602 806 Deo
1639 750 1898 806 mandata
1925 759 2074 816 sunt,
2109 765 2178 805 ne

2277 751 2674 825 ἀπανθρωπίαν
2706 749 2828 822 θεῷ
2851 749 3114 820 συνῆψαν.
3149 749 3261 801 Καὶ
3293 748 3366 812 ὡς
3391 747 3491 823 ,ἐὰν
3520 751 3568 802 εί
3589 768 3680 814 τις.
3711 753 3807 822 ίμα-

587 848 730 905 t'orte
773 847 943 917 aliqui
980 861 1092 917 prae
1142 845 1309 900 animi
1349 843 1604 901 socordia
1639 845 1693 898 in
1731 844 1988 900 delictum
2037 841 2177 896 inci-

2277 843 2392 898 τίου
2430 845 2574 916 χειρὶ
2601 842 3004 914 διακατασχὼν,
3041 841 3138 895 καὶ
3168 840 3275 904 ἓως
3309 841 3464 912 μόνον
3483 841 3705 910 ἀγκῶνος
3729 846 3807 899 ἀπὸ

588 941 818 1008 derent;
859 941 976 996 inec
1026 938 1104 994 illi
1145 937 1275 992 dum
1315 936 1384 991 ad
1419 950 1611 991 omnes
1649 935 1927 1006 pertinere
1959 934 2172 998 volunt,

2279 933 2492 1005 καρποῦ
2547 931 2733 1003 χειρὸς
2787 931 2882 986 τοῦ
2931 931 3272 1002 καλουμένου
3329 931 3585 994 σκεπάζει
3627 933 3806 998 ἑαυτὸν,

585 1035 772 1089 divino
798 1031 1009 1087 numini
1037 1030 1379 1085 atrocitatem
1429 1039 1483 1085 et
1510 1025 1967 1083 inhumanitatem
2010 1025 2177 1082 ascri-

2277 1026 2577 1096 1190333595:
2598 1024 2655 1077 δὲ
2685 1025 2795 1096 πρὸ
2823 1023 3121 1094 ὀφθαλμῶν
3160 1022 3281 1076 καθ’
3316 1023 3548 1093 ἑκάστην
3586 1023 3716 1096 ὥραν
3733 1027 3808 1096 τὴν

582 1127 739 1182 bunt.
797 1123 878 1179 Ae
913 1123 1062 1179 velut
1111 1121 1159 1179 si
1203 1122 1328 1192 quis
1377 1129 1584 1176 vestem
1637 1134 1803 1174 manu
1847 1129 2063 1183 tenens,
2106 1107 2176 1172 ab

2277 1115 2509 1188 χειρίδα,
2541 1115 2637 1170 καὶ
2661 1113 2992 1179 ὲπιτωθάζει
3025 1116 3136 1177 τοῖς
3167 1111 3370 1178 ἄλλοις,
3418 1114 3724 1184 ὲπιλησθείς,
3747 1116 3808 1168 ὅτι

583 1232 751 1290 carpo
777 1231 976 1272 manus
1009 1216 1269 1270 duntaxat
1304 1211 1492 1268 cubito
1522 1219 1684 1267 tenus
1717 1210 2003 1266 brachium
2043 1226 2175 1281 ope-

2275 1207 2397 1260 ὅλον
2443 1206 2506 1260 τὸ
2550 1205 2710 1278 σῶμα
2757 1205 2922 1260 αὑτοῦ
2967 1206 3338 1276 γυμνητεύει·
3365 1203 3506 1258 οὑτω
3548 1206 3636 1258 καὶ
3676 1201 3806 1273 οὗτοι,

583 1312 710 1375 riat,
745 1317 910 1380 atque
936 1295 1235 1363 identidem
1263 1304 1540 1360 manicam
1567 1303 1746 1358 oculis
1780 1302 1896 1358 suis
1924 1301 2169 1372 objiciat,

2278 1298 2668 1370 σεμνυνόμενοι
2702 1297 2778 1369 μὴ
2818 1297 3074 1370 δέχεσθαι
3112 1293 3395 1368 διγάμους,
3421 1295 3516 1360 τὰς
3557 1298 3718 1361 πάσας
3746 1299 3809 1350 ὲν-

583 1411 638 1458 et
677 1402 817 1457 alios
853 1397 1106 1462 irrideat,
1157 1396 1365 1452 oblitus
1421 1402 1538 1448 toto
1572 1409 1631 1449 se
1669 1407 1898 1464 corpore
1925 1407 2050 1447 esse
2074 1405 2173 1445 nn-

2274 1389 2433 1454 τολάς
2477 1391 2576 1454 τὰς
2617 1391 2811 1461 ὁμοίας
2843 1389 3070 1461 ταύτης,
3122 1390 3217 1443 καὶ
3269 1387 3348 1443 ἔτι
3403 1387 3518 1460 μεθ’
3557 1390 3809 1462 ὑπερϐολῆς

581 1497 816 1559 datum;
872 1490 1100 1562 perinde
1141 1497 1197 1545 et
1239 1488 1320 1542 illi
1357 1487 1586 1551 faciunt,
1625 1486 1717 1557 qui
1757 1484 1888 1540 dum
1925 1484 2172 1556 digamos

2275 1481 2561 1547 καλλίονας
2598 1483 2693 1537 καὶ
2719 1481 3121 1546 ἐπιθανατίους,
3144 1483 3242 1553 τὴν
3279 1480 3407 1552 μίαν
3439 1481 3808 1553 ἀπαγορεύουσι,

583 1603 614 1640 a
670 1601 731 1641 se
787 1583 1062 1654 repudiari
1107 1581 1384 1652 iactitant,
1446 1581 1657 1648 reliqua
1701 1585 1972 1649 przecepta
2025 1576 2172 1631 illius

2272 1571 2373 1640 τὰς
2399 1575 2454 1628 δὲ
2498 1575 2664 1639 ἄλλας
2697 1573 3142 1630 καταλελοίπασι.
3189 1573 3299 1626 Καὶ
3341 1572 3697 1643 ἐπιλαθόμενοι
3719 1572 3809 1625 ὅλον

581 1677 668 1733 vel
720 1675 953 1739 similia,
1005 1675 1088 1730 vel
1123 1673 1242 1728 sine
1287 1673 1395 1726 ulla
1437 1671 1848 1740 comparatione
1902 1675 2171 1740 praestan-

2277 1665 2376 1736 μὲν
2394 1665 2455 1719 τὸ
2481 1665 2642 1736 σῶμα
2672 1663 3131 1737 γυμνητεύουσιν,
3157 1665 3268 1718 ἀπὺ
3296 1665 3434 1719 ὅλων
3462 1665 3566 1718 τῶν
3593 1666 3809 1734 ἐνταλμά-

582 1770 748 1831 tiora,
803 1781 1039 1838 quorum
1090 1763 1453 1820 violatoribus
1486 1763 1679 1816 mortis
1723 1775 1882 1832 pinna
1911 1761 2170 1830 proponi-

2276 1779 2383 1814 των
2415 1762 2782 1832 ἀργήσαντες,
2836 1758 2931 1811 καὶ
2969 1757 3070 1829 τὴν
3104 1758 3235 1828 μίαν
3284 1757 3505 1828 ἐντολὴν
3553 1758 3643 1828 οὑχ
3668 1756 3810 1826 ἁγνῶς

582 1869 694 1924 tur,
743 1862 1126 1921 contemnunt,
1171 1866 1226 1911 et
1260 1855 1551 1925 ahjiciunt,
1611 1863 1662 1907 et
1714 1867 1824 1905 uino
1868 1851 1960 1906 illo
2001 1853 2170 1906 inter-

1063 1862 1126 1921 ιι,
1171 1866 1226 1911 et
1260 1855 1551 1925 ahjiciunt,
1611 1863 1662 1907 et
1714 1867 1824 1905 uino
1868 1851 1960 1906 illo
2001 1853 2170 1906 inter-
2202 1846 2242 1899 Β
2272 1853 2660 1924 κατασχόντες.

580 1952 728 2008 dicto
759 1950 1002 2008 contenti
1031 1959 1230 2007 cratera
1265 1949 1568 2021 negligant.
1595 1946 1778 2014 Quare
1802 1948 1882 2002 sie
1909 1955 2172 2018 tanquam
2210 1949 2364 2004 obliti
2389 1951 2520 2014 sint,
2554 1957 2667 2004 toto
2696 1965 2927 2020 corpore
2952 1947 3088 2004 nudi
3119 1954 3268 2015 sunt,
3330 1947 3462 2002 dum
3486 1950 3538 2003 et
3597 1947 3803 2001 universa

583 2044 674 2100 Dei
721 2051 996 2115 praecepta
1055 2044 1398 2113 relinquunt,
1433 2055 1612 2112 neque
1647 2054 1816 2094 unum
1851 2039 1982 2093 illud
2020 2050 2172 2095 caste
2209 2057 2276 2096 ac
2310 2043 2526 2097 sincere
2563 2043 2909 2100 custodiunt.
3681 2030 3693 2046 ’

648 2133 760 2190 XII.
803 2134 847 2191 0
894 2132 1274 2191 admirandam
1322 2134 1609 2189 hominum
1663 2132 1965 2188 insaniam!
2021 2131 2164 2187 Sane

2344 2136 2444 2189 IB’.
2482 2137 2592 2190 Kal.
2619 2135 2664 2188 ὣ
2690 2135 2789 2200 τῆς
2820 2135 3020 2206 πολλῆς
3050 2135 3158 2188 τῶν
3197 2129 3500 2205 ἀνθρώπων
3531 2147 3807 2202 ματαιοιερο-

576 2225 834 2298 quaelibet
864 2226 1108 2292 occasio,
1142 2226 1496 2298 quantumvis
1544 2225 1764 2296 exigua,
1798 2241 2156 2295 unamquam-

2275 2228 2474 2296 σύνηςί
2513 2230 2667 2283 Πᾶσα
2696 2228 2752 2281 δὲ
2797 2228 3072 2300 πρόφασις
3117 2225 3353 2297 ἑκάστην
3387 2224 3624 2295 αἵρεσιν,
3649 2223 3734 2275 κᾶν
3763 2237 3806 2272 τε

575 2335 683 2390 que
716 2319 971 2374 haeresim
1008 2335 1038 2373 a
1077 2319 1304 2374 veritate
1335 2317 1614 2383 distraxit,
1648 2325 1814 2387 atque
1847 2315 1914 2370 ad
1950 2317 2164 2371 intinita

2280 2316 2508 2392 βραχεῖά
2536 2337 2620 2383 τις
2648 2319 2912 2390 ὑπῆρξεν,
2949 2316 3058 2372 ἀπὸ
3083 2316 3186 2386 τῆς
3214 2313 3477 2385 ἀληθείας
3508 2313 3804 2384 παρείλκυσε,

577 2412 721 2466 mala
753 2410 1030 2482 perduxit.
1068 2408 1545 2477 Quemadmodum
1581 2409 1726 2463 enim
1768 2410 1812 2462 si
1844 2407 1970 2478 quis
1999 2409 2168 2464 inter-

2279 2415 2373 2468 :tal
2401 2417 2480 2477 είς
2517 2412 2716 2484 πολλὴν
2758 2411 2945 2467 κακῶν
2977 2411 2998 2441 ³
3025 2409 3360 2480 κατήγαγεν.
3400 2407 3606 2478 Ὠσπερ
3631 2407 3722 2478 γάρ
3746 2420 3809 2466 τις

577 2511 797 2575 ruptam
826 2519 1009 2575 sepem
1043 2501 1109 2557 ad
1143 2502 1419 2573 publicam
1447 2502 1589 2556 viam
1624 2501 1911 2572 repererit,
1945 2508 2001 2556 et
2041 2502 2167 2557 illac

2273 2505 2580 2576 διασφαγὴν
2622 2504 2797 2577 εὑρὼν
2848 2505 2906 2557 ἐν
2960 2499 3199 2573 φραγμῷ
3242 2498 3396 2570 παρά
3446 2495 3807 2568 λεωφόρῳ,κώ

578 2598 684 2651 iter
715 2612 839 2652 esse
890 2596 992 2650 sibi
1047 2595 1301 2660 credens,
1333 2594 1528 2648 relicta
1556 2592 1642 2647 via
1681 2593 1965 2662 paululum
2001 2593 2168 2648 delle-

2273 2597 2502 2667 νομίσας
2551 2595 2642 2648 διὰ
2690 2594 2895 2666 ταύτης
2943 2591 3218 2664 βαδίζειν,
3263 2592 3354 2645 καὶ
3404 2589 3698 2644 καταλιπὼν
3737 2587 3808 2656 τὴν

579 2686 745 2750 xerit,
783 2693 936 2740 ratus
982 2687 1355 2756 propinquum
1407 2699 1531 2738 esse
1581 2684 1812 2747 exitum,
1851 2698 1948 2752 per
2002 2697 2164 2753 quem

2271 2686 2412 2748 ὁδὸν,
2461 2685 2750 2757 τρέπηται,
2788 2683 3013 2755 νομίσας
3063 2680 3362 2750 ὲγγύτατον
3395 2680 3555 2751 ἔχειν,
3598 2678 3702 2732 ὅθεν
3721 2677 3809 2730 δια-

577 2776 761 2832 redire
796 2777 851 2831 in
880 2777 1024 2830 viam
1062 2776 1262 2830 iterum
1302 2776 1499 2845 possit,
1536 2789 1638 2830 nec
1688 2773 1824 2828 illud
1857 2773 2062 2841 sciens,
2094 2775 2168 2828 al-

2273 2778 2500 2849 κάμψας
2528 2777 2688 2830 πάλιν
2722 2775 2821 2846 τῆς
2862 2773 2983 2828 ὁδοῦ
3013 2772 3343 2838 ἐπιλάϐοιτο,
3376 2773 3629 2843 ἀγνοήσει
3654 2769 3720 2834 δὲ,
3747 2769 3806 2822 ὁτι

578 2871 852 2926 tissimum
901 2870 1014 2924 illic
1065 2885 1189 2924 esse
1243 2884 1486 2935 murum,
1523 2884 1587 2923 ac
1635 2868 1961 2939 longissimo
1987 2869 2166 2938 spatio

2269 2872 2446 2941 τεῖχός
2475 2873 2620 2924 ἐστιν
2651 2869 2978 2941 ὑπέρτατον,
3013 2868 3106 2921 καὶ
3139 2865 3332 2938 μακρῷ
3355 2865 3672 2937 διαστήματι
3699 2862 3807 2933 ᾠκο-

577 2964 979 3033 interceptum;
1012 2970 1178 3032 atque
1230 2962 1305 3014 ita
1356 2960 1658 3025 discurrat,
1699 2974 1800 3015 nec
1853 2974 1962 3030 qua
1992 2961 2169 3030 possit

2270 2944 2408 3034 δομη
2421 2963 2601 3034 μένον,
2634 2961 2911 3031 ἐπιτρέχοι
2954 2959 3010 3012 δὲ
3055 2957 3132 3030 μὴ
3161 2957 3437 3031 εὑρίσκων
3461 2957 3546 3010 διὰ
3570 2955 3710 3017 ποίας
3734 2952 3808 3021 τὴν

577 3053 764 3126 egredi
801 3055 1016 3124 uspiam
1053 3053 1327 3124 reperiat;
1356 3067 1594 3123 eumque
1629 3067 1740 3106 uno
1775 3052 2018 3107 alterove
2051 3051 2172 3105 mil-

2271 3056 2505 3122 διὲξοδον
2537 3055 2846 3125 ποιήσεται,
2889 3053 3010 3105 ἀντὶ
3051 3051 3170 3115 ἑνὸς
3208 3050 3478 3123 σημείου,
3531 3051 3640 3121 ἦτοι
3673 3045 3807 3118 μιλίου

574 3147 700 3201 liari
737 3161 1065 3218 progressus
1093 3145 1282 3210 fuerit,
1317 3145 1534 3215 longius
1563 3143 1822 3212 deinceps
1852 3145 1952 3198 iter
1975 3157 2168 3213 super-

2211 3173 2242 3236 C
2275 3145 2638 3219 προσκόπτων
2664 3145 2708 3210 ³,
2757 3143 2899 3198 κατά
2941 3145 3099 3215 χεῖρα
3137 3141 3216 3194 ἔτι
3258 3140 3421 3194 πλέον
3465 3139 3540 3212 μὴ
3577 3137 3707 3211 εὕροι
3737 3135 3809 3205 τὴν

577 3240 671 3305 sit,
713 3255 815 3294 nec
848 3239 988 3294 viam
1021 3237 1296 3308 expediat,
1331 3235 1429 3292 sed
1466 3237 1572 3291 huc
1604 3236 1848 3306 illucque
1882 3251 1942 3290 se
1972 3234 2166 3290 confe-

2213 3227 2242 3236 -
2271 3239 2409 3304 ὁδὸν,
2443 3238 2538 3292 καὶ
2571 3237 2748 3300 οὕτως
2785 3237 3056 3306 τρέπηται
3087 3235 3180 3288 ἐπὶ
3225 3233 3292 3287 τὰ
3327 3231 3521 3287 πλείω·
3549 3231 3744 3303 κάμνων
3769 3227 3811 3282 δὲ

579 3338 684 3382 rat.
721 3327 824 3384 ilic
851 3329 1018 3400 igitur
1049 3329 1116 3382 ad
1153 3343 1278 3383 eum
1311 3329 1536 3382 modum
1569 3325 1850 3391 laborans,
1881 3336 2059 3397 neque
2087 3325 2171 3380 ul-

2267 3329 2433 3397 οὕτω,
2465 3329 2558 3383 καὶ
2591 3329 2664 3401 μὴ
2711 3327 2962 3401 εὐπορῶν
2991 3327 3079 3380 διὰ
3113 3326 3274 3390 ποίας
3307 3326 3400 3379 ἐπὶ
3432 3325 3528 3398 τὴν
3553 3323 3809 3393 ὁδοιπορίαν

578 3421 691 3474 lum
721 3421 786 3474 ad
823 3399 1030 3474 rectam
1063 3419 1210 3474 viam
1247 3420 1352 3476 iter
1381 3419 1704 3491 expediens,
1729 3433 1842 3473 non
1871 3419 2033 3473 aliter
2056 3415 2167 3472 tor-

2270 3425 2490 3494 ἀγάγοι,
2521 3399 2662 3494 τάχα
2691 3440 2748 3476 τε
2946 3423 3126 3494 εὑρεῖν
3159 3419 3439 3492 δυνηθείη,
3474 3421 3522 3473 εί
3553 3419 3620 3491 μή
3645 3435 3690 3470 τι
3713 3417 3811 3470 ἀνα·

578 3507 745 3562 tassis
774 3507 1037 3570 inveniet,
1069 3523 1234 3576 quam
1269 3508 1316 3562 si
1341 3509 1555 3572 eadem,
1581 3524 1690 3579 qua
1721 3509 2002 3578 ingressus
2025 3513 2166 3570 erat,

2269 3519 2480 3588 κάμψει
2521 3517 2589 3570 δι’
2627 3513 2696 3590 ἦς
2729 3517 2824 3569 καὶ
2858 3515 3140 3587 εἰσῆλθεν*
3169 3513 3344 3578 οὑτως
3387 3515 3590 3584 ἑκάστη
3622 3512 3808 3581 αἵρεσις,

579 3606 912 3655 revertatur.
949 3595 1043 3653 Sic
1086 3597 1316 3655 hmresis
1354 3600 1560 3666 omnis,
1599 3614 1726 3666 cum
1769 3587 1982 3654 itineris
2017 3612 2168 3653 com-

2269 3609 2346 3676 ὡς
2376 3610 2670 3682 συντομίαν
2697 3611 2819 3664 τινὰ
2860 3611 3111 3680 ὲφευρεῖν
3143 3605 3458 3676 δυνηθεῖσα,
3489 3598 3805 3676 παρεξώκειλε

575 3694 839 3765 pendium
890 3691 1117 3748 haberet
1149 3691 1205 3748 in
1239 3700 1520 3764 promptu,
1555 3708 1654 3764 per
1684 3691 1876 3764 longas
1907 3683 2168 3762 ambages

2267 3703 2356 3758 διὰ
2392 3705 2492 3776 τῆς
2528 3702 2856 3776 μακροδίας·
2889 3701 3090 3774 εὑρέθη
3135 3700 3190 3754 δὲ
3236 3699 3372 3770 αὑτῇ
3406 3701 3584 3769 τεῖχος
3613 3691 3807 3767 ἀρῥαγὲς

577 3785 826 3856 digressa
862 3783 918 3836 in
947 3781 1344 3840 solidissimum
1377 3800 1598 3840 murum
1631 3785 1858 3850 incidit;
1889 3783 2171 3853 cuiusmo-

2270 3800 2304 3869 ἢ
2349 3797 2450 3869 τῆς
2489 3796 2712 3866 ἀγνοίας
2741 3796 2836 3850 καὶ
2870 3794 3145 3864 ἀγνωσίας
3183 3791 3346 3846 πάλιν
3378 3790 3577 3862 πλοκή.
3617 3785 3715 3843 Καὶ
3736 3783 3809 3836 οὐκ

579 3877 634 3932 di
666 3883 743 3932 est
773 3876 1117 3947 ignorantiae,
1147 3871 1793 3948 inscitizeque‘impedita,
1825 3889 1890 3931 ac
1917 3881 2168 3930 tortuosa

2271 3889 2338 3944 ἂν
2373 3889 2523 3960 εὑροι
2549 3891 2582 3959 ἡ
2613 3885 2838 3958 τοιαύτη
2875 3885 2970 3940 ἐπὶ
3005 3885 3104 3958 τὴν
3139 3883 3400 3957 ἀληθινὴν
3446 3885 3600 3956 ἥκειν
3627 3881 3754 3944 ὁδὸν,
3775 3878 3810 3929 εί

578 3969 762 4025 ﬂexio.
797 3966 986 4040 Neque
1032 3985 1162 4024 vero
1213 3970 1460 4026 invenire
1502 3981 1749 4040 unquam
1805 3967 1898 4022 illa
1945 3966 2166 4038 poterit,

2275 3982 2348 4052 μή
2398 3999 2451 4034 τι
2484 3980 2800 4051 ἀνακάμψει
2831 3979 2911 4043 εἰς
2947 3979 3008 4032 τὸ
3037 3978 3345 4051 ἀρχέτυπον
3383 3977 3484 4050 τῆς
3517 3973 3660 4041 ὁδοῦ,
3690 3987 3808 4026 τουτ-

577 4080 685 4135 qua
715 4077 774 4118 se
810 4061 878 4117 ad
914 4071 1120 4118 rectam
1162 4065 1308 4119 viam
1341 4063 1566 4128 referat,
1601 4064 1708 4120 nisi
1745 4061 1811 4118 ad
1846 4059 2166 4133 primariam

2271 4077 2386 4128 ἐστι
2416 4074 2514 4146 τῆς
2550 4069 2856 4144 βασιλικῆςο
2885 4069 2960 4138 ὡς
3011 4072 3104 4125 καὶ
3136 4071 3164 4122 ό
3194 4070 3358 4140 νόμος
3403 4069 3687 4142 διαρρήδην
3712 4062 3810 4116 ἐϐόα

577 4161 743 4223 viam,
776 4161 882 4216 hoc
905 4171 988 4214 est
1021 4159 1245 4228 regiam,
1283 4159 1388 4213 iter
1419 4159 1728 4214 retorserit.
1763 4157 1819 4212 Id
1857 4157 2004 4230 quod
2038 4175 2169 4214 san-

2273 4165 2364 4221 τοῦ
2395 4165 2553 4235 ἁγίου
2583 4163 2884 4230 Μωῦσέως,
2911 4163 3162 4233 λέγοντος
3195 4161 3274 4234 τῷ
3305 4161 3520 4232 βασιλεῖ
3555 4158 3731 4229 Ἐδὼμ,
3751 4156 3812 4208 ὅτι

576 4253 810 4309 ctissilni
853 4253 1019 4309 illusis
1067 4255 1154 4308 lex
1185 4260 1374 4324 aperte
1403 4249 1839 4318 voeiferabatur,
1879 4268 2005 4307 cum
2043 4252 2170 4308 ldu-

2277 4259 2420 4314 Τιίδε
2461 4257 2622 4329 λέγει
2673 4261 2706 4311 ὁ
2758 4257 3023 4327 ἀδελφός
3075 4274 3191 4311 σου
3249 4253 3531 4324 Ἰσραήλ·
3580 4250 3729 4320 Παρὰ
3763 4246 3813 4300 τὰ

576 4361 716 4400 mmo
746 4345 859 4416 regi
896 4347 970 4398 ita
1007 4346 1293 4399 mandaret
1329 4363 1342 4398 :
1380 4343 1509 4398 Han:
1533 4345 1663 4398 dicit
1707 4345 1880 4414 frater
1921 4355 2042 4400 tuus
2082 4341 2169 4398 Is-

2271 4349 2401 4418 c'iptd
2435 4367 2552 4405 σου
2598 4351 2982 4419 διελεύσομαι
3013 4353 3100 4415 εἰς
3135 4347 3273 4418 γῆν,
3307 4346 3387 4415 ἢν
3420 4348 3615 4418 ὠμοσε
3642 4347 3812 4412 Κύριος

575 4438 692 4491 ruet
717 4453 734 4490 :
769 4437 974 4492 I'rwter
1003 4440 1256 4492 terminos
1280 4449 1399 4492 tuos
1430 4439 1670 4492 transibo
1685 4439 1744 4492 in
1767 4448 1984 4503 terram,
2008 4436 2165 4508 quam

2271 4441 2398 4510 τοῖς
2427 4443 2727 4512 πατράσιν
2770 4433 2939 4512 ἡμῶν
2971 4441 3212 4496 δοῦναι·
3260 4438 3376 4512 γῆν
3407 4443 3671 4508 ῥέουσαν
3705 4434 3812 4506 μέλι

567 4529 772 4600 jurarit
806 4529 1067 4584 Dominus
1091 4529 1218 4584 dare
1239 4531 1480 4599 patribus
1512 4531 1750 4594 nostris;
1785 4539 1984 4583 terram
2008 4527 2165 4601 504

2211 4526 2246 4580 D
2275 4534 2374 4588 καί
2423 4535 2613 4604 γάλα,
2649 4535 2765 4602 τὴν
2816 4533 2932 4604 γῆν
2973 4532 3090 4587 τῶν
3131 4533 3496 4602 Ἀμορῤαίων
3541 4531 3636 4584 καὶ
3681 4531 3809 4594 Φερε-

577 4621 729 4673 metle
777 4631 825 4673 et
868 4620 1004 4674 lacte
1041 4630 1388 4672 manantem:
1417 4629 1612 4674 (errant
1639 4619 2088 4681 Amorrha’orum,
2117 4627 2165 4670 et

2275 4624 2468 4693 ζαίων,
2505 4627 2605 4681 καί
2647 4627 3046 4690 Ἰεϐουσαίων,
3089 4625 3188 4681 καί
3235 4626 3492 4692 Εὐαίων,
3535 4625 3630 4678 καί
3672 4624 3803 4675 Xara

575 4711 984 4767 Pheresworum
1007 4722 1054 4766 et
1086 4710 1473 4774 Jebttsa’arum,
1504 4725 1555 4767 et
1588 4711 1890 4778 Emorum,
1937 4725 1986 4766 et
2024 4709 2165 4766 Cha-

2274 4721 2480 4783 ναίων,
2507 4719 2604 4773 καί
2629 4707 2942 4773 Χετταίων·
2973 4717 3376 4790 γῆν-ῥέουσαν
3403 4715 3559 4787 γάλα
3575 4712 3809 4786 animi”.

575 4819 908 4868 nana'ornm,
933 4813 983 4857 et
1022 4803 1397 4865 Chetta'orum,
1419 4813 1616 4858 terram
1649 4805 1897 4875 ﬂuentem
1937 4803 2091 4858 melle
2118 4813 2166 4857 et

2278 4815 2401 4865 Οὐκ
2427 4811 2670 4866 exanimo
2682 4811 2826 4882 ῦμεν
2851 4811 3022 4877 δεξιὰ
3048 4811 3088 4880 ἢ
3120 4809 3405 4881 ἀριστερὰ
3428 4825 3443 4839 ⁸
3477 4810 3626 4878 ὕδωρ
3649 4809 3713 4860 ἐν·
3734 4807 3808 4871 ἀρ·

577 4897 735 4950 tacte.
762 4893 884 4949 Non
915 4895 1300 4950 declinabimns
1331 4895 1401 4950 ad
1431 4895 1704 4951 dexteram
1733 4907 1826 4950 aut
1857 4897 2162 4965 sinistram,

2279 4904 2458 4974 rupto)
2489 4905 2762 4975 πιόμεθα,
2791 4904 2892 4958 καὶ
2909 4901 3195 4974 βρώματα
3217 4904 3506 4973 ἀρτιιρίου
3532 4899 3812 4972 eameam

575 5007 773 5062 aquam
811 4991 865 5044 in
899 5000 1116 5061 argento
1149 4989 1405 5054 bibemus,
1438 5001 1486 5045 et
1518 4991 1662 5046 cibos
1697 4991 1904 5062 argenti
1931 4995 2168 5049 comede-

2279 4999 2403 5052 Οὐκ
2435 4998 2836 5067 ἐκκλινοῦμεν
2859 4996 3144 5053 ἐντεῦθεν
3175 4998 3214 5066 ἢ
3243 4996 3524 5052 ἐντεῦθεν
3543 5010 3556 5025 ’
3592 4990 3700 5057 ὁδῷ
3729 4990 3810 5052 βα·

573 5097 716 5137 mus.
756 5080 880 5137 Non
911 5083 1298 5138 declinabimus
1328 5084 1426 5136 hac
1453 5094 1548 5138 aut
1578 5083 1723 5148 illac,
1754 5085 1841 5139 via
1875 5087 2018 5156 regia
2049 5104 2168 5157 gra-

2275 5089 2486 5160 σιλικῇ
2527 5089 2880 5162 βαδιοῦμεν.
2915 5091 3072 5146 Ἔστι
3113 5087 3221 5162 γὰρ
3267 5089 3384 5150 ὁδὸς
3431 5085 3694 5160 βασιλικὴ,
3720 5082 3815 5152 ἣτις

576 5174 840 5231 diemur‘.
867 5167 973 5229 Est.
994 5176 1142 5231 enim
1175 5177 1323 5246 regia
1351 5175 1601 5247 quaedam
1633 5178 1738 5242 via,
1766 5178 2038 5243 nimirum
2066 5179 2167 5235 Ec-

2274 5183 2422 5236 ἐστὶν
2453 5183 2488 5254 ἠ
2513 5181 2608 5236 τοῦ
2636 5181 2771 5236 Θεοῦ
2815 5181 3134 5253 Ἐκκλησία,
3161 5183 3258 5236 καὶ
3280 5181 3556 5252 ὁδοιπορία
3589 5178 3680 5248 τῆς
3710 5173 3810 5242 ἀλη-

577 5267 744 5322 clcsia
794 5263 912 5332 Dei,
948 5283 1013 5323 ac
1044 5269 1294 5323 veritatis
1326 5269 1449 5324 iter.
1479 5264 1834 5340 Unaquaeque
1868 5286 2000 5326 vero
2030 5271 2170 5328 ista-

2274 5273 2447 5338 θείας.
2495 5276 2732 5348 Ἑκάστη
2765 5276 2822 5330 δὲ
2855 5278 3059 5332 τούτων
3079 5319 3094 5342 ,
3137 5278 3239 5349 τὴν
3287 5275 3572 5348 βασιλικὴν
3604 5263 3807 5325 καταλεί⁵

579 5375 699 5416 rutn
739 5362 1023 5416 haereseon
1057 5363 1204 5432 regia
1237 5361 1501 5416 derelicta
1533 5361 1645 5426 via,
1678 5363 1744 5416 ad
1775 5361 2060 5420 dexteram
2091 5366 2168 5419 si-

2274 5367 2445 5436 ψασα,
2492 5368 2724 5422 κλίνασα
2763 5370 2817 5422 δὲ
2849 5371 2941 5424 ἐπὶ
2973 5369 3037 5423 τὰ
3080 5369 3230 5436 δεξιά
3269 5369 3302 5440 ἦ
3343 5369 3433 5422 ἐπὶ
3462 5367 3530 5420 τὰ
3570 5353 3813 5438 ἀριστερὰς

577 5454 878 5508 nistramve
899 5453 1216 5520 deﬂectens,
1254 5453 1514 5524 deinceps
1547 5453 1602 5507 in
1646 5453 1977 5509 immensum
2005 5468 2164 5510 erro-

2274 5460 2367 5514 ὲπὶ
2399 5457 2536 5514 πολὺ
2568 5461 2753 5516 λοιπὸν
2779 5463 2979 5534 ἑαυτὴν
3006 5459 3340 5528 ἐπιδιδοῢσα,
3367 5462 3445 5524 είς
3477 5457 3676 5526 πλάνην
3699 5465 3807 5520 παρ·

579 5559 692 5600 rem
740 5559 864 5602 sese
907 5546 1260 5602 committens
1301 5545 1611 5618 abripitur:
1648 5545 1786 5601 adeo
1837 5555 1896 5601 ut
1946 5547 2158 5602 nullum

2273 5551 2656 5625 ελκυθήσεταιο
2695 5555 2792 5608 καὶ
2840 5554 3022 5608 οὐκέτι
3072 5551 3273 5625 μέτρον
3305 5552 3416 5623 ἔχει
3466 5547 3592 5620 παρ’
3644 5540 3815 5603 ἑκάστῃ

574 5639 840 5708 deinceps
891 5635 1113 5692 modum
1159 5640 1357 5696 habeat
1386 5642 1442 5696 in
1475 5640 1723 5712 qualibet
1751 5640 1963 5698 erroris
2010 5643 2164 5697 inso-

1601 5640 1723 5695 libet
1751 5640 1963 5698 erroris
2010 5643 2164 5697 inso-
2272 5646 2480 5713 αίρέσει
2517 5647 2550 5718 ἡ
2584 5647 2682 5718 τῆς
2705 5645 2912 5717 πλάνης
2936 5645 3199 5700 ἀναίδεια.

577 5730 764 5788 lentia.

651 5845 666 5876 ³
703 5843 875 5900 Nutu.
907 5853 1021 5905 xxx,
1051 5841 1122 5894 ‘22
1156 5859 1278 5915 sqq.
1347 5851 1366 5880 ¹
1396 5847 1454 5902 F.
1491 5847 1709 5904 κακίαν.
1787 5851 1809 5883 ³
1843 5848 1904 5905 F.
1943 5848 2285 5926 προκόπτων.
