4046 6432
300 281 440 339 1057
950 264 1323 326 ADVERSUS
1359 258 1704 321 HERESES
1740 255 1870 313 LIB.

1973 295 1978 310 .
2022 238 2188 308 Ton.
2233 252 2277 309 1.
2315 278 2385 290 -
2421 244 2698 302 amnes.
2736 242 2853 302 Lx.
3432 238 3571 294 mss

374 395 477 452 11".
508 393 643 461 Ἀγε
683 390 886 453 τοίνυν,
928 385 1066 441 Θεοῦ
1106 384 1318 450 δοῦλοι,
1349 381 1454 435 υἱοί
1493 396 1556 433 τε
1595 380 1694 449 τῆς
1728 374 1891 445 ἁγίας
1920 374 1969 431 Α

2062 364 2206 422 XIII.
2251 363 2408 437 Agite
2440 364 2643 434 itaque,
2670 359 2769 415 Dei
2809 354 2978 425 servi,
3013 369 3079 410 ac
3112 360 3314 411 sanctae
3347 351 3443 409 Dei
3473 355 3578 410 Ec-

299 447 444 545 Θεοῦ
463 447 831 555 ’Ἐκκλησίαθ
854 447 903 534 οἱ
930 478 1020 533 τδν
1043 477 1244 533 κανόνα
1270 447 1489 544 ἀσφαλῆ
1509 447 1888 541 γινώσκοντες,

1994 458 2177 516 clesiae
2206 456 2326 521 ﬁlii,
2357 457 2451 527 qui
2491 462 2697 511 certam
2726 450 2848 506 ﬂdei
2883 448 3128 521 regulam
3169 447 3490 518 agnoscitis,
3515 463 3580 504 ac

303 541 548 648 Quae»
592 541 711 631 ὁδόν
757 541 859 645 τῆς
907 569 1166 642 ἀληθείας
1208 541 1546 639 βαδίζοντες·
1583 560 1657 634 μὴ
1692 559 1894 629 φωναῖς

1996 551 2143 608 viam
2173 547 2426 606 veritatis
2472 544 2728 601 inceditis
2758 562 2773 599 :
2802 558 2874 598 ne
2919 555 3018 597 vos
3072 541 3364 595 contrariae
3412 555 3582 595 voces

303 634 717 741 άνθελκόμενοι,
766 634 863 720 καί.
903 634 1054 733 φωνῇ
1082 634 1320 730 ἑκάστης
1366 650 1895 741 παραπεποιημένης

1998 641 2353 703 abstrahant,
2401 645 2497 692 aut
2526 637 2827 706 cujuslibet
2868 634 3148 691 ementitae
3176 639 3342 687 sectae
3373 646 3584 687 sermo-

301 724 731 833 εστιτηδεύσεως.
783 724 1073 824 Σφαλεραι,
1109 750 1219 822 γὰρ
1264 724 1319 802 αἱ
1360 724 1566 799 τούτων
1617 742 1756 804 ὁδοὶ,
1801 736 1898 792 καὶ⁸

1998 748 2100 788 nes
2133 731 2432 802 decipiant.
2471 728 2723 784 Lubricre
2758 730 2959 799 quippe
2991 727 3092 780 viae
3118 731 3269 787 sunt,
3300 739 3363 777 ac
3396 724 3587 792 (lepra-

302 815 551 922 άνάντης
591 851 624 919 ἡ
669 815 857 919 τρίϐος
888 815 987 915 τῆς
1018 815 1201 896 αὐτῶν
1236 833 1900 911 παραπεποιημένηςκὲν-

1999 832 2140 881 vatre
2176 824 2395 878 illorum
2433 821 2843 889 intelligentiae;
2889 818 3115 874 acclivis
3166 824 3252 871 est
3301 815 3587 884 arduaque

303 907 999 1010 νοίας.’ίῆεγαλαυχοῦσι,
1052 934 1150 989 καὶ
1195 932 1265 987 τὰ
1317 907 1490 1003 μικρὰ
1547 928 1648 982 οὐκ
1696 924 1897 978 ἴσασιν.

2002 915 2222 972 semita.
2276 914 2493 969 Etenim
2546 912 2836 984 magniﬁce
2870 926 2991 966 sese
3015 910 3247 979 jactant,
3276 918 3331 963 et
3367 907 3587 961 interim

320 1004 672 1107 Ἐλεῦθερίαν
719 1004 1169 1101 ἐπαίίγέλλονται,
1211 1027 1364 1080 αὐτοὶ
1396 1023 1571 1078 δοῦλοι
1614 1019 1767 1082 ὅντες
1801 1016 1900 1089 τῆς

2003 1010 2217 1066 minora
2247 1009 2522 1065 nesciunt.
2552 1007 2883 1062 Libertatem
2936 1004 3253 1067 ostendunt,
3288 1017 3411 1056 cum
3465 1017 3590 1072 pec-

308 1096 617 1201 ἁμαρτίάς.
643 1125 724 1179 Τὰ
756 1096 978 1196 μείζονα
1001 1120 1250 1193 αὑχοῦσι,
1277 1117 1372 1172 καὶ
1406 1116 1514 1171 τῶν
1547 1111 1760 1185 μικρῶν
1792 1107 1900 1162 οὐδ’

2005 1110 2261 1158 catorum
2319 1101 2466 1158 servi
2519 1100 2650 1155 sint.
2682 1098 2759 1154 De
2793 1098 3099 1168 majoribus
3138 1096 3468 1168 gloriantur,
3499 1110 3592 1149 nc—

304 1186 456 1283 δᾷωξ
482 1186 830 1271 ἐπελάϐοντο.
861 1186 871 1188 ν
1073 1186 1106 1193 η

2041 1208 2114 1263 ue
2144 1198 2328 1247 tamen
2355 1190 2442 1245 vel
2474 1204 2641 1261 parva
2668 1198 2798 1245 sunt
2832 1189 3091 1245 assecuti.
3636 1186 3639 1190 ⁴

402 1278 562 1364 ’Ᾰλλὰ
590 1309 684 1363 καὶ
723 1306 853 1379 περὶ
892 1303 1099 1359 τούτων
1126 1301 1236 1355 τῶν
1267 1300 1332 1372 δὴ
1361 1297 1647 1368 Καθαρῶν
1677 1294 1904 1366 λεγομέ-

2078 1280 2281 1337 Verum
2317 1281 2385 1337 de
2417 1295 2483 1336 eo
2513 1295 2714 1351 genere
2746 1280 3153 1344 haereticorum,
3201 1280 3295 1347 qui
3344 1278 3594 1340 Cathari,

313 1420 451 1467 νων,
495 1370 866 1469 Ἀκαθάρτων
897 1396 976 1461 δὲ,
1015 1397 1064 1449 εἰ
1095 1394 1177 1448 δεῖ
1203 1370 1410 1464 τάλῆθῆ
1442 1391 1641 1459 λέγειν,
1675 1387 1907 1460 ἀρκετὸν

2009 1373 2113 1429 hoc
2139 1381 2225 1429 est
2259 1371 2393 1426 Puri
2420 1380 2707 1437 vocantur,
2726 1370 3075 1443 Ἀκάθαρτοι,
3111 1371 3215 1427 hoc
3256 1379 3342 1427 est
3390 1370 3596 1438 lmpuri

314 1464 564 1568 ἡγοῦμαι
606 1464 720 1554 ἕως
754 1487 989 1543 ἐνταῦθα
1038 1485 1239 1549 ἱκανῶς
1280 1482 1551 1556 εἰρῆσθαι.
1601 1481 1819 1551 Ταύτην
1852 1477 1910 1531 δὲ

2010 1468 2216 1524 rectius
2252 1466 2618 1537 appellentur,
2649 1465 2788 1520 satis
2822 1464 3061 1519 arbitror
3115 1479 3146 1518 a
3195 1479 3282 1518 me
3328 1464 3597 1517 hactenus

315 1584 764 1658 παραλείψαντες
818 1581 893 1644 ὡς
939 1577 1249 1651 βασιλίσκου
1298 1575 1593 1646 πρόσωπον
1618 1613 1632 1635 ,
1680 1569 1759 1642 τῷ
1812 1570 1909 1641 μὲν

2010 1575 2134 1617 esse
2166 1560 2395 1615 dictum.
2431 1557 2793 1626 Quamobrem
2823 1557 3013 1612 eadem
3044 1554 3236 1611 hacresi
3267 1555 3597 1625 praetermis—

314 1649 677 1750 προσχήματι
714 1673 808 1727 τοῦ
856 1649 1119 1743 ὀνόματος
1164 1667 1503 1741 ἐξοχοπάτην
1541 1664 1663 1719 τινὰ
1700 1668 1911 1718 ἐπωνυ-

2014 1669 2096 1719 sa,
2127 1653 2355 1725 perinde
2390 1667 2454 1707 ac
2489 1650 2736 1709 basilisci
2770 1665 2888 1715 ore,
2924 1650 3042 1721 qui,
3071 1651 3219 1722 quod
3262 1649 3329 1703 ad
3361 1649 3600 1719 Speciem

323 1726 675 1750 "r"I\‘Ir""'
732 1726 735 1727 ν
951 1726 963 1743 ι
1099 1726 1116 1734 -
1204 1726 1221 1736 -
1257 1726 1289 1741 μ
1459 1726 1470 1738 ι

320 1771 461 1842 μίαν
492 1766 858 1838 κεκτημένου,
904 1764 1000 1817 καὶ
1030 1764 1096 1834 τῇ
1128 1761 1224 1815 τοῦ
1258 1761 1416 1828 ξύλου
1458 1759 1686 1829 δυνάμει
1723 1754 1912 1810 τοῦτον

2015 1745 2257 1802 nominis
2288 1744 2506 1808 attinet,
2537 1743 2828 1799 excellenti
2860 1743 3098 1813 quadam
3146 1742 3390 1798 nominis
3422 1741 3604 1810 appel-

316 1832 773 1921 σταίσαντεςξλὲπὶ
796 1854 896 1918 τὰς
922 1832 1113 1923 ἑτέρας
1144 1851 1310 1905 πάλιν
1350 1842 1683 1921 ὁρμήσωμεν
1703 1886 1717 1908 ,
1746 1844 1914 1915 αὐτὴν

2017 1836 2222 1892 latione
2267 1843 2575 1890 censetur:
2615 1835 2718 1888 hoc
2763 1834 2932 1904 igitur
2977 1833 3110 1902 ligni
3156 1834 3206 1888 vi
3256 1848 3320 1887 ac
3362 1832 3604 1902 potentia

317 1949 658 2019 ἐπαγόμενοι
684 1945 781 2017 τὴν
818 1943 913 1998 τοῦ
938 1941 1075 1996 Θεοῦ
1104 1941 1358 2003 ἱκετείαν,
1384 1942 1464 2003 είς
1488 1939 1548 1991 τὸ
1577 1935 1913 2000 συνοδεῦσαι,

2019 1928 2380 1993 comminuto,
2412 1928 2479 1982 ad
2511 1927 2751 1997 reliquas
2781 1937 3148 1983 transeamus.
3183 1926 3290 1982 Sed
3321 1928 3375 1980 in
3417 1925 3607 1996 primis

320 2040 823 2112 συμπαραμεϊναι,
869 2038 1145 2098 συνεῖναι,
1200 2032 1564 2103 συνεργῆσαι,
1617 2027 1915 2091 διασῶσαι,

2018 2020 2211 2077 eadem
2266 2018 2456 2073 divino
2494 2017 2718 2073 Numini
2769 2034 2930 2090 prece
2983 2018 3379 2089 supplicemus,
3414 2025 3473 2071 ut
3509 2016 3610 2070 vite

321 2130 620 2187 παιδεῦσαι
645 2170 662 2196 ,
687 2127 1029 2194 καταξιῶσαι
1056 2124 1265 2196 τάληθῆ
1301 2122 1505 2191 λέγειν,
1537 2122 1625 2175 ἵνα
1659 2121 1796 2191 μήτε
1825 2119 1919 2172 αὐ-

2022 2112 2181 2167 nobis
2213 2126 2397 2166 comes
2426 2126 2553 2166 esse
2582 2112 2734 2174 velit,
2767 2118 2821 2166 et
2848 2110 3140 2167 nobiscum
3171 2117 3408 2172 maneat,
3441 2108 3608 2174 adsit,

320 2226 453 2291 τοὶ,
487 2221 683 2293 ψεῦδός
729 2237 781 2274 τι
829 2219 1099 2288 λέγοντες,
1144 2220 1257 2281 τοῖς
1302 2216 1487 2277 αὐτοῖς
1531 2212 1918 2281 ὑποπέσωμεν,

2023 2207 2346 2277 opituletur,
2380 2214 2689 2269 conservet,
2724 2204 2998 2272 instituat,
3030 2212 3085 2260 et
3111 2212 3170 2259 ut
3200 2220 3328 2260 vera
3357 2203 3610 2259 dicamus

323 2314 538 2378 ὁποίοις
570 2315 629 2366 αἱ
672 2314 739 2365 τά
764 2310 940 2381 άληοῆ
985 2310 1077 2362 τὸν
1122 2309 1326 2378 κόσμον
1355 2307 1429 2379 μὴ
1467 2304 1748 2369 διδάξασαι
1772 2301 1921 2374 αἱρέ-

2025 2298 2329 2368 largiatur;
2373 2312 2444 2352 ne
2498 2297 2637 2352 forte
2670 2297 3000 2352 mentientes
3042 2297 3265 2368 ipsimet
3311 2297 3370 2350 in
3419 2296 3608 2351 eadem

328 2424 468 2471 σεις.
2028 2391 2398 2453 incurramus,
2443 2391 2499 2446 in
2540 2408 2661 2461 quae
2696 2391 2931 2447 haereses
2982 2391 3293 2447 inciderunt
3329 2390 3453 2457 illa},
3492 2405 3617 2461 quae

2030 2482 2328 2536 humanum
2361 2499 2533 2553 genus
2564 2484 2701 2539 falsa
2734 2484 3063 2539 docuerunt.

411 2585 534 2640 Ἔτι
563 2584 622 2638 δὲ
660 2584 709 2636 οἱ
747 2585 804 2637 ὲν
841 2585 907 2653 τῇ
943 2581 1176 2651 Ἀφρικῇ
1203 2577 1315 2649 (17)
1338 2594 1396 2630 τε
1421 2576 1515 2630 καὶ
1542 2570 1846 2646 Βιζικανία,
1873 2572 1922 2627 οἱ

2099 2571 2183 2626 Ad
2213 2574 2327 2627 haec
2380 2575 2473 2643 qui
2527 2575 2582 2628 in
2618 2573 2827 2637 Africa,
2858 2582 2913 2628 et
2941 2573 3210 2629 Bizacena
3240 2574 3464 2644 degunt,
3496 2579 3551 2628 et
3585 2587 3617 2626 a

332 2677 452 2735 ἀπὸ
489 2677 735 2734 rimimo
763 2674 910 2739 τινὸς·
933 2672 1264 2731 Δωνιιτιανοὶ
1304 2669 1446 2726 οὕτω
1486 2667 1832 2740 καλούμενοι,
1861 2665 1929 2718 τὰ

2034 2666 2246 2721 Donato
2298 2667 2536 2738 quodam
2591 2666 2885 2721 Donatiani
2921 2674 3211 2732 vocantur,
3246 2668 3437 2722 eadem
3491 2680 3616 2720 cum

331 2778 503 2845 ὅμοια
524 2771 734 2834 τούτοις
776 2766 1101 2841 φρονοῦντες
1136 2768 1295 2831 εἰσιν,
1333 2762 1666 2835 ἀφηνιασταὶ
1705 2760 1800 2813 καὶ
1834 2757 1929 2812 αὒ-

2033 2758 2315 2829 prioribus
2361 2759 2470 2815 illis
2517 2760 2837 2820 sentientes,
2869 2759 3227 2829 eamdemque
3258 2758 3330 2813 ob
3369 2771 3617 2819 causam,

334 2869 427 2921 τοὶ
453 2864 616 2936 δῆθεν
642 2862 733 2917 διὰ
766 2864 828 2916 τὸ
857 2862 932 2933 μὴ
970 2861 1352 2929 συγκοινωνεϊν
1375 2858 1488 2919 τοῖς
1524 2857 1581 2909 ὲν
1602 2852 1680 2924 τῷ
1707 2849 1932 2921 διωγμῷ

2036 2851 2181 2921 quod
2231 2851 2483 2905 videlicet
2528 2866 2654 2906 cum
2706 2851 2793 2907 his
2844 2853 2937 2921 qui
2978 2851 3032 2904 in
3065 2853 3447 2921 persecutione
3480 2850 3622 2920 lapsi

339 2952 748 3027 παραπεσοῦσι,
774 2954 885 3014 τοῖς
931 2951 1116 3013 αὐτοῖς
1155 2947 1658 3018 ἀνατραπήσονται,
1682 2940 1935 3010 καθάπερ

2036 2950 2216 3005 erant,
2243 2942 2383 2996 nihil
2437 2942 2640 2997 habere
2689 2957 2982 2997 commune
3014 2943 3237 3007 vellent,
3270 2942 3621 3005 rebellantes,

341 3049 443 3103 καὶ
490 3047 541 3099 οἱ
576 3041 1030 3117 ἑτεροζυγοῦντες
1074 3041 1258 3103 αὐτοῖς
1304 3037 1665 3099 Νουατιανοὶ,
1710 3032 1809 3087 εἴτ’
1838 3028 1931 3086 οὖν

2041 3033 2231 3086 eadem
2280 3033 2493 3088 ratione
2539 3031 2909 3101 disjicientur,
2941 3048 3049 3103 qua
3084 3042 3141 3089 et
3166 3031 3476 3099 Novatiani,
3512 3033 3628 3088 sive

342 3140 599 3211 Καθαροί.
650 3136 795 3192 οὕτω
823 3136 1127 3206 λεγόμενοι.
1160 3132 1253 3185 Διὸ
1282 3132 1343 3184 οὐ
1386 3129 1576 3202 χρείαν
1623 3127 1938 3198 ἐσχήκαμεν

2044 3122 2287 3186 Cathari,
2329 3122 2421 3192 qui
2473 3137 2764 3179 commune
2817 3139 2941 3178 cum
2976 3124 3084 3180 illis
3130 3125 3322 3196 jugum
3378 3123 3626 3179 trahunt.

344 3233 479 3304 περὶ
507 3231 712 3285 τούτων
743 3247 797 3282 τι
830 3225 1264 3298 ἐπεργάσασθαι,
1295 3222 1407 3277 ἀλλ’
1431 3220 1566 3292 ὁμοῦ
1603 3219 1799 3281 αὐτοὺς
1827 3218 1941 3279 τοῖς

2044 3213 2205 3284 505
2232 3213 2503 3280 Quocirca
2534 3230 2760 3271 necesse
2793 3230 2903 3270 non
2934 3216 3229 3273 habuimus
3278 3215 3533 3287 privatim
3562 3216 3631 3271 (le

343 3323 557 3395 ὁμοίοις
585 3323 769 3385 αὐτοῖς
801 3320 1137 3392 συνήψαμεν.
1166 3316 1556 3388 Περιττότερον
1587 3312 1644 3365 δὲ
1671 3304 1816 3364 οὗτοι
1845 3309 1941 3363 πά-

2045 3304 2157 3360 illis
2197 3303 2434 3374 amplius
2466 3304 2675 3375 aliquid
2702 3311 2980 3374 tractare;
3015 3306 3113 3362 sed
3143 3307 3267 3361 illos
3297 3320 3420 3360 cum
3444 3304 3530 3359 sui
3557 3306 3635 3360 si-

346 3416 436 3468 λιν
471 3415 565 3468 καὶ
607 3416 791 3485 χεῖρον
839 3410 1118 3476 ἐξέπεσον.
1160 3409 1272 3478 Τὴν
1306 3407 1415 3478 γὰρ
1458 3406 1636 3458 πίστιν
1680 3401 1825 3456 κατὰ
1852 3400 1944 3453 τὸν

2062 3398 2269 3454 nilibus
2289 3398 2707 3469 conjungendos
2729 3400 3063 3470 putavimus.
3093 3397 3201 3455 Sed
3228 3399 3318 3455 isti
3347 3399 3660 3461 vehemens

355 3508 578 3579 Ἀρειον
632 3502 957 3580 φρονοῦσιν·
1014 3501 1494 3570 άνατραπήσονται
1563 3496 1621 3550 δὲ
1684 3492 1946 3554 ὡσαύτως

2048 3492 2161 3547 tius
2189 3506 2255 3546 ac
2288 3491 2532 3548 deterius
2564 3482 2914 3559 aberrarunt,
2951 3494 3153 3565 quippe
3179 3494 3271 3564 qui
3297 3494 3352 3548 in
3385 3492 3633 3548 eamdem

354 3601 489 3673 περὶ
522 3598 780 3663 πίστεως,
803 3590 872 3669 ἦς
898 3594 1086 3659 κακῶς
1116 3590 1426 3665 φρονοῦσιν,
1453 3590 1528 3652 ὡς
1556 3587 1649 3640 καὶ
1670 3588 1699 3639 ὁ
1731 3587 1949 3657 ’Ἄρειος

2049 3596 2178 3636 cum
2210 3580 2342 3637 Ario
2383 3581 2543 3637 ﬁdem
2583 3583 2932 3637 consentiant
2961 3601 2975 3639 :
3012 3583 3159 3638 unde
3192 3592 3267 3648 et,
3293 3583 3439 3654 quod
3471 3583 3541 3638 ad
3573 3582 3639 3636 li-

352 3672 643 3763 άνετράπη
674 3689 761 3743 διὰ
791 3688 967 3757 λόγων
995 3684 1277 3758 ἀληθείας,
1315 3683 1386 3736 τὰ
1417 3681 1556 3736 αὐτὰ
1580 3681 1791 3742 τούτοις
1819 3695 1950 3750 φρο-

2052 3672 2175 3727 dem
2208 3673 2424 3738 attinet,
2454 3673 2523 3728 de
2552 3689 2662 3744 qua
2694 3675 2837 3729 male
2860 3676 3127 3739 sentiunt,
3154 3674 3350 3730 eodem
3395 3682 3640 3730 everten-

356 3784 502 3849 νῶν,
545 3782 641 3837 καὶ
683 3776 829 3836 οὗτοι
863 3779 1077 3850 ἐκείνῳ.
1107 3777 1219 3833 Καὶ
1262 3775 1468 3847 ταύτην
1512 3774 1571 3828 δὲ
1612 3772 1777 3827 πάλιν
1811 3788 1954 3840 παρ-

2057 3773 2147 3819 tur
2197 3764 2380 3831 modo,
2417 3779 2529 3835 quo
2580 3766 2748 3820 Arius
2793 3766 3044 3821 veritatis
3086 3765 3337 3821 oratione
3368 3763 3641 3818 refutatus

356 3876 729 3946 ελευσόμενοι,
770 3873 863 3926 ἐπὶ
894 3871 993 3934 τὰς
1023 3870 1150 3940 ἑξῆς
1183 3866 1470 3939 βαδιοῦμεν
1491 3909 1505 3934 ,
1529 3866 1718 3935 ὥσπερ
1747 3862 1954 3935 ἑρπετά

2054 3863 2161 3922 est,
2196 3871 2322 3911 cum
2372 3871 2404 3910 a
2456 3871 2517 3912 se
2562 3856 2797 3913 invicem
2838 3858 3064 3912 minime
3092 3856 3445 3913 dissentiant.
3478 3855 3644 3912 Deni-

356 3968 517 4025 δεινὰ
548 3964 1075 4035 καταπεπατηκότες
1105 3964 1162 4016 ἐν
1191 3960 1399 4031 Κυρίῳ.

2056 3964 2165 4019 que
2193 3964 2296 4004 nos
2340 3948 2435 4004 illa
2479 3950 2780 4019 praeterita,
2811 3949 2880 4004 ad
2918 3950 3161 4020 reliquas
3202 3947 3641 4020 progrediemur,

2058 4048 2414 4113 posteaquam
2457 4041 2735 4097 horrenda
2771 4043 2943 4098 veluti
2991 4042 3330 4111 serpentium
3365 4048 3638 4104 monstra,

2060 4132 2292 4188 Domino
2319 4132 2635 4204 adjuvante,
2668 4133 3133 4205 proculcavimus.

765 4259 953 4311 KATA
994 4252 1383 4311 ΑΓΙἚΛΙΚΩΝ
1426 4254 1560 4326 (l8),

2444 4245 2818 4303 ADVERSUS
2854 4244 3265 4314 ANGELICOS,

848 4351 1084 4420 ΑΤρεσις
1117 4352 1187 4402 Μ’
1216 4348 1254 4415 ή
1290 4346 1388 4402 καὶ
1414 4346 1493 4401 Ξ.

2540 4340 2771 4397 [heresis
2798 4338 2896 4395 XL
2922 4341 3027 4394 sive
3055 4336 3173 4393 LX.

445 4452 523 4504 A'.
564 4442 893 4516 Ἀγγελικῶν
937 4442 1151 4514 αἵρεσιν
1192 4439 1537 4510 ἀκηκόαμεν,
1572 4437 1756 4491 καὶτὸ
1788 4435 1960 4505 ὄνομα
1994 4432 2037 4489 D

2139 4435 2177 4490 Ι.
2207 4436 2404 4491 Audita
2427 4449 2456 4489 a
2481 4433 2642 4489 nobis
2668 4442 2754 4489 est
2775 4431 3163 4503 Angelicorum
3196 4429 3443 4496 haeresis,
3476 4445 3542 4486 ac
3570 4445 3653 4487 so-

378 4544 542 4617 μόνον
592 4537 959 4611 ὲνηχήθημεν,
994 4535 1055 4587 οὺ
1102 4532 1245 4587 πάνυ
1275 4532 1332 4584 δὲ
1372 4530 1561 4601 σαφῶς
1611 4530 1770 4599 ἴσμεν
1811 4529 1896 4591 τίς
1926 4529 1960 4599 ἡ

2067 4529 2178 4583 lum
2226 4529 2346 4599 ejus
2397 4542 2595 4583 nomen
2630 4526 2965 4596 accepimus,
3002 4539 3179 4593 neque
3222 4522 3533 4593 cuiusmodi
3566 4524 3654 4577 illa

374 4635 606 4705 τοιαύτη
652 4633 883 4701 αἵρεσις,
927 4627 1015 4682 διὰ
1053 4626 1115 4679 τὸ
1160 4626 1301 4695 τάχα
1345 4624 1514 4686 ποτὲ,
1566 4621 1744 4693 καιρῷ
1794 4622 1965 4693 αὐτὴν

2068 4620 2287 4675 demum
2322 4618 2547 4673 hazresis
2578 4616 2668 4679 sit,
2699 4622 3043 4684 compertum
3067 4613 3380 4668 habuimus.
3412 4613 3567 4680 Quod
3591 4629 3656 4667 co

377 4728 670 4788 ὲνστάσαν,
701 4722 928 4792 ὕστερον
955 4720 1134 4789 λῆξαι,
1165 4719 1258 4771 καὶ
1284 4716 1653 4786 καταλυθῆναι
1683 4716 1764 4777 εἰς
1793 4712 1964 4776 τέλος.

2072 4711 2306 4766 fortasse
2342 4708 2595 4779 contigit,
2633 4706 2782 4777 quod
2835 4722 2958 4761 cum
3011 4706 3308 4776 aliquando
3338 4705 3654 4775 prodiisset,

379 4820 459 4874 Τὸ
492 4819 551 4872 δὲ
598 4816 771 4886 ὄνομα
822 4811 912 4866 διὰ
955 4811 1114 4865 ποίαν
1158 4809 1339 4863 αἰτίαν
1391 4808 1583 4879 ἔσχεν,
1635 4808 1734 4881 οὐκ
1786 4806 1964 4875 ἴσμεν.

2072 4803 2235 4859 desiit
2266 4809 2478 4873 postea,
2526 4814 2590 4853 ac
2622 4799 2839 4853 tandem
2873 4799 3093 4869 penitus
3136 4800 3409 4853 exstincta
3453 4804 3558 4853 est.
3592 4794 3658 4849 ll-

385 4912 548 4965 Ἤτοι
577 4908 687 4979 γὰρ
726 4903 880 4975 παρὰ
919 4902 980 4955 τὸ
1021 4899 1176 4964 τινὰς
1216 4901 1320 4952 ὑπὸ
1354 4896 1602 4967 ἀγγέλων
1644 4897 1736 4951 τὸν
1767 4896 1970 4966 κόσμον

2074 4895 2165 4949 lud
2202 4908 2332 4948 vero
2360 4907 2559 4947 nomen
2588 4906 2753 4961 quam
2786 4890 2857 4946 ob
2888 4906 3110 4945 causam
3148 4890 3470 4954 obtinuerit,
3504 4890 3659 4959 igno~

381 4978 714 5073 γεγενῆσθαι
733 4996 977 5065 φάσκειν·
1013 4991 1127 5063 (καὶ
1154 4995 1202 5045 εί
1235 4991 1371 5061 αὐτὴ
1402 4987 1559 5042 τοῦτο
1584 4989 1867 5059 φάσκουσα
1894 4985 1973 5057 τῷ

2075 4999 2282 5038 ramus.
2306 4981 2443 5035 Nam
2472 4996 2596 5035 cum
2624 4979 2862 5035 haretici
2896 4981 3118 5049 quidam
3156 4980 3438 5034 conditum
3469 4978 3538 5032 ab
3557 4995 3659 5033 an-

385 5095 611 5164 ὀνόματι
657 5089 832 5157 τούτῳ
866 5086 1142 5156 κέκληται,
1177 5086 1277 5139 οὐκ
1309 5083 1416 5153 ἔχω
1461 5082 1695 5152 λέγειν),
1731 5082 1852 5152 ῆτοι
1886 5080 1973 5134 διὰ

2076 5076 2211 5147 gelis
2242 5074 2507 5129 mundum
2546 5088 2669 5127 esse
2698 5071 2961 5138 dixerint,
2997 5081 3311 5127 utrumnam
3339 5071 3454 5125 haec
3487 5081 3659 5135 secta,

387 5188 453 5239 τὸ
490 5188 547 5238 ὲν
591 5181 745 5248 τάξει
791 5178 1036 5247 ἀγγέλων
1083 5176 1310 5237 ἑαυτοὺς
1358 5174 1671 5237 σεμνύνειν,
1716 5175 1810 5226 καὶ
1874 5172 1974 5242 βίῳ

2077 5168 2224 5239 quod
2274 5166 2416 5221 idem
2467 5170 2828 5227 asseveraret,
2861 5165 3052 5220 eodem
3095 5165 3168 5219 sit
3195 5163 3387 5219 affecta
3415 5164 3660 5230 nomine,

468 5379 579 5451 (Π)
605 5380 733 5451 "Et:
757 5376 827 5451 δὲ
846 5376 993 5451 at}?
1016 5374 1092 5451 τῇ
1108 5373 1364 5451 Ἁ-φρικῇ.
1390 5371 1472 5451 De
1485 5370 1789 5451 ponatistis
1815 5370 1977 5451 levis.

1720 5370 1789 5451 tis
1818 5370 1977 5451 levis-
2082 5365 2663 5451 Ecclesiae-annalibus
2702 5365 2810 5451 peti
2842 5366 3024 5451 omnia
3061 5373 3313 5451 possunt.

398 5434 537 5509 sime
560 5434 876 5518 defungitur
903 5434 1258 5518 Epiphanius,
1285 5434 1430 5513 quod
1462 5443 1695 5518 illorum
1722 5442 1979 5495 fortassis
2302 5434 2709 5518 _’Amjs.izgc<3r.
2732 5435 2807 5518 De
2854 5435 2939 5488 his
2966 5436 3195 5518 August.
3237 5435 3372 5518 hair.
3409 5434 3477 5518 ὅθ
3508 5456 3520 5491 :
3559 5437 3674 5491 An-

398 5504 618 5579 crrores
685 5504 830 5573 haud
899 5504 1034 5572 satis
1100 5504 1460 5583 compererat.
1535 5507 1700 5581 Atqui
1784 5522 1982 5581 praeter
2083 5504 2257 5583 991ξοὶ,
2301 5504 2499 5583 inquit,
2547 5509 2603 5561 in
2646 5504 2954 5583 angelorum
2985 5504 3187 5583 cultum
3230 5506 3499 5583 inclinati,
3539 5524 3670 5583 gnos

401 5576 678 5654 schisma,
720 5597 774 5644 et
831 5589 1164 5658 pertinacem
1197 5576 1255 5658 _a
1314 5585 1539 5658 reliquis
1610 5576 1981 5658 secessione!!!
2087 5576 2417 5658 Epiphanius
2457 5578 2576 5658 jant
2606 5577 3114 5658 omniaqdefec‘is‘se
3153 5584 3398 5658 testatur.
3449 5576 3670 5658 cultum

403 5647 677 5719 nonnulla.
716 5659 784 5714 de
834 5647 902 5712 iis
950 5656 1245 5726 peculiaria
1301 5647 1702 5726 dici-possent.
1762 5652 1870 5708 Sed
1916 5666 1983 5706 ex

2088 5648 2320 5726 ἰῆς-τὴν
2371 5648 2629 5726 λατρείαν
2675 5647 3113 5726 i_ntcllige._Alia
3159 5647 3269 5701 τῶν
3338 5647 3670 5726 Ἀγγελικιῖιν

405 5732 612 5806 Optati,
671 5718 999 5801 Augustini,
1060 5726 1403 5795 aliorumque
1459 5718 1709 5793 scriptis,
1748 5730 1860 5777 tum
1916 5737 1984 5776 ex
2091 5719 2240 5775 notio
2273 5718 2341 5775 ab
2373 5718 2489 5775 loci'
2511 5719 2799 5790 cujusdam
2831 5718 3051 5773 nomine
3086 5732 3316 5789 prorsus
3344 5718 3666 5789 rejicienda.

2162 5898 2189 5921 Ι
