4046 6482
510 232 526 285 l
539 228 644 285 059

1883 215 1942 272 S.
1984 212 2333 271 ΕΡΙΡΗΑΝΠ

3629 217 3744 275 1040

508 355 655 404 certo
683 342 956 398 atiirmare
984 354 1096 396 non
1122 351 1368 410 possum.
1398 343 1485 390 Att
1514 332 1701 406 potius
1729 331 1874 403 quod
1901 332 1958 387 in
1989 347 2091 388 an-

2200 328 2522 403 ἐξοχωτάτῳ
2545 330 2792 400 ἄγεσθαι,
2820 329 2942 384 οὑδὲ
2961 329 3121 385 τοῦτο
3150 331 3587 404 διαϐεϐαιοῦμαι·
3614 334 3643 406 ῆ
3670 340 3745 394 καὶ

507 438 741 511 gelicum
773 448 896 490 sese
928 432 1181 489 ordinem
1229 437 1554 501 arroganter
1602 424 1894 490 referrent,
1926 434 2089 495 atque

507 530 859 588 excellentem
901 523 1194 597 quamdam
1239 522 1366 577 vita:
1411 520 1683 575 rationem
1715 518 2086 584 instituerent,

506 640 572 681 ne
605 625 713 679 hoc
743 619 962 692 quidem
1013 631 1114 687 pro
1157 621 1441 685 comperto
1472 610 1660 667 affero.
1689 611 1773 665 An
1808 618 2088 682 postremo

2194 427 2303 480 ἀπὸ
2335 424 2502 479 τόπου
2551 426 2700 488 τινος
2748 425 3031 497 εἰληφότες
3076 424 3334 495 τοὺνομα·
3374 427 3555 499 ἐπειδὴ
3596 430 3749 501 χῶρός

2196 515 2279 580 τίς
2314 517 2463 570 ἐστιν
2506 515 2792 587 Ἀγγελίνη
2816 517 3076 572 ἐπέκεινα
3103 516 3201 589 τῆς
3222 517 3641 585 Μεσοποταμίας
3667 526 3749 592 χῶ-

2204 625 2303 680 ρας
2332 607 2604 679 κείμενος.

508 716 574 770 ab
629 716 752 769 loco
816 708 1052 781 quodam
1104 722 1223 762 eam
1279 705 1699 777 appellationem
1746 702 2089 759 sortitisint.
2132 700 2408 768 Quoniam
2442 703 2662 773 quidem
2728 702 2879 775 regio
2935 703 3188 775 quaedam
3217 710 3306 762 est
3348 704 3493 760 ultra
3533 704 3750 778 Mesopo-

496 808 750 872 tamiam,
779 820 901 875 qua:
934 802 1200 872 Angelina
1225 800 1448 854 dicitur.

574 898 639 952 ll.
675 897 796 952 Jam
838 911 970 951 vero
1012 893 1267 965 quisquis
1306 907 1368 948 es
1400 892 1639 957 auditor,
1671 891 1718 947 si
1763 907 1886 962 qua:
1927 905 1959 944 a
2003 906 2091 945 me

504 998 665 1045 antea
693 990 841 1044 dicta
878 994 1009 1043 sunt
1041 984 1379 1049 recorderis,
1405 984 1545 1039 nihil
1578 984 1683 1039 erit
1724 983 1872 1055 quod
1906 998 1994 1038 me
2033 982 2089 1036 in

504 1078 754 1134 criminis
784 1076 1156 1146 suspicionem
1188 1074 1452 1130 adducas.
1496 1073 1612 1129 Hoc
1641 1074 1789 1130 enim
1816 1073 1884 1130 de
1917 1075 2091 1129 haere-

504 1170 659 1226 sibus
698 1168 1011 1238 recepimus
1048 1184 1061 1221 :
1095 1164 1460 1236 quarumdam
1500 1180 1604 1221 nos
1650 1164 1866 1222 radices
1892 1180 1958 1220 ac
1986 1166 2087 1220 do-

502 1269 705 1335 gmata,
738 1270 833 1315 aut
873 1258 1083 1330 aliquid
1107 1273 1300 1314 eorum
1329 1272 1453 1329 qua
1485 1258 1556 1313 ab
1595 1258 1704 1313 illis
1735 1257 1853 1313 ﬁeri
1886 1260 2085 1325 solent,

503 1368 627 1410 esse
674 1360 1034 1416 narraturos;
1081 1350 1315 1404 aliarum
1348 1363 1476 1404 vero
1505 1349 1730 1404 nomine
1755 1358 1913 1405 tenus
1938 1367 2090 1406 men-

503 1445 709 1501 tionem
743 1458 870 1499 esse
902 1441 1170 1497 facturos.
1200 1440 1376 1496 Porro
1406 1448 1672 1509 quantum
1715 1436 1902 1497 divina
1928 1441 2089 1497 nobis

502 1552 607 1607 ope
640 1535 1008 1607 praesidioque
1048 1547 1375 1589 concessum
1428 1543 1532 1598 est,
1557 1534 1816 1590 omnibus
1843 1534 1910 1589 ad
1947 1533 2089 1588 hanc

2266 882 2345 939 B’.
2370 885 2510 957 ᾜδη
2538 885 2595 939 δὲ
2614 884 2671 939 ἐν
2689 885 2992 958 ὑπομνήσει
3019 902 3112 938 σου
3142 887 3434 958 γινομένου
3454 891 3549 944 τοῦ
3578 892 3751 964 ἀκροα-

2197 975 2292 1029 τοῦ
2314 1017 2329 1040 ,
2382 976 2484 1029 οὑκ
2550 978 2632 1040 είς
2699 976 3048 1046 κατάγνωσιν
3099 979 3157 1032 ὲν
3218 979 3498 1045 ὑπονοίαις
3552 985 3747 1058 γενήσῃ.

2160 1142 2170 1150 ι
2210 1068 2689 1141 Ἐπηγγειλάμεθα
2732 1069 2842 1142 γὰρ
2889 1069 2999 1124 τῶν
3046 1070 3150 1141 μὲν
3192 1069 3290 1136 τάς
3337 1071 3497 1155 ῥίζας
3546 1076 3633 1129 καὶ
3671 1077 3751 1141 τὰς

2197 1164 2521 1235 προφάσεις,
2551 1163 2586 1233 ἡ
2629 1180 2683 1216 τι
2716 1162 2825 1216 τῶν
2865 1163 2923 1216 ἐν
2952 1165 3063 1228 τοῖς
3100 1164 3230 1237 παρ’
3267 1165 3456 1229 αὑτοῖς
3487 1169 3750 1237 γινομένων

2195 1255 2455 1327 δηλῶσαι·
2489 1254 2663 1309 ἀλλων
2697 1254 2754 1309 δὲ
2804 1254 2963 1326 μόνον
2989 1255 3068 1327 τῷ
3096 1255 3321 1328 ὀνόματι
3367 1259 3750 1330 ἀπομνημονεῦ-

2198 1363 2310 1400 σαι.
2349 1345 2437 1407 Ὧς
2471 1345 2528 1399 δὲ
2570 1346 2604 1416 ὴ
2634 1343 2756 1399 θεία
2797 1342 3028 1416 δύναμις
3074 1345 3478 1418 παρεσκεύασε,
3508 1350 3599 1402 καὶ
3622 1350 3752 1422 ἐσθής

2197 1437 2384 1511 θησεν,
2418 1437 2523 1503 ἕως
2547 1437 2752 1509 ταύτης
2798 1438 2899 1508 τῆς
2938 1434 3207 1511 αἱρέσεως
3238 1440 3342 1504 τὰς
3377 1442 3554 1506 πάσας
3587 1443 3752 1508 διεξελ-

2197 1530 2400 1598 θόντες,
2431 1531 2689 1603 οὐδεμίαν
2720 1532 2984 1602 εἰάσαμεν
3025 1532 3453 1604 ἀνερμήνευτον,
3488 1535 3617 1605 πλὴν
3641 1540 3749 1607 μιᾶς

503 1644 681 1699 usque
726 1627 895 1683 sectis
947 1625 1235 1697 expositis,
1267 1625 1497 1689 nullam,
1535 1626 1639 1682 hac
1669 1633 1917 1698 excepta,
1950 1641 2091 1697 prae-

2200 1625 2416 1694 ταύτης.
2451 1624 2605 1694 Τάχα
2636 1622 2693 1676 δὲ
2716 1623 2803 1676 διὰ
2832 1622 2921 1688 τὸ,
2957 1623 3291 1695 ἐπαρθεῖσαν
3321 1624 3402 1696 τῷ
3429 1625 3577 1696 τύφῳ
3601 1628 3752 1696 ὀλίγον

502 1721 867 1785 termisimus,
899 1733 1062 1790 quam
1098 1734 1208 1775 non
1235 1718 1482 1773 oratione
1515 1717 1943 1775 declararemus.
1978 1718 2086 1774 Sed

504 1813 703 1869 accidit
740 1810 995 1877 fortasse,
1034 1819 1092 1866 ut
1113 1826 1236 1867 cum
1266 1811 1415 1867 brevi
1444 1811 1536 1866 illa
1575 1819 1820 1883 tempore
1852 1815 2087 1869 sesein-

504 1905 746 1961 soleuter
792 1904 1099 1969 extulisset,
1136 1917 1201 1957 ac
1237 1912 1513 1973 postremo
1543 1904 1823 1970 desiisset,
1856 1906 1994 1959 nihil
2024 1905 2091 1960 de

504 1994 623 2063 ipsa
653 1994 789 2048 certi
817 1992 1200 2065 exploratique
1229 1992 1515 2062 percipere
1549 2009 1862 2064 possemus.
1904 1994 2092 2065 Itaque

505 2086 625 2142 sola
661 2086 783 2156 ejus
818 2084 1186 2157 appellatione
1236 2083 1495 2138 celeriter
1539 2088 1960 2155 comprehensa.
2000 2099 2093 2140 eo-

503 2195 614 2249 que
661 2179 905 2243 nomine,
936 2179 1085 2235 velut
1124 2176 1387 2234 abortivo‘
1422 2178 1659 2250 quodam
1713 2177 1848 2242 fetu,
1896 2177 2094 2250 functi,

504 2271 611 2325 hoc
656 2271 776 2325 loco
825 2270 1221 2340 praatermisso,
1261 2270 1328 2324 ad
1377 2249 1828 2339 contemplandas
1867 2249 2095 2324 caeteras

504 2363 748 2417 animum
784 2373 1190 2419 convertemus.
1229 2361 1686 2433 ltaqueprimum
1724 2360 1795 2416 ab
1820 2361 2095 2415 universi-

510 2456 637 2512 tatis
687 2454 921 2511 Domino
963 2456 1389 2526 postulahimus,
1426 2463 1484 2509 ut
1514 2453 1712 2509 adesse
1743 2452 1902 2509 nobis
1941 2453 2094 2516 velit,

504 2557 561 2604 et
592 2555 651 2603 ut
672 2563 795 2619 qua:
824 2548 966 2619 apud
1000 2548 1124 2604 illos
1157 2547 1321 2619 506
1347 2547 1485 2600 fiunt
1515 2545 1713 2615 exiguo
1743 2552 1907 2615 atque
1933 2545 2099 2599 imbe-

505 2640 634 2696 cillo
668 2641 888 2711 ingenio
920 2651 1110 2696 nostro
1143 2640 1466 2709 subjiciens,
1496 2638 1752 2693 universa
1788 2652 1889 2692 nos
1929 2651 2094 2707 quam

507 2733 922 2788 accuratissime
953 2731 1245 2803 perdoceat
1285 2750 1298 2784 :
1335 2746 1445 2801 quo
1481 2737 1535 2785 et
1568 2744 1669 2784 nos
1698 2731 1871 2799 ipsos,
1909 2736 1964 2784 et
1990 2743 2097 2785 ca:-

2195 1719 2405 1791 xatpbv,
2436 1718 2528 1771 καλ⁸
2560 1715 2787 1789 ὕστερον
2816 1717 2976 1788 λῆξαι
3018 1717 3118 1789 τὴν
3147 1718 3322 1790 αὑτῆς
3350 1719 3666 1791 κατάληψιν,
3696 1722 3747 1775 οὑ

2198 1813 2340 1867 πάνυ
2380 1810 2566 1881 σαφῶς
2596 1810 2864 1882 ἔγνωμεν.
2894 1809 3113 1882 Ταύτης
3139 1810 3196 1863 δὲ
3232 1813 3395 1882 μόνον
3422 1813 3746 1883 ἐπιμνησθέν-

2197 1922 2290 1968 τες
2322 1904 2421 1974 τῆς
2455 1902 2752 1973 ὀνομασίας
2783 1903 2843 1955 ἐν
2888 1903 3079 1973 τάχει,
3123 1901 3317 1975 ὥσπερ
3365 1902 3659 1975 ἐκτρώματι
3683 1904 3744 1973 τῷ

2195 1996 2420 2068 ὀνόματι
2450 1993 2792 2066 χρησάμενοι
2813 2034 2828 2059 ,
2860 1994 3312 2067 παρελευσόμεθα
3354 1996 3445 2049 τὸν
3479 1997 3645 2060 τόπον,
3674 1996 3746 2049 ἐπὶ

2196 2088 2295 2152 τὰς
2343 2087 2538 2159 ἐτέρας
2570 2086 2628 2140 δὲ
2675 2085 3100 2155 διασκοποῦντες
3140 2087 3239 2158 τὴν
3281 2089 3460 2160 ὁρμὴν
3494 2089 3742 2143 ποιεῖσθαι.

2198 2179 2308 2233 Καὶ
2356 2178 2673 2247 αἰτούμενοι
2718 2177 2826 2232 τῶν
2882 2177 3019 2232 ὅλων
3066 2178 3353 2251 Δεσπότην
3402 2179 3746 2251 παραφανῆναι

2198 2274 2355 2343 ἡμῖν,
2406 2271 2500 2324 καὶ
2542 2270 2609 2324 τὰ
2658 2254 2886 2343 ἀκριϐῆ
2911 2270 3020 2323 τῶν
3067 2272 3195 2341 παρ’
3249 2273 3439 2336 αὐτοῖς
3485 2271 3743 2343 Υιῖομένων

2200 2360 2545 2426 ἐπιδείξαντα
2578 2359 2656 2431 τῷ
2692 2359 2913 2432 σμικρῷ
2939 2360 3096 2432 ἡμῶν
3124 2363 3222 2434 νῷ,
3256 2363 3442 2427 πάντα
3466 2363 3597 2416 κατά
3620 2363 3745 2433 ἀκρί-

2199 2454 2354 2508 ϐειαν
2400 2455 2678 2525 σημᾶναν
2731 2453 3042 2534 ῐνθλέαυτοῖς
3081 2473 3140 2508 τε
3190 2456 3288 2510 καὶ
3333 2458 3446 2521 τοῖς
3488 2456 3636 2521 πέλας
3666 2454 3744 2534 τῂν

2198 2542 2487 2614 διόρθωσιν
2520 2530 2900 2615 ποιησώμεθα,
2930 2542 3026 2597 τοῦ
3060 2545 3291 2616 φεύγειν
3321 2548 3392 2601 τὰ
3419 2546 3604 2617 φαῦλα,
3631 2530 3744 2599 ἐνδέ

2199 2639 2313 2700 τοῖς
2341 2636 2571 2705 ἀγαθοῖς
2596 2636 2691 2690 καὶ
2719 2635 3111 2717 ἀληθεστάτοις
3145 2638 3205 2692 τὸ
3233 2639 3452 2712 ἑδραῖον
3482 2639 3673 2692 ἐαυτοῖ-
3695 2637 3742 2689 ἐν

2201 2727 2322 2799 Θεῷ
2356 2727 2848 2800 προσπορίσασθαι.

506 2833 657 2881 teros
688 2826 910 2882 erudire
935 2826 1234 2896 possimus,
1263 2825 1344 2880 uti
1371 2839 1496 2880 cum
1528 2823 1671 2877 mala
1703 2823 1965 2891 devitent,
2023 2833 2137 2880 tum
2177 2823 2234 2879 in
2269 2823 2357 2880 his
2390 2839 2514 2895 quae
2555 2824 2721 2891 bona,
2780 2839 2845 2881 ac
2882 2827 3096 2882 veritati
3143 2828 3384 2884 maxime
3426 2835 3745 2883 consentanea

509 2925 661 2989 sunt,
694 2919 907 2975 ﬁrmam
962 2919 1019 2973 in
1068 2917 1181 2974 Deo
1228 2918 1584 2974 stabilitatem
1624 2934 1689 2974 ac
1731 2917 2097 2975 constantiam
2142 2915 2428 2972 obtineant
2760 2934 2770 2939 ·

845 3031 1216 3089 ADVERSUS
1255 3031 1751 3096 APOSTOLICOS.

935 3127 1171 3182 Haeresis
1201 3123 1335 3179 XLI
1374 3125 1481 3180 sive
1510 3123 1665 3179 LXI.

578 3222 621 3277 l.
661 3221 767 3277 Alii
800 3218 1103 3276 secundum
1134 3217 1257 3273 illos
1291 3216 1401 3273 diei
1440 3232 1500 3272 se
1528 3215 1874 3285 Apostolicos
1905 3213 2095 3269 volue-

506 3323 658 3378 runt,
704 3314 799 3385 qui
828 3320 882 3368 et
911 3308 1287 3381 Apotacticos,
1318 3308 1421 3363 hoc
1454 3315 1539 3363 est
1571 3306 1980 3361 Reuuntiatores
2013 3320 2100 3360 sc-

507 3407 660 3477 ipsos
687 3404 994 3460 nominant.
1024 3399 1139 3454 lloc
1175 3400 1322 3455 enim
1356 3398 1647 3469 diligenter
1679 3398 1997 3458 observant,
2032 3409 2100 3450 ne

452 3564 457 3565 ί
507 3497 807 3570 quidquam
852 3491 1190 3564 possideant.
1230 3489 1397 3545 Iidem
1450 3503 1615 3560 porro
1665 3504 1695 3541 a
1747 3486 1968 3542 Tatiani
2001 3487 2100 3542 do-

508 3586 787 3661 gmatibus
824 3584 975 3639 velut
1025 3580 1314 3636 avulsione
1360 3579 1602 3651 quadam
1656 3578 1964 3650 propagati,
1998 3579 2102 3633 hoe

510 3689 596 3740 est
636 3681 706 3737 ab
742 3675 1068 3744 Encratitis,
1102 3673 1351 3744 Tatianis
1376 3681 1431 3730 et
1457 3672 1737 3735 Catbaris,
1771 3671 1867 3742 qui
1910 3684 2102 3726 omnes

515 3772 790 3847 praecipue
836 3771 1009 3842 legem
1057 3767 1355 3839 repudiant
1385 3786 1397 3822 :
1425 3766 1633 3822 habent
1681 3766 1761 3821 illi
1812 3765 2030 3822 diversa
2069 3780 2103 3820 a

514 3868 721 3926 nostris
753 3870 1103 3923 sacramenta
1139 3868 1309 3932 atque
1350 3860 1635 3934 mysteria.
1669 3857 1749 3916 De
1793 3857 1978 3927 inopia
2023 3871 2108 3913 re-

513 3976 639 4016 rum
685 3957 932 4014 omnium
958 3954 1289 4028 gloriantur,
1324 3966 1389 4007 ac
1426 3957 1842 4009 sacrosanctam
1873 3948 1967 4006 Dei
2001 3946 2106 4006 Ec-

514 4054 743 4110 clesiam
821 4049 1081 4108 ascititiis
1149 4045 1642 4119 superstitionibus
1703 4051 1908 4100 temere
1966 4041 2107 4098 divi-

512 4145 677 4211 dunt,
713 4158 778 4199 ac
821 4140 1176 4205 labefactant,
1207 4145 1263 4194 et
1309 4152 1341 4192 a
1391 4136 1581 4192 divina
1631 4134 1924 4192 clementia
1957 4135 2109 4190 exci-

510 4239 670 4295 dunt.
703 4234 891 4307 Neque
920 4232 1066 4289 enim
1092 4246 1218 4287 eum
1254 4228 1350 4301 qui
1382 4227 1553 4284 semel
1580 4226 1872 4297 prolapsus
1898 4224 1990 4290 sit,
2018 4238 2108 4279 re-

510 4330 727 4402 cipiunt
763 4325 1023 4398 amplius,
1055 4329 1224 4393 atque
1255 4320 1447 4377 eadem
1495 4318 1725 4376 omnino
1761 4315 1831 4371 de
1874 4315 2104 4387 nuptiis,

2615 3031 2803 3087 ΚΑΤΑ
2839 3032 3343 3087 ΑΠΟΣΤΟΔῙΚΩΝ

2554 3126 2796 3197 “peace
2850 3123 2970 3181 MA'
3020 3126 3061 3193 ἠ
3112 3126 3213 3183 καὶ
3273 3125 3406 3181 SA’.

2273 3215 2352 3270 A'.
2386 3215 2542 3270 Μετά
2571 3218 2628 3271 δὲ
2660 3218 2885 3282 τούτους
2925 3217 3077 3273 ἄλλοι
3110 3219 3343 3283 ἑαυτοὺς
3384 3212 3745 3276 Ἀποστολικοὺς

2201 3307 2516 3379 ὠνόμασαν.
2554 3308 2844 3363 Βούλονται
2875 3309 2932 3363 δὲ
2959 3310 3053 3364 καὶ
3082 3309 3540 3375 Ἀποτακτικοὺς
3560 3305 3745 3366 ἑαυτοὺς

2202 3398 2401 3469 λέγειν.
2433 3400 2768 3454 Φυλάττεται
2809 3401 2865 3455 δὲ
2915 3401 3046 3474 παρ’
3082 3403 3263 3466 αὑτοῖς
3298 3403 3363 3456 τὸ
3399 3401 3555 3474 μηδὲν
3582 3395 3743 3465 κεκτῆ-

2206 3486 2349 3541 σθαι.
2387 3489 2510 3542 Εἰσὶ
2536 3489 2591 3542 δὲ
2620 3491 2715 3543 καὶ
2743 3492 2791 3544 οξ
2828 3491 2983 3544 αὐτοὶ
3008 3492 3356 3563 ἀπόσπασμα
3393 3492 3500 3545 τῶν
3524 3483 3742 3543 Τατιανοῦ

2203 3580 2513 3652 δογμάτων,
2547 3582 2922 3655 Ἐγκρατιτῶν
2946 3601 3008 3637 τε
3039 3585 3132 3639 καὶ
3159 3586 3461 3648 Τατιανῶν,
3490 3582 3573 3637 καὶ
3597 3578 3743 3634 Καθα-

2208 3673 2342 3744 ρῶν·
2369 3673 2571 3737 οἵτινες
2604 3674 2763 3745 φύσει
2805 3674 2971 3746 νόμον
3019 3677 3081 3729 οὑ
3122 3677 3533 3749 παραδέχονται.
3566 3670 3743 3742 Παρήλ·

2205 3767 2402 3821 λακται
2431 3767 2487 3821 δὲ
2516 3767 2649 3840 παρ’
2674 3767 2859 3832 αὑτοῖς
2890 3768 2984 3822 καὶ
3008 3767 3079 3822 τὰ
3105 3770 3404 3841 μυστήρια.
3432 3765 3741 3838 Σεμνύνονται

2207 3859 2266 3914 δὲ
2299 3859 2463 3933 δῆθεν
2491 3860 2881 3934 ἀκτημοσύνην
2903 3877 2919 3894 ο
2948 3861 3191 3932 σχίζουσι
3211 3862 3269 3916 δὲ
3300 3862 3478 3933 μάτην
3502 3854 3631 3914 οὑτοι
3670 3853 3742 3907 καὶ

2211 3952 2513 4023 βλάπτουσι
2555 3953 2657 4024 τὴν
2691 3952 2856 4022 ἀγίαν
2899 3952 3035 4007 Θεοῦ
3080 3953 3429 4024 Ἐκκλησίαν,
3468 3945 3742 4005 eierato:-

2206 4043 2621 4115 λοθρησκεύειν,
2657 4043 2987 4108 ἐκπεσόντες
3023 4045 3125 4116 τῆς
3164 4044 3260 4100 τοῦ
3306 4043 3442 4100 Θεοῦ
3489 4039 3743 4113 φιλανθρω-

2209 4137 2361 4202 πίας.
2395 4135 2535 4191 Οὑτε
2578 4137 2688 4210 γὰρ
2719 4138 3227 4210 παραπεπτωιιότυς
3268 4140 3416 4203 τινὸς
3462 4131 3659 4198 εἵσδεξις
3679 4128 3741 4182 ἔτι

2209 4230 2443 4301 γίνεται·
2475 4230 2543 4285 τὰ
2570 4231 2734 4304 ὃμοια
2778 4231 2837 4285 δὲ
2869 4235 2985 4297 τοῖς
3020 4232 3283 4288 ἀνωτάτω
3311 4229 3605 4303 λεγομένοις
3640 4237 3742 4294 iii”

2210 4323 2363 4377 νοῦσι
2397 4324 2526 4395 περί
2559 4342 2617 4377 τε
2654 4324 2750 4379 τοῦ
2801 4326 2981 4397 γάμου
3028 4325 3125 4379 καὶ
3168 4324 3274 4380 τῶν
3317 4325 3489 4381 ἄλλων
3530 4314 3741 4392 πρατμάο

509 4389 837 4489 caeterisque
856 4389 910 4471 id
933 4430 1107 4487 genus
1131 4429 1260 4469 cum
1292 4410 1675 4483 superioribus
1706 4411 1815 4465 illis
1840 4409 2098 4465 sentiunt.

2212 4433 2340 4470 των.
2377 4389 2487 4471 Καί
2514 4420 2564 4471 οἱ
2597 4417 2695 4488 μὲν
2722 4389 2970 4490 Καθαροὶ
2995 4421 3116 4483 ταῖς
3146 4421 3339 4490 ῥηταῖς
3371 4417 3520 4490 μόνον
3542 4389 3740 4483 ραφαῖς

509 4512 762 4582 Cumque
808 4507 1030 4564 Calhari
1087 4504 1326 4576 receptis
1357 4505 1626 4559 duntaxat
1661 4500 1963 4571 Scripturis
2007 4499 2109 4555 ad-

511 4608 844 4665 lia-.rescant,
873 4601 963 4657 isti
998 4599 1249 4660 Androm,
1302 4612 1368 4652 ac
1407 4595 1631 4651 Thomae
1660 4594 1771 4665 (ita
1817 4594 1966 4648 enim
2006 4608 2107 4648 vo-

511 4691 678 4762 cant)
716 4691 872 4745 Actis
910 4688 1260 4759 potissimum
1318 4686 1592 4749 nituntur,
1640 4691 1879 4754 suntque
1908 4683 1975 4737 ab
2008 4683 2111 4738 Ec-

509 4787 696 4845 clesia:
728 4782 913 4854 regula
949 4794 1177 4851 prorsus
1213 4777 1396 4832 alieni.

585 4876 723 4932 Nam
757 4876 804 4932 si
839 4869 1223 4928 abominanda:
1262 4877 1392 4925 sunt
1434 4869 1659 4940 nuptiaa,
1699 4866 1894 4937 impuri
1950 4867 2110 4938 plane

515 4971 592 5025 illi
633 4969 738 5039 ipsi
779 4973 929 5032 sunt,
961 4964 1055 5036 qui
1087 4979 1118 5019 e
1152 4963 1360 5034 nuptiis
1385 4961 1654 5031 originem
1686 4968 1993 5015 traxerunt.
2030 4962 2098 5015 Α(

2212 4986 2293 5023 τοι
2325 4970 2629 5042 ὑπάρχουσι
2659 4969 2747 5024 διὰ
2778 4972 2959 5044 γάμου
2986 4973 3363 5043 γεγενημένοι.
3393 4969 3496 5024 Καὶ
3518 4966 3562 5019 εἰ
3609 4958 3735 5032 μόνον
3840 5020 3845 5027 ,

516 5064 565 5120 si
598 5061 846 5119 Ecclesia
876 5058 975 5116 Dei
1005 5075 1072 5115 ex
1104 5058 1173 5114 iis
1210 5056 1343 5113 solis
1371 5063 1613 5122 constat,
1654 5055 1749 5127 qui
1788 5056 1997 5126 nuptiis
2027 5070 2110 5110 re-

517 5156 846 5211 nuntiarunt
872 5171 889 5220 ;
921 5167 1102 5222 neque
1133 5150 1354 5220 nuptiae,
1389 5163 1567 5219 neque
1597 5155 1772 5203 totum
1806 5162 2109 5219 propagan-

518 5247 602 5304 dae
630 5248 835 5303 sobolis
862 5245 1144 5316 negotium
1176 5258 1241 5297 ex
1272 5241 1382 5296 Deo
1418 5249 1521 5295 est.
1554 5238 1738 5306 Quare
1764 5247 1818 5294 et
1849 5239 1950 5310 ipsi
1979 5255 2103 5294 cum

522 5338 763 5394 indidem
808 5338 920 5391 uati
953 5336 1083 5399 sint,
1113 5350 1142 5387 a
1171 5333 1282 5387 Deo
1308 5326 1471 5387 erunt
1513 5332 1696 5387 alieni.
1735 5331 1905 5396 Quem
1942 5331 2107 5403 igitur

521 5428 701 5482 locum
733 5428 954 5482 habebit
978 5426 1108 5481 illud
1141 5424 1311 5491 :Qua:
1341 5423 1479 5478 Deus
1508 5422 1784 5493 conjunxit
1812 5423 1967 5477 homo
2003 5441 2106 5478 non

523 5515 957 5587 acparet‘?Natn
1000 5534 1066 5572 ex
1106 5516 1436 5573 necessitate
1476 5529 1760 5584 separare,
1785 5514 1854 5570 ab
1889 5514 2107 5572 homine

620 5676 639 5709 ί
675 5642 883 5731 Matth.
911 5689 1023 5738 xu,
1054 5675 1111 5731 6.

2213 4509 2540 4581 κέχρηνται’
2575 4502 2720 4564 οὗτοι
2758 4510 2817 4564 δὲ
2857 4513 2979 4574 ταῖς
3007 4510 3331 4581 λεγομέναις
3367 4506 3614 4581 Πράξεσιν
3646 4501 3740 4553 Ἀν-

2210 4600 2368 4671 δρὲου
2414 4620 2474 4655 τε
2521 4603 2616 4656 καὶ
2646 4602 2819 4673 Θωμᾶ
2845 4602 2908 4656 τὸ
2948 4601 3198 4656 πλεῖστον
3244 4602 3608 4675 ἐπερείδονται,
3632 4606 3737 4645 παν·

2210 4692 2449 4747 τάπασιν
2497 4693 2768 4765 ἀλλότριοι
2815 4693 2909 4747 τοῦ
2960 4695 3184 4768 κανόνος
3222 4694 3318 4748 τοῦ
3347 4678 3739 4763 ἐκκλησιαστικοῦ

2213 4786 2568 4857 ὑπάρχοντες.

2281 4878 2346 4931 Εἰ
2378 4876 2488 4949 γὰρ
2523 4877 2774 4950 βδελυρός
2806 4880 2956 4932 ἐστ.ν
2985 4880 3014 4932 ὁ
3049 4880 3245 4951 γάμος,
3282 4880 3389 4952 ἄρα
3413 4878 3516 4931 ὅλοι
3537 4867 3736 4934 ἀκάθαρ-

2214 5066 2475 5136 τυγχάνει
2508 5067 2542 5137 ὴ
2586 5066 2719 5135 ἁγία
2747 5064 2840 5119 τοῦ
2875 5067 3013 5121 Θεοῦ
3058 5067 3353 5139 Ἐκκλησία
3387 5063 3488 5119 τῶν
3511 5057 3581 5129 τῷ
3608 5052 3735 5139 γάμῳ

2216 5135 2668 5227 ἀποταξαμένων,
2695 5155 2883 5210 οὐκέτι
2923 5158 2951 5210 ό
2977 5156 3155 5227 γάμος
3180 5135 3257 5209 ἐκ⁷
3283 5154 3414 5209 Θεοῦ
3443 5135 3732 5227 ὑπάρχωννῆ

2217 5247 2369 5300 πᾶσα
2396 5226 2859 5318 παιδοποιουμένη
2908 5226 3165 5310 ὑπόθεσις
3185 5264 3197 5276 ·
3234 5248 3341 5321 ἄρα
3390 5242 3476 5297 καὶ
3503 5233 3635 5293 αὐτοὶ
3659 5226 3727 5281 ἅλ’

2215 5339 2417 5411 λότριοι
2444 5338 2579 5393 Θεοῦ
2612 5340 2951 5412 ὑπάρχουσιν
2977 5340 3085 5394 ἀπὸ
3104 5340 3359 5394 τοιούτων
3384 5321 3728 5407 γεγεννημένα·

2218 5429 2328 5484 Ποῦ
2368 5431 2548 5489 τοίνυν
2588 5433 2649 5487 τὸ
2697 5434 3020 5505 εἰρημένον,
3064 5435 3132 5487 Ἀ
3160 5438 3193 5489 ὀ
3229 5433 3373 5500 Θεὸς
3409 5414 3728 5485 συνέζευξαν

2216 5520 2525 5588 ἄνθρωπος
2548 5523 2635 5595 μὴ
2680 5522 2998 5595 χωριζέτω;
3038 5524 3112 5578 Τὸ
3162 5525 3262 5597 μὲν
3290 5524 3395 5596 γὰρ
3423 5517 3508 5574 ἀπ’
3530 5508 3725 5577 ἀνάγκηί
