4046 6448
186 566 305 631 ιοιι
824 562 949 623 ΑΜ
968 565 1195 625 EllSUS
1227 566 1573 626 llA‘JRESES
1614 564 1740 626 LIB.
1773 569 1834 625 Il.
1874 560 2037 627 1‘03].
2084 573 2122 626 l.
2163 602 2235 616 --
2276 569 2561 627 llASllES.-
2594 570 2731 627 LXI.
3307 568 3448 627 1042

186 686 449 762 χωρίζειν,
483 683 591 739 ἀπὸ
619 684 910 757 ἀνθρώπου
940 686 1197 759 ὑπάρχει·
1219 684 1278 740 τὸ
1299 687 1355 741 δὲ
1394 687 1531 760 μετὰ
1559 706 1751 760 προαι-
1782 749 1784 754 η

1856 699 1978 758 est;
2013 698 2211 760 sponte
2236 705 2368 745 vero
2395 691 2680 746 continere
2709 704 2852 756 sese,
2884 702 2993 743 non
3032 686 3271 745 hominis
3299 703 3443 756 esse,

187 781 378 853 ρέσεως
426 776 852 849 ἑγκρατεύεσθαι
884 779 986 831 οὐκ
1027 778 1319 849 ἀνθρώπου
1365 779 1587 846 ἔδειξεν,
1618 780 1754 834 ἀλλὰ

1857 783 1952 839 sed
2002 781 2096 839 Dei
2126 799 2264 854 opus
2294 783 2550 840 ostendit.
2582 782 2660 835 Ad
2692 782 2805 837 lucc
2837 780 3103 837 naturalis
3130 781 3220 835 illa
3249 796 3445 837 neces-

186 870 310 926 θεοῦ
343 869 402 923 τὸ
444 869 624 941 ἔργον.
665 869 775 922 Kal
805 869 917 939 ἔχει
956 869 1054 940 μὲν
1097 870 1130 939 ἡ
1162 868 1304 922 κατὰ
1349 868 1510 938 φύσιν
1538 866 1753 941 ἀνάγκη

1859 874 1997 930 sitas
2023 876 2183 931 habet
2202 891 2345 944 smpc
2360 874 2871 945 reprehensionem,
2893 872 3153 945 quoniam
3168 873 3220 928 id
3240 872 3442 942 ipsum,

187 960 431 1025 πολλάκις
463 958 689 1031 μέμψιν·
736 960 820 1014 ὅτι
863 961 923 1014 ού
975 960 1114 1032 μετὰ
1160 960 1499 1029 εὐλογιστίας
1546 960 1608 1014 τὸ
1659 962 1756 1013 ἐπ-

1859 967 2005 1037 quod
2038 968 2352 1023 necessario
2395 968 2714 1038 impositum
2749 975 2854 1031 est,
2886 980 2997 1021 non
3032 971 3183 1019 recto
3212 963 3445 1020 consilio

185 1054 406 1120 άναγκες
428 1050 773 1118 ὲπιτελείται,
806 1051 942 1104 ἀλλὰ
960 1052 1115 1115 ἐκτὸς
1132 1051 1226 1105 τοῦ
1246 1053 1469 1117 κανόνος
1498 1049 1751 1125 βέϐηκεν.

1859 1070 1924 1110 ac
1974 1056 2187 1111 ratione
2235 1056 2537 1127 perﬁcitur,
2568 1055 2663 1112 sed
2718 1056 2865 1110 intra
2919 1053 3167 1125 regulam
3217 1052 3446 1108 minime

185 1146 255 1199 Οὐ
286 1146 393 1215 γὰρ
441 1144 816 1215 ὲπάναγκεςή
862 1144 1172 1198 θεοσέϐεια·
1206 1144 1343 1199 ἀλλὰ
1390 1148 1454 1199 ἐκ
1500 1147 1756 1219 προαιρέ-

1857 1146 2194 1201 continetur.
2226 1146 2345 1201 Non
2399 1149 2546 1203 enim
2601 1146 2654 1201 vi
2698 1146 3073 1217 extorquenda
3116 1146 3291 1215 pictas
3338 1151 3443 1205 est.

88 1270 109 1287 χ
186 1253 314 1299 σεως
341 1236 373 1305 ἡ
396 1235 731 1307 δικαιοσύνη.
773 1232 856 1288 Τὰ
884 1235 941 1288 δὲ
978 1234 1138 1305 φύσει
1171 1237 1253 1300 εἰς
1296 1236 1609 1291 θεοσέϐειαν
1658 1238 1683 1289 ὲ

1858 1237 1953 1292 sed
1984 1237 2214 1291 consilio
2253 1252 2317 1290 ac
2346 1238 2628 1292 voluntate
2655 1235 2875 1306 iustitia
2907 1235 3232 1305 suscipitur.
3282 1232 3443 1305 507

184 1331 408 1396 ἀναγκες
453 1327 663 1399 φανερά
704 1328 887 1395 ἐστιν,
919 1328 955 1381 ἆ
985 1331 1049 1399 τῇ
1097 1330 1258 1398 φύσει
1291 1329 1750 1401 ὲπιμεμέτρηται.

1857 1326 2029 1383 Porro
2055 1343 2176 1399 quae
2200 1328 2265 1382 ad
2291 1320 2547 1399 pietatem
2578 1328 2799 1399 proprie
2828 1336 2959 1384 sunt
2989 1329 3301 1384 necessaria
3335 1343 3448 1382 ma-

185 1409 300 1470 οἷον
326 1415 386 1468 τὸ
417 1413 493 1486 μὴ
523 1414 828 1487 πορνεύειν,
863 1415 925 1470 τὸ
968 1416 1042 1489 μὴ
1071 1417 1369 1489 μοιχεύειν,
1398 1419 1459 1472 τὸ
1487 1419 1563 1490 μὴ
1593 1420 1753 1474 ἀσελ-

1857 1417 2056 1475 nil‘esta
2080 1426 2232 1484 sunt,
2266 1435 2389 1490 quae
2417 1420 2627 1476 scilicet
2655 1420 2909 1475 homines
2939 1428 3151 1474 natura:
3180 1420 3327 1475 velut
3349 1418 3447 1472 ad-

185 1502 398 1573 γαίνειν,
429 1504 491 1557 τὸ
542 1504 616 1578 μὴ
656 1508 713 1560 ὲν
741 1505 923 1577 ταυτῷ
965 1508 1412 1579 δευτερογαμεῖν,
1448 1509 1510 1561 τὸ
1544 1510 1618 1582 μὴ
1651 1511 1754 1583 ἀρ-

1857 1511 2183 1566 metiuntur.
2218 1510 2393 1577 Quale
2420 1520 2506 1568 est
2541 1527 2556 1564 :
2597 1526 2709 1566 non
2740 1510 3029 1576 fornicari,
3061 1526 3241 1581 neque
3291 1510 3448 1565 adul-

185 1597 387 1663 πάζειν,
420 1599 482 1652 τὸ
518 1599 595 1671 μὴ
626 1599 850 1665 ἀδικεῖν,
899 1599 960 1654 τδ
1007 1600 1081 1672 μὴ
1121 1599 1361 1671 μεθύειν,
1407 1601 1468 1655 τὸ
1505 1602 1579 1673 μὴ
1616 1603 1752 1674 ἀδη-

1856 1601 2056 1657 terium
2096 1610 2435 1673 perpetrare,
2466 1618 2579 1658 non
2628 1602 2926 1659 libidinose
2988 1618 3048 1659 se
3086 1617 3298 1673 gerere,
3337 1617 3446 1657 non

187 1692 389 1758 φαγεῖν,
418 1689 479 1743 τὸ
534 1688 609 1762 μὴ
653 1690 1060 1762 φαρμακεύειν,
1098 1692 1159 1744 τὸ
1202 1692 1278 1764 μὴ
1322 1692 1755 1766 εἰδωλολατρεῖν,

1858 1694 2133 1750 secundas
2179 1695 2373 1751 eodem
2422 1704 2668 1765 tempore
2702 1695 2928 1766 nuptias
2954 1694 3306 1762 contrahere,
3338 1709 3446 1747 non

184 1781 240 1835 τὸ
268 1782 337 1853 μὴ
371 1781 641 1851 φονεύειν,
671 1782 732 1835 τὸ
769 1781 843 1853 μὴ
871 1783 1240 1854 καταρᾶσθαι,
1274 1784 1337 1837 τὸ
1369 1785 1445 1857 μὴ
1471 1785 1752 1857 λοιδορεῖν,

1857 1801 2073 1854 rapere,
2103 1802 2215 1841 non
2252 1787 2512 1857 injuriam
2548 1786 2751 1852 facere,
2778 1802 2890 1841 non
2922 1786 3208 1851 inebriari,
3243 1800 3351 1840 non
3390 1801 3451 1840 se

184 1874 239 1927 τὸ
272 1873 341 1944 μὴ
369 1872 615 1944 ὀμνύναι,
644 1875 972 1943 ἀγανακτεῖν
995 1889 1054 1927 τε
1082 1874 1176 1928 καὶ
1204 1876 1341 1945 ταχὺ
1389 1875 1750 1947 πραύνεσθαι,

1855 1877 1997 1934 cibis
2021 1877 2381 1950 ingurgitare,
2410 1894 2523 1933 non
2554 1878 2880 1934 veneﬁcium
2910 1892 3126 1946 parare,
3164 1891 3271 1932 non
3302 1876 3447 1931 idola

184 1964 479 2037 ὀργίζεσθαι
514 1966 608 2019 καὶ
642 1967 717 2039 μὴ
769 1967 1128 2039 ἁμαρτάνειν,
1163 1965 1237 2038 μὴ
1286 1966 1557 2021 ὲπιδύνειν
1600 1966 1751 2038 ἥλιον

1857 1971 2061 2036 colere,
2088 1988 2200 2027 non
2241 1971 2517 2038 occidere,
2546 1987 2657 2027 non
2689 1971 3004 2042 imprecari,
3037 1985 3145 2026 non
3180 1970 3448 2026 convitia,

184 2057 267 2109 ἐπὶ
312 2055 386 2127 τῷ
442 2056 831 2130 παροργισμῷ.
884 2056 977 2128 Τῷ
1030 2057 1086 2110 δὲ
1128 2058 1144 2088 ι
1194 2058 1359 2129 γάμῳ
1412 2056 1749 2128 συναφθῆναι

1855 2064 1929 2130 ri,
1958 2080 2069 2121 non
2110 2065 2319 2135 jurare,
2353 2079 2687 2121 succensere
2748 2079 2814 2119 ac
2856 2064 2970 2119 cito
3018 2062 3250 2134 placari,
3282 2062 3447 2118 irasci

186 2153 312 2221 μετὰ
342 2153 619 2224 εὐνομίας,
650 2156 684 2222 ἡ
731 2153 892 2222 φύσις
920 2153 1151 2226 δηλώσει
1181 2155 1245 2207 ἐκ
1267 2152 1402 2208 Θεοῦ
1428 2154 1746 2225 ἐκτισμένη,

1857 2172 1960 2213 nec
1994 2172 2247 2228 peccare,
2271 2160 2443 2214 solem
2472 2173 2641 2229 super
2671 2156 3012 2211 iracundiam
3043 2170 3150 2210 non
3173 2154 3446 2210 occidere.

185 2244 271 2297 καὶ
302 2244 687 2319 ἐπιτραπεῖσα.
736 2245 847 2301 Kal
886 2245 955 2301 τὰ
1005 2247 1163 2312 ἄλλα,
1208 2247 1309 2300 ὅσα
1352 2246 1470 2300 ἐστὶ
1499 2245 1748 2311 τοιαῦτα,

1858 2248 2078 2321 Nuptiis
2124 2265 2255 2307 vero
2304 2250 2551 2321 copulari
2606 2249 2890 2321 legitimis,
2924 2248 3008 2304 vel
3039 2254 3237 2303 natura
3271 2247 3390 2317 ipsa
3415 2259 3446 2299 a

184 2334 311 2389 κατὰ
338 2337 560 2410 θάτερον
594 2338 705 2409 ἔχει
732 2338 830 2409 τῆς
854 2339 1162 2409 ἐπισκοπῆς
1184 2337 1246 2391 τὸ
1280 2337 1498 2409 μέτρον.

1859 2340 1970 2397 Deo
2000 2342 2222 2399 condita
2249 2342 2578 2413 permissum
2621 2342 2727 2398 sibi
2768 2357 2892 2399 esse
2945 2339 3294 2396 monstrabit.
3329 2337 3448 2394 Cae-

185 2444 288 2487 tera
328 2430 582 2499 denique,
614 2449 738 2504 quae
770 2428 1031 2503 ejusdem
1083 2432 1315 2489 rationis
1366 2441 1516 2497 sunt,
1551 2432 1620 2488 ad
1670 2433 1995 2493 alterutrum
2044 2454 2239 2510 genus,
2289 2454 2388 2510 pro
2421 2437 2586 2495 modo
2656 2453 2779 2504 suo,
2837 2452 2901 2493 ac
2946 2451 3227 2501 mensura,
3285 2448 3445 2491 revo-

185 2524 280 2578 cari
307 2536 557 2597 possunt.

247 2638 312 2694 B'.
357 2640 493 2696 Ἀλλ’
524 2641 601 2706 ὡς
635 2643 764 2714 περὶ
790 2642 995 2698 τούτων
1024 2645 1196 2699 εἰπεῖν
1231 2644 1663 2717 προσειλήφαμέν,
1693 2644 1750 2697 έν

1929 2638 1995 2696 ll.
2026 2638 2226 2696 Verum
2261 2648 2339 2707 ut,
2368 2656 2492 2712 qua:
2513 2640 2582 2696 de
2610 2640 2717 2696 illis
2747 2647 2982 2695 tractare
3008 2640 3297 2711 cmpimus,
3332 2658 3448 2712 per-

185 2729 326 2803 ὲλίγῳ
358 2732 518 2806 χώρῳ
566 2727 714 2788 οὗτοι
751 2724 1077 2808 ὑπάρχούσι,
1117 2738 1247 2811 περὶ
1280 2740 1380 2810 τὴν
1418 2738 1657 2811 Φρυγίαν
1691 2754 1751 2790 τε

1858 2748 2177 2805 sequamur,
2209 2733 2465 2789 habitant
2500 2732 2579 2787 illi
2613 2734 2668 2788 in
2715 2733 2912 2804 exigua
2947 2733 3179 2803 quadam
3226 2734 3449 2803 regione

185 2822 265 2874 καὶ
294 2824 564 2892 Κιλικίαν,
593 2827 686 2880 καὶ
708 2827 1054 2898 Παμφυλίαν.
1100 2829 1165 2882 Τί
1184 2828 1277 2883 οὖν
1300 2831 1408 2902 ἄρα
1425 2830 1750 2884 ἐκκόπτεται

1857 2824 2129 2898 Phrygiae,
2186 2825 2395 2883 Cilicia:
2423 2841 2488 2881 ae
2533 2824 2886 2897 Pamphyliae.
2933 2824 3078 2891 Quid
3108 2826 3315 2896 igitur?
3347 2827 3447 2881 Er—

185 2911 211 2980 ἡ
249 2911 531 2986 Ἐκκλησία
564 2917 595 2987 ἡ
626 2917 733 2969 ἀπὸ
762 2918 867 2987 γῆς
895 2919 1146 2989 περάτων
1175 2920 1304 2991 ἄχρι
1336 2920 1439 2990 γῆς
1468 2919 1744 2990 περάτων,

1854 2934 1995 2990 gone
2025 2918 2288 2982 Ecclesia,
2313 2933 2435 2988 qua:
2462 2916 2531 2971 ad
2563 2924 2857 2988 utramque
2886 2928 3154 2973 terrarum
3185 2920 3445 2974 extremi-

184 3004 265 3057 καὶ
291 3007 464 3062 οὐκέτι
498 3012 589 3074 εἰς
614 3008 822 3065 πᾶσαν
849 3010 965 3079 τὴν
995 3011 1110 3082 γῆν
1134 3011 1392 3080 ἐξῆλθεν
1424 3016 1457 3066 ό
1485 3012 1747 3082 φθόγγος

1853 3015 2020 3063 tatem
2051 3006 2372 3077 porrigitur,
2427 3005 2658 3075 penitus
2675 3005 3038 3073 exscinditur,
3075 3021 3176 3062 nec
3209 3008 3443 3078 amplius

183 3097 379 3163 αὐτῶν,
392 3100 486 3154 καὶ
504 3103 594 3168 εὶς
610 3102 681 3156 τὰ
696 3103 921 3170 πέρατα
936 3103 1046 3171 τῆς
1056 3102 1415 3172 οἰκουμένης
1431 3103 1503 3157 τὰ
1506 3103 1747 3173 ῥήματα

1852 3100 1909 3152 in
1957 3112 2165 3151 omnem
2207 3105 2405 3149 terram
2442 3095 2601 3149 exivit
2652 3111 2813 3150 sonus
2855 3111 3058 3159 eorum,
3107 3105 3156 3149 et
3204 3096 3259 3149 in
3311 3098 3442 3166 ﬁnes

182 3188 390 3255 abtdw;
408 3193 544 3247 υύδὲ
567 3193 753 3246 οὐκέτι
780 3194 842 3247 τὸ
864 3194 1013 3266 παρὰ
1039 3193 1132 3247 τού
1153 3195 1405 3267 Σωτῆρος
1431 3194 1743 3266 εἰρημένον,

1853 3189 1995 3245 orbis
2038 3198 2192 3244 terra:
2218 3186 2374 3243 verba
2402 3203 2585 3242 eorum
2617 3187 2677 3240 '?
2714 3185 2826 3241 Nec
2857 3186 2988 3241 illud
3031 3187 3190 3252 valet,
3232 3188 3377 3258 quod
3411 3204 3440 3243 a

183 3279 253 3345 τὸ,
280 3284 527 3341 Ἕσεσθέ
560 3304 663 3356 μοι
696 3286 997 3356 μάρτυρες
1030 3287 1141 3353 ἕως
1170 3287 1434 3358 ἐσχάτου
1466 3287 1576 3357 τῆς
1602 3286 1745 3357 γῆς;

1856 3282 2146 3338 Servatore
2175 3281 2382 3336 dictum
2411 3288 2496 3336 est
2518 3298 2529 3334 :
2549 3278 2716 3334 Eritis
2740 3279 2871 3332 mihi
2889 3288 3045 3333 testes
3077 3296 3239 3350 usque
3262 3279 3333 3333 ad
3354 3281 3440 3333 ul-

184 3371 239 3424 Ei
267 3376 357 3445 μὲν
377 3378 481 3451 γὰρ
503 3380 607 3433 ούκ
628 3378 777 3432 ἔστιν
797 3381 855 3433 ὲν
885 3380 1176 3451 σεμνότητι
1206 3356 1455 3451 ὁήγάμος,
1475 3356 1571 3434 καὶ
1600 3356 1682 3445 ξω¹

1850 3376 2037 3431 timum
2066 3385 2221 3430 terra
2251 3375 2308 3428 ⁸νῖ
2350 3373 2646 3428 Enimvero
2677 3372 2723 3428 si
2751 3372 3050 3428 honestatis
3081 3372 3217 3427 nihil
3242 3372 3443 3427 habent

88 3468 95 3543 ί
183 3462 305 3535 ἔχων
350 3472 376 3523 ὁ
410 3471 609 3542 γάμος,
658 3470 992 3543 γεννηθῶσιν
1029 3471 1157 3525 ἄνευ
1202 3472 1420 3543 γάμου·
1473 3473 1522 3526 εί
1557 3472 1615 3526 δὲ
1638 3473 1686 3525 ἅτ

1848 3468 2078 3539 nuptiae,
2113 3482 2217 3521 nee
2248 3465 2356 3521 ulla
2393 3465 2474 3521 eis
2506 3464 2630 3519 vitae
2657 3478 2784 3534 spes
2817 3464 3177 3533 relinquitur;
3216 3479 3444 3520 nascan-

88 3540 95 3571 τ
192 3556 342 3627 τάμον
372 3540 693 3630 γεννῶνται,
720 3540 827 3633 ἄρα
852 3561 1068 3633 βέϐηλοί
1094 3564 1199 3616 είσι
1229 3540 1316 3617 διά
1345 3563 1436 3617 τὸν
1458 3561 1656 3633 γάμον.
1683 3563 1686 3614 ξ

1850 3566 1939 3614 tur
1984 3559 2064 3613 illi
2119 3558 2239 3614 sine
2282 3555 2655 3628 nuptiis.'Sin
2692 3571 2761 3612 ex
2808 3555 3015 3625 nuptiis
3062 3556 3336 3622 oriuntur,
3371 3557 3444 3612 ob

92 3632 97 3663 ⁵
181 3644 233 3698 δὲ
278 3650 423 3704 αὐτοὶ
465 3653 621 3724 μόνοι
663 3632 771 3706 οὐκ
814 3654 922 3707 εἰσὶ
973 3632 1228 3725 βέϐηλοι,
1287 3632 1547 3722 καίτοιγε
1588 3652 1690 3707 ὅντε

1848 3663 1948 3705 eas
1977 3642 2125 3719 ipsas
2165 3646 2362 3717 impuri
2399 3652 2547 3710 sunt,
2581 3652 2637 3700 et
2672 3644 3019 3700 exsecrandi.
3055 3642 3212 3710 Quod
3251 3645 3297 3699 si
3337 3646 3440 3700 soli

94 3746 99 3759 '
183 3734 278 3788 ἀπὸ
308 3739 503 3811 γάμου,
561 3742 623 3795 ού
668 3742 893 3813 βέϐηλος
927 3745 955 3796 ό
993 3743 1197 3814 γάμος·
1254 3743 1387 3797 διότι
1416 3744 1546 3798 ἄνευ
1580 3745 1692 3797 αύτι

1848 3741 1927 3795 illi
1976 3740 2178 3810 impuri
2214 3739 2437 3793 minime
2468 3744 2616 3802 sunt,
2649 3738 2779 3793 licet
2828 3752 2859 3792 e
2905 3736 3116 3807 nuptiis
3146 3736 3433 3807 prepagati

96 3820 103 3851 τ
181 3826 340 3893 οὐδεὶς
369 3832 763 3904 γεννηθήσεται
798 3849 928 3886 ποτε
961 3834 1018 3889 έν
1054 3833 1263 3904 κόσμῳ.
1310 3834 1420 3887 Kal.
1457 3833 1625 3904 πολλή
1662 3851 1693 3885 τ

1852 3832 1981 3898 sint,
2016 3847 2124 3886 non
2175 3840 2304 3885 sunt
2345 3830 2574 3899 impura:
2618 3829 2845 3899 nuptiae,
2887 3827 3145 3897 quoniam
3182 3827 3302 3882 sine
3334 3828 3443 3884 illis

100 3914 101 3941 ῖ
183 3918 314 3972 ἐστιν
350 3924 391 3993 ἡ
429 3924 540 3978 τῶν
587 3922 891 3996 ἀνθρώπων
942 3924 1140 3997 πλάνη,
1197 3924 1287 3979 διὰ
1334 3927 1607 3991 ποικιλίας
1655 3945 1698 3980 κι

1850 3938 2011 3979 nemo
2035 3923 2089 3977 in
2120 3923 2265 3976 hanc
2295 3923 2470 3976 lucem
2498 3920 2716 3991 prodire
2740 3927 2940 3990 potest.
2962 3918 3189 3988 Magnus
3217 3920 3442 3975 omnino

183 4011 374 4068 πολλῶν
397 4017 725 4089 προφάσεων
750 4019 1102 4092 ἐργασαμένη
1132 4019 1192 4073 τὸ
1215 4019 1418 4091 φαῦλον
1444 4022 1509 4091 τῇ
1538 4020 1751 4091 ἀνθρω-

1856 4015 2134 4070 hominum
2178 4014 2398 4068 illorum
2450 4027 2606 4066 error
2636 4017 2742 4077 est,
2793 4010 2886 4081 qui
2938 4009 3109 4074 varia,
3142 4023 3207 4063 ac
3251 4010 3454 4077 multi-1

184 4105 300 4179 πείᾳ
330 4109 505 4177 φύσει,
547 4111 643 4165 καὶ
676 4111 998 4184 πλανήσασα
1030 4112 1263 4167 ἕκαστον
1294 4113 1382 4168 διὰ
1418 4113 1702 4185 προφάσειι

1849 4104 1980 4176 plici
2020 4104 2202 4173 specie
2258 4102 2498 4156 humano
2544 4102 2730 4173 generi
2781 4099 3079 4171 perniciem
3129 4101 3333 4165 attulit,
3383 4110 3437 4156 et

184 4193 279 4250 ἀπὸ
297 4198 392 4269 τῆς
419 4201 702 4275 ἀληθείας.

1851 4210 2300 4267 unumquemque
2334 4193 2485 4249 inani
2521 4192 2761 4263 quodam
2809 4198 3074 4264 praetextu
3103 4206 3135 4245 a
3172 4199 3317 4247 recta
3351 4192 3437 4248 via

1851 4287 2100 4345 veritatis
2127 4286 2374 4342 abduxit.

244 4392 314 4453 Γ.
347 4397 457 4452 Kal.
479 4398 598 4469 ἔχει
630 4397 729 4469 μὲν
754 4392 849 4453 οὗν
881 4397 1179 4465 ἀποταξίαν
1206 4400 1239 4469 ἡ
1278 4396 1605 4471 Ἐκκλησία·
1636 4399 1750 4454 ἀλλ’

1923 4399 2011 4457 ΙΙΙ.
2053 4400 2229 4457 Habet
2265 4400 2486 4471 quidem
2517 4398 2978 4455 renuntiationem
3021 4398 3301 4468 Ecclesia;
3343 4401 3437 4458 sed

114 4476 119 4501 ⁵
182 4485 236 4536 οὐ
252 4486 586 4557 βδελύττεται
601 4491 694 4544 τὸν
710 4490 906 4562 γάμον.
927 4493 1037 4546 Kal.
1052 4491 1164 4562 ἔχει
1179 4490 1565 4563 ἀκτημοσύνην
1580 4509 1594 4523 ⁸
1614 4492 1712 4548 ἀλλ

1852 4507 1963 4548 non
1996 4490 2122 4547 ideo
2151 4488 2502 4546 detestandas
2546 4489 2769 4559 nuptias
2798 4489 3095 4547 existimat.
3132 4490 3307 4547 liabet
3339 4491 3438 4548 bo-

120 4575 123 4663 :
182 4575 271 4629 οὐκ
285 4580 569 4654 ἐπαίρεται
580 4584 601 4613 ¹
619 4582 727 4637 τῶν
739 4584 1000 4656 ὲνικτήσει
1013 4583 1359 4655 δικαιοσύνης
1373 4584 1718 4657 ὑπαρχόντων

1854 4597 2053 4638 norum
2105 4582 2351 4636 omnium
2405 4580 2668 4650 inopiam,
2722 4580 2820 4635 sed
2851 4595 2962 4636 non
3008 4582 3274 4639 adversus
3317 4582 3440 4638 illos

120 4666 121 4691 ³
181 4666 264 4719 καὶ
297 4670 359 4725 ὲκ
395 4673 505 4726 τῶν
553 4672 699 4727 ίδίων
742 4674 943 4741 γονέων
971 4674 1223 4745 ἐχόντων,
1262 4674 1409 4736 ὅπως
1437 4674 1650 4739 ἑαυτοῖς
1690 4692 1718 4729 τ

1856 4673 2159 4729 insolenter
2186 4671 2429 4737 ellertur,
2468 4670 2563 4741 qui
2593 4684 2656 4725 ea
2686 4670 2834 4741 juste
2867 4672 3151 4743 possident
3185 4687 3215 4725 a
3246 4689 3439 4744 paren-

121 4754 125 4781 ¹
180 4760 390 4830 καὶτοῖς
406 4730 782 4838 ἐπιδεομένοις
809 4730 1139 4840 ἐπαρκέσαι.
1160 4730 1272 4821 Kal.
1291 4730 1585 4837 ἀπέχονται
1610 4730 1719 4841 έρω

1856 4768 2005 4824 tibus
2036 4777 2286 4838 accepta,
2316 4730 2520 4837 quibus
2554 4773 2664 4819 tam
2686 4730 2819 4832 sibi,
2848 4730 3010 4837 quam
3042 4767 3164 4823 aliis
3193 4730 3437 4839 indigen-

124 4844 128 4875 ³
183 4852 351 4919 μάτων
377 4859 564 4914 πολλοί
588 4877 604 4892 ·
653 4858 768 4913 ἀλλ’
797 4860 857 4912 ού
885 4858 1203 4928 φυσιοῦνται
1234 4858 1376 4913 κατὰ
1397 4859 1505 4914 τῶν
1546 4861 1620 4932 μὴ
1648 4860 1722 4912 ἀπ

1858 4861 2005 4915 tibus
2031 4859 2379 4914 subveniant.
2409 4857 2489 4911 Ad
2518 4855 2632 4911 haec
2660 4871 2691 4910 a
2716 4857 2962 4911 ciborum
2998 4872 3102 4912 usu
3138 4866 3434 4927 temperant

180 4947 461 5017 εχομένων.
492 4953 555 5006 '0
570 4952 683 5023 γὰρ
702 4952 924 5005 ἐσθίων
939 4951 1046 5005 τὸν
1061 4951 1148 5020 μὴ
1168 4952 1456 5006 ἐσθίοντα
1474 4952 1562 5021 μὴ
1580 4952 1751 5017 ἐξου-

1857 4953 2049 5019 multi;
2103 4952 2199 5007 sed
2243 4965 2355 5004 non
2401 4957 2594 5004 contra
2626 4962 2723 5004 eos
2762 4949 2855 5018 qui
2895 4948 3005 5005 illis
3045 4955 3298 5015 utuntur,
3343 4964 3433 5005 su-

130 5032 131 5059 ’
178 5036 401 5095 θενείτω
424 5061 438 5075 ·
474 5044 577 5099 καί
607 5048 641 5101 d
671 5044 759 5115 μὴ
790 5044 1008 5098 ἐσθίων
1041 5043 1153 5097 τὸν
1182 5045 1468 5099 ἐσθίοντα
1495 5044 1582 5114 μὴ
1624 5062 1728 5113 κριι

1858 5046 2025 5115 perbe
2054 5058 2114 5099 se
2141 5048 2359 5113 gerunt.
2397 5040 2503 5107 Qui
2532 5041 2673 5095 enim
2717 5039 3027 5104 manducet,
3061 5056 3165 5093 non
3205 5040 3433 5094 mandu-

132 5124 133 5141 ‘
178 5128 331 5187 νέτω.
360 5137 595 5205 Χριστῷ
622 5137 734 5209 γὰρ
759 5136 947 5191 ἐσθίει
970 5135 1067 5189 καί
1095 5135 1275 5189 πίνει.
1313 5135 1429 5188 Kal.
1458 5138 1589 5208 ὁρᾷς
1619 5137 1730 5207 μία·

1960 5145 2062 5190 tem
2105 5151 2209 5190 non
2239 5141 2569 5199 contemnat;
2595 5143 2644 5187 et
2683 5134 2774 5203 qui
2795 5149 2899 5186 non
2925 5132 3236 5197 manducat,
3280 5150 3433 5187 man~
3542 5200 3558 5209 ~

176 5216 433 5291 ὁμόνοιαν,
465 5225 565 5279 καὶ
610 5227 740 5298 μίαν
786 5223 999 5288 ἐλπίδα,
1040 5225 1135 5278 καὶ
1180 5224 1309 5296 μίαν
1361 5224 1544 5280 πίστιν
1591 5227 1649 5278 ἐν
1680 5227 1746 5295 τῇ

1854 5228 2134 5281 (luctantem
2189 5240 2295 5277 non
2331 5211 2559 5293 judicet.
2610 5222 2827 5278 Christo
2876 5225 3017 5277 enim
3063 5223 3349 5277 manducet
3389 5236 3432 5295 et

188 5308 492 5389 Ἐκκλησία,
528 5319 746 5388 ἑκάστῳ
776 5317 1141 5390 χαριζομένην
1178 5316 1318 5371 κατὰ
1356 5316 1455 5389 τὴν
1493 5316 1627 5370 ἰδίαν
1656 5316 1749 5370 δύ·-

1854 5316 1984 5371 bibit
2020 5317 2063 5370 ⁸.
2107 5314 2299 5371 Jamne
2341 5315 2520 5379 vides,
2550 5317 2799 5371 eamdem
2832 5315 2887 5369 in
2924 5314 3167 5370 Ecclesia
3201 5329 3431 5370 concor-

177 5416 347 5473 ντμιν.
371 5410 631 5465 καὶκατὰ
655 5410 748 5463 τὸν
771 5409 901 5464 ῖδιον
926 5407 1113 5478 ἀγῶνα
1135 5407 1231 5461 τοῦ
1257 5407 1537 5479 καμάτου;
1566 5407 1751 5461 Ἔοικε

1854 5406 2023 5475 diam,
2056 5406 2415 5476 eamdemque
2458 5421 2634 5476 spem,
2685 5420 2749 5460 ac
2782 5406 2943 5460 ﬁdem
2974 5420 3095 5476 quae
3142 5406 3437 5476 unicuique

177 5487 226 5543 δὲ
253 5495 284 5565 ἡ
314 5496 449 5564 ἁγία
471 5497 568 5553 τοῦ
598 5498 736 5553 Θεοῦ
775 5498 1070 5570 Ἐκκλησία
1100 5498 1213 5563 νηΐ.
1257 5497 1408 5562 Ναῦς
1438 5497 1495 5551 δὲ
1515 5497 1615 5550 οὐκ
1644 5496 1752 5550 ἀπὸ

1856 5499 2158 5556 secundum
2194 5499 2472 5569 propriam
2500 5499 2612 5553 vim
2640 5497 3037 5568 propriumque
3084 5496 3287 5553 laboris
3321 5514 3434 5553 cer-

178 5581 283 5650 ἑνὺς
327 5586 486 5653 ξύλου
536 5591 858 5664 ἁρμόζεται,
900 5591 1126 5645 ἁ).λ”ὲκ
1158 5589 1453 5664 διαφόρων.
1506 5589 1617 5642 Kal
1647 5589 1749 5660 τὴν

1858 5602 2037 5646 tamen
2069 5590 2378 5663 gratiﬁcare
2409 5588 2631 5645 studet?
2673 5587 2839 5660 508
2870 5587 3082 5644 Etenim
3121 5595 3308 5643 sancta
3345 5587 3436 5643 Dei

179 5677 269 5746 μὲν
294 5681 489 5747 τρόπιν
520 5684 629 5737 ἀπὸ
659 5684 779 5749 ένδς
808 5683 966 5752 ξύλου
996 5684 1281 5755 κέκτηται,
1316 5682 1451 5736 ἀλλὰ
1490 5681 1552 5734 ού
1590 5698 1748 5753 μονο-

1855 5682 2104 5739 Ecclesia
2138 5681 2262 5736 navi
2292 5681 2512 5736 cuidam
2551 5679 2749 5738 similis
2782 5688 2885 5737 est.
2922 5676 3089 5735 Navis
3132 5694 3296 5752 porro
3327 5696 3435 5737 non

177 5765 354 5836 δόλοις·
387 5774 488 5839 τὰς
519 5774 576 5829 δὲ
595 5776 842 5849 ἀγκύρας
870 5778 1092 5850 ἐτέρων.
1128 5776 1422 5850 Περιτόνεά
1444 5792 1503 5829 τε
1528 5777 1622 5830 καὶ
1646 5793 1743 5830 σα-

1854 5791 1919 5832 ex
1943 5774 2105 5830 unica
2134 5773 2339 5840 tabula,
2374 5772 2469 5829 sed
2503 5787 2571 5830 ex
2599 5772 2835 5832 diversis
2866 5780 3299 5848 coagmentatus.
3337 5769 3430 5828 lia-

238 5976 254 6008 ¹
289 5975 350 6035 F.
376 5981 437 6037 τὸ
457 5982 535 6038 δέ.
622 5986 642 6016 ⁸
675 5984 831 6041 Deest
861 5983 1021 6040 κατά.
1094 5983 1114 6015 ³
1140 5982 1283 6040 Psal.
1313 5999 1464 6051 xvm,
1496 5984 1547 6039 5.
1627 5982 1644 6013 ⁵
1676 5982 1793 6039 Act.
1831 5998 1836 6037 ι

936 5983 1021 6040 τά.
1094 5983 1114 6015 ³
1140 5982 1283 6040 Psal.
1313 5999 1464 6051 xvtn,
1496 5984 1547 6039 5.
1627 5982 1644 6013 ⁵
1676 5982 1793 6039 Act.
1831 5997 1869 6051 ι,
1892 5983 1941 6037 3.
2020 5984 2040 6013 ⁸
2064 5980 2224 6039 Rom.
2253 5997 2366 6050 xlv,
2397 5982 2451 6049 3,
2483 5982 2534 6036 5.
