4046 6440
285 353 436 416 1045

969 363 1342 422 Αυνειιευε
1377 368 1722 424 ΗΛΕΒΕΒΕΞ
1751 367 1872 424 LIB.

1977 408 1985 422 .
2029 366 2190 424 ΤΟΜ.
2233 364 2275 419 1.
2316 394 2384 406 -
2431 363 2706 420 IIJERES.
2751 361 2891 418 LXI.

3421 357 3562 413 1046

287 475 479 548 μέτρῳ
501 474 610 530 τινὶ
635 477 982 544 ὑποστάσεως
1013 483 1108 535 καί⁸
1132 483 1367 557 ὲνθήκης
1393 485 1543 554 ὄντα,
1580 487 1672 542 τὸν
1701 487 1758 542 δὲ
1783 486 1872 540 καὶ

1981 493 2160 541 terum
2194 499 2264 539 ex
2292 481 2609 539 vectoribus
2635 481 2746 537 illis
2774 479 2943 534 alium
2983 476 3048 530 ad
3082 489 3333 547 magnam
3364 489 3557 542 quam-

281 563 396 630 ’ἐως
427 565 523 620 τοῦ
555 567 880 640 διαπεράσαι
909 571 1090 643 μόνον,
1118 575 1212 628 καὶ
1247 577 1324 648 μὴ
1349 579 1407 632 ὲν
1436 577 1680 652 Θαλάσσῃ
1703 595 1873 633 κατα·

284 658 652 729 ποντωθῆναι.
706 660 819 713 Καὶ
845 663 905 714 οὐ
947 663 1166 728 πάντως
1193 666 1274 719 ὅτι
1317 667 1379 720 τὸ
1411 669 1486 740 μὴ
1517 670 1752 724 τοσαῦτα
1781 687 1873 723 κε-

281 749 546 820 κτημένῳ
591 751 692 821 τὴν
745 753 1018 824 σωτηρίαν
1057 755 1117 808 οὐ
1159 757 1421 828 παρέχει’
1474 758 1589 812 ἀλλ’
1624 756 1730 813 οἶδε
1772 760 1872 831 μὲν

281 839 497 903 πάντας
529 839 741 906 σώζειν,
777 843 1006 897 ἕκαστον
1037 846 1094 898 δὲ
1141 847 1282 900 κατὰ
1325 848 1421 920 τὴν
1454 849 1587 904 ἰδίαν
1613 868 1874 924 πραγμα-

278 928 438 981 τείαν
473 929 566 982 καὶ
597 931 892 1002 σωτηρίαν.
927 935 1033 986 Καὶ
1064 935 1228 991 πόθεν
1253 938 1302 988 οἰ
1327 938 1384 1004 ἐξ
1407 939 1582 1002 οἰκίας
1610 940 1704 992 τοῦ
1733 941 1870 994 Καί-

281 1038 456 1095 σαρος
481 1023 818 1086 ἀσπάζονται
844 1027 994 1098 παρὰ
1020 1027 1096 1098 τῷ
1133 1029 1475 1101 Ἀποστόλῳς
1509 1031 1680 1086 Πόθεν
1711 1033 1769 1084 δὲ
1792 1032 1870 1102 τῷ

291 1113 604 1183 Ἀποστόλῳ
630 1113 690 1167 τὸ
722 1117 1031 1188 εἰρημένον,
1073 1123 1153 1184 τὺ,
1199 1121 1333 1174 Ἐὰν
1365 1121 1568 1192 νομίζῃ
1600 1125 1868 1192 ἀσχημο-

275 1203 417 1277 νεῖν
449 1203 548 1258 ἐπὶ
579 1205 694 1274 τὴν
728 1207 888 1262 ἰδίαν
929 1209 1246 1278 παρθένον,
1291 1212 1391 1266 καὶ
1427 1214 1614 1280 οὕτως
1645 1215 1870 1282 ὀφείλει

276 1295 567 1366 ποιῆσαι,
605 1299 884 1368 γαμείτω·
931 1305 1044 1372 οὺχ
1087 1304 1438 1374 (φορτ-ἀνευ
1479 1306 1590 1358 Οὐκ
1633 1306 1787 1369 ἐκτὸς
1813 1306 1868 1358 δὲ

277 1385 511 1457 λουτροῦ
571 1388 792 1444 δύναται
841 1391 1080 1464 πληροῦν
1146 1396 1203 1448 τὸ
1251 1399 1348 1466 οὐχ
1400 1397 1752 1468 ἁμαρτάνειν.
1801 1401 1870 1452 El

276 1477 395 1546 γὰρ
423 1478 646 1546 πάντες
669 1481 953 1552 ἥμαρτον,
985 1487 1082 1541 καὶ
1117 1489 1511 1557 ὑστεροῦνται
1543 1490 1654 1558 τῆς
1685 1489 1870 1557 δόξης

274 1566 392 1620 τοῦ
439 1569 606 1634 Θεοῦ,
647 1569 1048 1643 δικαιούμενοι
1082 1575 1310 1642 δωρεὰν
1345 1575 1417 1645 τῇ
1459 1575 1690 1646 χάριτιι,
1710 1577 1870 1647 δῆλον

272 1651 371 1706 διὰ
393 1653 618 1726 λουτροῦ
643 1658 1085 1729 παλιγγενεσίας.
1117 1663 1190 1715 Τὸ
1217 1663 1327 1736 γὰρ
1345 1663 1568 1738 λουτρὸν
1591 1667 1869 1738 ἐκόσμησε

274 1741 382 1832 τὴν
408 1745 586 1819 ψυχὴν
635 1752 728 1803 καὶ
759 1751 820 1805 τὸ
859 1753 1038 1824 σῶμα,
1071 1755 1376 1810 ἀπολοῦσαν
1407 1759 1516 1812 πᾶν
1565 1759 1869 1832 ἁμάρτημα

1974 577 2099 632 dam
2151 575 2574 646 negotiationem
2616 570 2923 629 obeundam
2971 567 3226 634 adhibet,
3279 567 3446 622 alium
3487 565 3558 620 ad

1972 668 2224 724 nauticos
2259 681 2414 732 usus,
2448 666 2869 737 gubernatorem
2902 660 3072 716 alium
3100 658 3422 724 constituit;
3471 663 3556 710 at-

1973 775 2078 830 que
2109 760 2276 814 alium
2313 773 2514 829 prorae,
2551 757 2716 811 alium
2744 753 2909 826 puppi
2941 751 3198 825 praeﬁcit;
3227 751 3319 822 qui
3357 763 3555 820 specu-

1971 849 2118 904 landi
2171 851 2446 920 praecipua
2491 847 2724 920 quadam
2769 847 2841 903 sit
2889 843 3223 916 experientia
3272 841 3552 912 praeditus.

1971 939 2150 992 Aliun
2198 939 2348 992 velut
2394 937 2544 992 faecis
2580 937 2956 1006 merciumque
2999 934 3119 989 loco
3161 931 3342 986 habet.
3373 930 3553 984 Alium

1973 1031 2208 1100 denique
2259 1029 2648 1085 transvehendi
2703 1029 2878 1082 solum
2907 1026 3086 1098 gratia
3120 1023 3334 1094 recipit,
3381 1037 3448 1076 ne
3497 1021 3552 1074 in

1973 1119 2112 1174 mari
2150 1119 2520 1189 demergatur.
2554 1116 2664 1172 Nec
2695 1118 2806 1171 ulla
2847 1115 3074 1170 omnino
3098 1113 3419 1182 exceptione
3447 1112 3557 1164 uti-

1973 1219 2084 1276 tur,
2121 1211 2256 1266 utei
2299 1211 2392 1282 qui
2447 1218 2654 1264 tantum
2708 1223 2814 1262 non
2865 1206 3159 1278 possideat,
3195 1204 3388 1260 salutis
3411 1203 3554 1255 viam

1972 1301 2331 1368 intercludat;
2363 1303 2609 1372 quinimo
2640 1301 2711 1354 ita
2747 1297 3018 1353 universis
3057 1297 3208 1350 novit
3263 1294 3557 1349 conciliare

1972 1384 2225 1457 salutem,
2279 1403 2338 1447 ut
2382 1391 2568 1446 habita
2622 1391 2893 1463 cujusque
2940 1387 3237 1442 functionis
3268 1401 3332 1440 ac
3363 1383 3558 1440 salutis

1971 1485 2182 1538 ratione
2226 1489 2538 1539 conservet.
2587 1481 2805 1552 Alioqui
2850 1495 2950 1533 cur
2989 1479 3082 1548 qui
3130 1494 3161 1533 e
3197 1475 3401 1531 familia
3435 1474 3556 1528 Cae-

1971 1575 2112 1630 saris
2157 1581 2316 1628 erant
2345 1574 2576 1628 salutem
2606 1570 2750 1642 apud
2781 1569 3104 1642 Apostolum
3139 1568 3331 1622 dicunt
3364 1567 3421 1618 "i
3449 1568 3557 1618 Aut

1971 1665 2116 1720 unde
2146 1665 2508 1736 apostolicum
2558 1663 2692 1720 illud
2723 1662 2932 1716 dictum
2961 1679 2974 1715 :
3007 1659 3068 1716 Si
3103 1659 3221 1730 quis
3256 1667 3410 1723 putat
3447 1666 3559 1709 tur-

1969 1774 2085 1826 pem
2144 1773 2198 1811 se
2235 1755 2400 1811 videri
2429 1771 2584 1826 super
2613 1755 2812 1825 virgine
2844 1770 2964 1817 sua,
2991 1762 3040 1806 et
3079 1751 3156 1804 ita
3185 1749 3358 1820 facere
3385 1747 3559 1810 debet,

271 1829 372 1922 διὰ
401 1838 708 1922 μετανοίας.
743 1841 886 1914 Ἀρα
913 1858 978 1912 γε
1009 1843 1104 1896 καὶ
1131 1845 1224 1897 ἐπὶ
1255 1845 1354 1918 τὴν
1388 1844 1555 1902 οὖσαν
1593 1829 1866 1922 παρθένον

1977 1851 2172 1917 nubat;
2196 1865 2298 1903 non
2330 1859 2508 1917 peccat
2547 1847 2590 1900 ‘.
2627 1845 2739 1900 Hoc
2769 1845 2949 1916 ipsum
2983 1857 3134 1907 vero,
3167 1856 3276 1895 non
3331 1853 3561 1910 peccare

269 1918 341 1970 τὸ
389 1921 634 1996 χάρισμα
677 1929 995 2001 ἐφήπλωται
1038 1931 1133 1984 τοῦ
1187 1932 1579 2007 βαπτίσματος,
1631 1918 1726 1992 καὶ
1772 1940 1868 2007 ἐπί⁹

269 2011 382 2085 τὴν
436 2018 536 2070 οὐκ
578 2015 744 2074 οὖσαν
791 2022 1078 2094 παρθένον,
1112 2006 1542 2096 σφραγίζεσθαιί
1591 2006 1868 2102 ἐπείγεται

268 2104 371 2159 διὰ
397 2106 459 2160 τὺ
487 2109 712 2184 ἀϐαρές.

1973 1943 2110 1998 citra
2139 1941 2474 2012 baptismum
2505 1937 2740 1993 obtineri
2787 1952 2899 1991 non
2949 1939 3150 2006 potest.
3183 1933 3376 1987 Omnes
3417 1931 3559 1983 enim
3590 1957 3593 1962 ι

1974 2041 2343 2104 peccaverunt,
2386 2040 2434 2086 et
2487 2039 2633 2102 egent
2674 2029 2848 2102 gloria
2903 2027 3030 2090 Dei,
3067 2023 3356 2096 justi/irati
3391 2019 3595 2103 gratis_

1977 2142 2068 2194 per
2097 2125 2328 2196 gratiam
2356 2123 2401 2191 ⁸,
2435 2123 2539 2178 hoc
2571 2129 2654 2177 est
2683 2119 2938 2176 secundae
2963 2117 3196 2188 quadam
3227 2113 3430 2168 lotione
3461 2126 3558 2181 ge-

268 2204 602 2260 nerationis.
658 2205 791 2273 Quae
821 2209 1038 2278 quidem
1093 2211 1224 2266 lotio
1257 2227 1419 2269 omne
1466 2229 1563 2285 per
1595 2215 1972 2284 paenitentiam
2033 2225 2318 2289 peccatum
2371 2215 2584 2280 eluens,
2641 2213 2882 2269 animum
2923 2225 2986 2264 ac
3047 2223 3250 2278 corpus
3303 2211 3554 2260 exornat.

268 2294 647 2360 Quamobrem
691 2305 802 2356 tam
846 2301 910 2357 ad
954 2303 1218 2374 virginem
1250 2304 1506 2374 baptismi
1541 2308 1712 2377 gratia
1745 2309 2003 2376 pertinet,
2034 2325 2197 2380 quam
2234 2308 2301 2362 ad
2343 2323 2485 2374 eam,
2527 2321 2649 2378 quae
2690 2305 2842 2376 virgo
2902 2317 3012 2357 non
3069 2307 3172 2362 est,
3224 2312 3348 2370 qua:
3416 2297 3558 2352 rele-

267 2390 468 2444 vanda:
499 2391 583 2444 sui
617 2395 790 2464 gratia
821 2411 886 2450 eo
921 2413 980 2452 se
1013 2399 1292 2469 obsignari
1339 2409 1688 2456 sacramento
1721 2403 2018 2458 desiderat.

351 2483 426 2536 E’.
485 2483 645 2540 Ἀλλὰ
675 2490 748 2558 μή
778 2505 924 2552 τινες
951 2489 1111 2544 πάλιν
1139 2491 1525 2561 ὑδαρευόμενοι
1549 2493 1866 2563 νομίσωσιν,

267 2573 376 2624 ἐὰν
416 2573 662 2646 εἴπωμεν
697 2577 827 2648 περὶ
875 2581 1146 2651 παρθένου
1173 2581 1522 2648 διατάξαντος
1567 2583 1661 2636 τοῦ
1705 2584 1865 2636 Ἀπο-

270 2665 468 2719 στόλου
498 2667 556 2720 τὸ
581 2668 780 2740 γῆμαι,
815 2672 889 2744 μὴ
910 2673 1005 2744 τὴν
1036 2675 1182 2742 ἅπαξ
1212 2676 1472 2749 όρίσασαν
1500 2676 1868 2748 παρθενεῦσαι

268 2758 398 2829 Θεῷ
420 2762 775 2816 κατασπάσαι
805 2764 899 2817 τοῦ
921 2765 1052 2818 ἰδίου
1077 2767 1278 2838 δρόμου
1306 2768 1627 2841 βουλόμενος
1646 2770 1674 2820 ὁ
1710 2767 1870 2820 ’Λπό-

270 2854 468 2918 στολος
497 2856 669 2908 ταῦτα
707 2856 1009 2924 διετάξατο.
1067 2861 1140 2914 Οὐ
1165 2861 1275 2932 γὰρ
1313 2863 1440 2933 περὶ
1474 2861 1680 2914 τούτων
1713 2862 1740 2913 ό
1785 2860 1872 2914 λό-

271 2963 395 3017 γος,
419 2945 554 3001 ἀλλὰ
583 2965 648 3000 πε
657 2949 710 3020 ρὶ
729 2943 1012 3022 παρθένων
1035 2952 1370 3024 ὑπεράκμων
1396 2953 1504 3007 τῶν
1535 2954 1594 3006 οὐ
1620 2953 1706 3006 διὰ
1737 2971 1871 3023 παρ-

268 3040 464 3094 θενίαν
499 3042 554 3092 ἐν
584 3044 650 3112 τῇ
685 3043 834 3114 ἀκμῇ
868 3045 1322 3114 παραμεινασῶν,
1355 3045 1494 3108 ἀλλὰ
1524 3046 1614 3100 διὰ
1638 3047 1700 3098 τὸ
1735 3048 1870 3115 ἠπο-

2043 2494 2108 2548 V.
2151 2493 2347 2549 Verum
2390 2509 2456 2548 ne
2489 2491 2644 2548 diluti
2697 2489 2927 2545 nimium
2959 2497 3011 2543 et
3055 2485 3276 2556 insipidi
3309 2483 3559 2539 homines

1971 2585 2309 2650 existiment,
2361 2599 2484 2638 cum
2538 2581 2862 2654 Apostolutn
2902 2579 3138 2657 dicimus
3179 2577 3400 2646 nuptias
3445 2574 3558 2628 vir-

1973 2677 2086 2750 gini
2116 2676 2544 2747 praescripsisse,
2572 2672 2762 2727 eodem
2790 2671 3014 2726 decreto
3061 2676 3114 2724 et
3145 2667 3292 2721 illam
3336 2667 3562 2735 insuper

1977 2770 2044 2824 de
2073 2767 2354 2822 curriculo
2399 2782 2498 2820 suo
2533 2764 2771 2834 dejicere
2814 2761 3074 2826 voluisse,
3109 2775 3229 2830 quae
3273 2757 3562 2827 virginita-

1977 2867 2086 2915 tem
2141 2858 2250 2914 Deo
2300 2859 2468 2913 semel
2507 2869 2833 2911 consecrare
2871 2852 3144 2909 statuerit.
3184 2849 3372 2920 Neque
3414 2847 3560 2902 enim

1977 2949 2044 3004 ad
2091 2965 2185 3004 eas
2229 2949 2566 3018 apostolicus
2599 2947 2690 3000 ille
2723 2959 2906 3000 sermo
2949 2941 3269 2997 referendus
3311 2947 3416 3005 cst,
3467 2936 3563 2994 sed

1979 3039 2042 3094 ad
2073 3039 2260 3095 effetas
2306 3039 2568 3109 virgines,
2599 3052 2720 3108 qua:
2738 3050 2845 3088 non
2873 3049 3058 3088 amore
3082 3032 3430 3103 virginitatis,
3467 3029 3563 3084 sed

273 3132 510 3203 ρηκέναι
551 3132 759 3204 ἀνδρῶν
794 3133 930 3203 πρῦς
958 3135 1158 3205 γάμον.
1219 3135 1310 3200 Ἐξ
1347 3135 1614 3190 Ἰουδαίων
1645 3136 1753 3208 γὰρ
1788 3137 1872 3208 ὀρ-

1977 3132 2298 3185 maritorum
2349 3129 2556 3200 inopia,
2584 3129 2640 3182 in
2685 3128 2778 3181 illo
2825 3141 2926 3180 suo
2961 3125 3150 3196 vigore
3199 3121 3560 3194 perstiterint.

273 3223 524 3295 μιῦμενοι
547 3225 597 3276 οἰ
630 3225 940 3296 άπόστολοι,
964 3227 1058 3279 καί
1085 3226 1227 3280 κατὰ
1244 3227 1336 3280 τὸν
1363 3227 1525 3299 νόμον
1551 3228 1870 3283 πολιτευσά-

272 3334 457 3388 μενοι,
490 3317 589 3389 τὴν
633 3317 807 3390 ἀρχὴν
841 3317 934 3371 τοῦ
989 3317 1342 3389 κηρύγματος
1388 3319 1736 3391 ἐποιήσαντο,
1780 3320 1870 3372 θε-

273 3409 440 3476 σμοῖς
473 3405 552 3460 έτι
583 3407 938 3479 κατεχόμενοι
966 3411 1078 3472 τοῖς
1108 3409 1164 3461 ἐν
1197 3408 1274 3480 τῷ
1306 3409 1477 3480 νόμῳ,
1509 3413 1570 3463 οὐ
1605 3411 1746 3464 κατὰ
1775 3411 1872 3482 τὴν

273 3497 486 3570 σαρκὸς
522 3497 826 3563 δικαίωσιν,
877 3499 1014 3552 ἀλλὰ
1047 3499 1190 3553 κατὰ
1219 3500 1318 3572 τὴν
1345 3501 1559 3573 ἐμμελῆ
1585 3501 1678 3555 τοῦ
1707 3503 1872 3574 νόμου

270 3589 581 3658 ἀσφάλειαν
609 3591 701 3644 καὶ
727 3589 1131 3670 ἀκριϐολογίαν.
1185 3591 1527 3662 Θαυμαστῶς
1573 3594 1873 3666 ἐκήρυττεν

269 3683 302 3734 ὁ
344 3680 528 3752 νόμος,
561 3681 636 3752 μὴ
662 3681 848 3735 δοῦναι
871 3682 966 3748 τὰς
1001 3682 1308 3752 θυγατέρας
1344 3683 1562 3755 Ἰσραὴλ
1587 3687 1699 3746 τοῖς
1720 3683 1877 3738 ἀλλο-

272 3770 492 3840 φύλοις,
529 3772 616 3824 ἶνα
669 3773 742 3844 μὴ
789 3773 1178 3826 ὰποπλανῶσιν
1222 3772 1392 3836 αὐτὰς
1432 3773 1525 3826 ἐπὶ
1555 3772 1618 3826 τὰ
1657 3773 1871 3828 εἴδωλα.

275 3863 560 3926 Ἕκαστος
603 3866 781 3917 τοίνυν
815 3863 922 3918 τῶν
964 3865 1372 3920 πιστευσάντων
1418 3866 1540 3919 τότε
1569 3869 1874 3938 atposset/tr—

268 3971 406 4009 τετο
420 3955 603 4008 οὐκέτι
628 3955 904 4020 Ἰουδαίοις
925 3956 1229 4010 ἐκδίδοσθαι
1245 3955 1344 4028 τὴν
1365 3955 1560 4010 ἑαυτοῦ
1585 3957 1873 4028 παρθένον,

271 4046 420 4130 arma:
445 4049 794 4116 Χριστιανοῖς
815 4049 1092 4120 ὁμοδόξοις
1131 4051 1226 4103 καί
1247 4047 1618 4120 ὁμογνώμοσι.
1652 4049 1793 4104 Νέου
1818 4050 1875 4103 δὲ

271 4141 437 4204 ὄντος
463 4139 557 4193 τοῦ
578 4139 952 4212 κηρύγματος,
979 4141 1132 4195 οὗπω
1163 4141 1365 4213 πλῆθος
1397 4142 1536 4194 κατὰ
1559 4141 1724 4196 τόπον
1743 4143 1878 4212 Χρι-

273 4231 518 4287 στιανῶν
551 4233 764 4304 ὑπῆρχε
811 4233 902 4287 καί
929 4234 1318 4306 Χριστιανικῆς
1356 4234 1722 4298 διδασκαλίας.
1783 4234 1879 4290 Οἶ-

271 4343 428 4388 τινες
457 4322 550 4378 οῦν
582 4325 704 4377 τότε
740 4325 898 4397 ἔσχον
927 4325 1232 4400 θυγατέρας
1263 4327 1584 4398 παρθένους,
1617 4327 1692 4400 μὴ
1718 4330 1878 4382 εὐπο-

275 4416 507 4491 ροῦντες
544 4417 848 4473 ἐκδίδοσθαι
883 4420 1250 4490 Χριστιανοῖς,
1285 4419 1580 4488 ἐφύλαττον
1619 4419 1717 4484 τὰς
1744 4422 1869 4474 ἑαυ-

269 4510 392 4564 τῶν
418 4509 720 4582 παρθένους
765 4509 892 4586 ἄχρι
945 4509 1138 4564 πολλοῦ
1162 4509 1256 4564 τοῦ
1287 4511 1502 4582 χρόνου.
1552 4511 1785 4565 Ἑκεῖναι
1819 4513 1875 4566 δὲ

271 4603 776 4675 ὑπερακμάζουσαι
827 4603 1184 4676 περιέπιπτον
1215 4605 1442 4676 πορνείᾳ
1482 4604 1570 4659 διὰ
1598 4606 1697 4677 τὴν
1733 4605 1876 4660 κατὰ

270 4698 448 4770 φύσιν
485 4697 751 4768 ἀνάγκην.
813 4699 872 4750 Ὀ
904 4696 1034 4766 γοῦν
1083 4697 1429 4763 Ἀπόστολος,
1465 4698 1610 4768 ὀρῶν
1655 4699 1716 4750 τὸ
1748 4699 1874 4752 ἐπι-

270 4793 480 4862 ζήμιον
523 4791 611 4845 διὰ
659 4791 760 4862 τῆς
807 4791 1192 4860 ἀκριϐολογίας
1242 4791 1560 4862 συμϐαῖνον,
1606 4789 1874 4862 ἐπέτρεψε

269 4883 487 4950 λέγων·
513 4884 583 4937 El
607 4880 674 4934 δέ
708 4897 798 4947 τις
829 4882 1121 4945 ,βούλεται
1151 4881 1265 4949 τὴν
1303 4881 1521 4942 ἑαυτοῦ
1547 4881 1872 4951 παρθένον.

268 4977 394 5032 Καὶ
429 4975 528 5030 οὐκ
566 4970 707 5028 sine:
766 4975 877 5044 Τὴν
917 4973 1054 5026 ἰδίαν
1102 4974 1420 5044 παρθενίαν.
1459 4975 1532 5028 Οὐ
1581 4974 1690 5048 γὰρ
1747 4975 1876 5045 περί

269 5065 378 5120 τοῦ
423 5065 558 5119 ἰδίου
613 5065 864 5138 σώματος
907 5064 1114 5135 ἔλεγεν,
1169 5065 1305 5119 ἀλλὰ
1352 5067 1480 5136 περί
1527 5066 1735 5137 πατρὸς
1777 5083 1879 5135 φυ-

271 5158 577 5222 λάσσοντος
619 5157 943 5230 παρθενίαν.
993 5159 1056 5211 Εἰ
1093 5157 1151 5210 δὲ
1193 5155 1310 5226 τὴν
1331 5157 1548 5211 ἑαυτοῦ
1575 5157 1876 5227 παρθένον

269 5251 344 5305 τὸ
392 5249 519 5304 ἴδιον
571 5250 732 5320 σῶμα
775 5249 944 5320 λέγει,
998 5250 1150 5302 οὐδὲν
1197 5249 1452 5305 κωλύσει.
1515 5252 1682 5320 Φησίν
1736 5247 1828 5304 οὖν
1857 5267 1869 5280 ο

275 5342 586 5408 Ἕστηκεν
628 5341 876 5409 ἑδραίως
927 5341 997 5394 ἐν
1047 5341 1124 5406 τῷ
1169 5341 1298 5406 ἰδίῳ
1348 5339 1464 5406 νῷ,
1540 5341 1638 5394 καί
1699 5341 1876 5395 τοῦτο

273 5431 514 5500 ὀφείλει
541 5429 826 5499 ποιῆσαι·
858 5431 1129 5501 γαμείτω,
1161 5430 1352 5502 φησίν
1384 5433 1497 5500 οὐχ
1529 5429 1870 5500 ἁμαρτάνει.

271 5525 336 5580 Γ
335 5523 575 5592 αμείτω,
601 5522 726 5576 οὐδ’
755 5523 832 5578 ἂν
851 5522 1222 5592 εὐποροῖεν²-
1253 5526 1366 5592 οὐχ
1389 5521 1731 5592 ἁμαρτάνει.
1765 5521 1877 5576 Καὶ

271 5613 376 5672 διὰ
403 5623 586 5681 τοῦτο,
631 5613 876 5670 Δέδεσαι
913 5617 1152 5686 γυναικί
1163 5633 1184 5681 ;
1229 5615 1315 5686 μὴ
1345 5614 1498 5682 (tiret
1529 5615 1737 5670 λύσιν.
1773 5611 1880 5668 Λέ-

361 5733 378 5765 ¹
407 5731 468 5787 F.
501 5733 622 5804 ἥτις
653 5750 856 5804 σγφραγ.

938 5736 958 5766 ³
1001 5733 1126 5790 Cor.
1185 5725 1248 5788 οὗ
1289 5733 1333 5788 δ’
1360 5734 1426 5788 ἂν
1455 5734 1733 5806 εὐποροίη.

277 5811 308 5846 ο
335 5802 356 5856 ι
387 5783 536 5859 ιῐίὲτῧ
552 5783 755 5868 sese
766 5783 927 5874 "ea...

1817 5733 1836 5764 ³
1862 5729 2098 5801 Philipp.
2135 5745 2204 5795 tv,
2235 5725 2323 5779 Ἦ..

1976 3219 2188 3276 Etenim
2233 3221 2467 3291 apostoli
2497 3236 2527 3275 e
2570 3218 2774 3274 Judaeis
2817 3217 3060 3283 oriundi,
3097 3229 3397 3284 eorumque
3431 3213 3566 3282 h-gi-
3635 3249 3649 3261 .

1979 3313 2082 3370 bus
2121 3314 2378 3378 instituti,
2413 3311 2488 3366 ita
2528 3311 2856 3366 Christiana:
2901 3309 3182 3381 religionis
3217 3306 3563 3379 praedicatio-

1977 3423 2102 3462 nem
2153 3388 2397 3478 aggressi
2447 3403 2609 3480 510
2666 3411 2816 3468 sunt,
2872 3413 2932 3456 ut
2971 3400 3168 3457 veteris
3199 3399 3376 3454 adhuc
3431 3397 3564 3468 legis

1978 3499 2356 3556 sanctionibus
2391 3505 2578 3554 essent
2611 3495 2884 3562 obstricti,
2919 3494 3082 3564 idque
3115 3493 3292 3564 ipsum
3340 3506 3448 3545 non
3493 3491 3562 3544 ad

1975 3589 2424 3662 justiﬁcationem
2480 3587 2686 3652 carnis,
2738 3584 2834 3640 sed
2889 3583 2958 3638 ad
3014 3581 3344 3637 concinnam
3401 3586 3566 3648 atque

1979 3691 2162 3754 aptam
2215 3681 2348 3748 legis
2394 3678 2871 3740 observationem,
2924 3681 3348 3744 aceuratamque
3404 3669 3566 3726 cilicii

1981 3777 2274 3842 rationem,
2310 3763 2624 3828 faciendum
2657 3771 2762 3826 sibi
2794 3785 2916 3824 esse
2945 3769 3242 3823 duxerunt.
3283 3763 3564 3836 Siquidem

1982 3867 2179 3923 mirum
2224 3867 2281 3921 in
2311 3867 2534 3921 modum
2564 3864 2670 3934 hoc
2719 3861 2946 3931 antiqua
2990 3862 3108 3931 lege
3140 3859 3458 3922 cavebatur,
3497 3871 3568 3911 ne

1979 3959 2354 4016 lsraelitarum
2411 3955 2534 4010 lilia:
2577 3958 2784 4012 exteris
2829 3953 3146 4008 nationibus
3193 3951 3564 4013 elocarcntur,

1981 4063 2041 4108 ut
2069 4067 2138 4108 ne
2162 4051 2312 4121 ipsas
2342 4047 2411 4102 ad
2447 4047 2868 4105 simulacrorum
2919 4045 3124 4100 cultum
3166 4041 3563 4112 pertraherent.

1979 4144 2168 4215 itaque
2197 4142 2436 4196 ﬁdelium
2472 4140 2670 4210 cuique
2699 4155 2792 4210 per
2825 4136 2957 4190 illud
2996 4145 3208 4205 tempus
3234 4140 3564 4204 praeceptum

1979 4243 2118 4302 erat,
2151 4250 2219 4290 ne
2255 4233 2380 4302 quis
2429 4232 2593 4286 tiliam
2629 4246 2784 4286 suam
2820 4227 3086 4298 virginem
3129 4224 3334 4296 Iudaeis
3364 4223 3421 4278 in
3450 4237 3566 4277 ma-

1981 4325 2299 4380 trimonium
2352 4322 2544 4387 daret,
2607 4322 2700 4376 sed
2748 4318 3078 4374 Christianis
3119 4315 3417 4379 duntaxat,
3471 4316 3565 4384 qui

1981 4416 2171 4470 eadem
2231 4414 2489 4484 religione
2539 4418 2725 4467 essent
2791 4426 2857 4465 ac
2918 4407 3188 4464 sententia
3256 4405 3561 4475 conjuncti.

1982 4508 2230 4580 Cumque
2258 4522 2399 4561 nova
2425 4513 2554 4562 tunc
2585 4511 2729 4558 esset
2760 4501 3036 4572 Evangelii
3069 4499 3405 4571 praedicatio,
3451 4512 3563 4552 non

1987 4613 2180 4669 magna
2218 4597 2418 4668 ubique
2463 4595 2904 4650 Christianorum
2951 4600 3090 4659 erat,
3133 4589 3570 4660 Cltrislianmque

1985 4688 2248 4744 doctrinae
2287 4689 2463 4758 copia.
2501 4685 2680 4754 Quare
2711 4685 2910 4756 quibus
2956 4685 3078 4738 tiliae
3119 4683 3359 4754 virgines
3387 4693 3567 4748 erant,

1985 4798 2109 4838 cum
2145 4780 2542 4848 Christianum,
2571 4781 2660 4833 cui
2691 4773 3050 4840 collocarent,
3081 4775 3354 4830 neminem
3401 4773 3568 4830 babe-

1985 4883 2130 4938 rent,
2161 4874 2383 4928 easdem
2417 4872 2540 4927 illas
2583 4871 2824 4941 virgines
2868 4867 3180 4923 diutissime
3225 4865 3521 4921 servabant
3553 4887 3565 4921 :

1985 4980 2107 5035 quae
2137 4971 2405 5017 maturam
2450 4969 2662 5016 aetatem
2691 4972 3090 5032 praetergressae
3122 4957 3466 5012 naturalibus
3500 4957 3568 5012 ad

1986 5065 2176 5126 stupra
2234 5053 2477 5110 libidinis
2543 5053 2784 5108 stimulis
2843 5051 3235 5106 incitabanlur.
3303 5047 3458 5104 Unde
3516 5059 3569 5104 et

1985 5148 2304 5220 Apostolus,
2340 5163 2464 5201 cum
2500 5161 2568 5201 ex
2601 5155 2858 5200 accurata
2889 5144 2979 5198 illa
3007 5144 3217 5197 ratione
3253 5141 3566 5196 detrimenti

1983 5239 2279 5313 plurimum
2308 5235 2492 5292 aﬂ'erri
2521 5237 2754 5302 videret,
2792 5236 2860 5290 iis
2893 5235 3073 5289 verbis
3103 5233 3328 5287 indulsit
3361 5249 3374 5286 :
3409 5231 3562 5298 Quod

1984 5335 2031 5388 si
2049 5333 2163 5404 quis
2187 5331 2439 5400 virginem
2458 5345 2610 5382 suam
2637 5328 2753 5381 velit
2775 5329 2814 5380 δ.
2844 5324 2963 5380 Non
2988 5325 3123 5380 dixit
3150 5323 3565 5394 :Virginitatem

1985 5439 2164 5480 suam.
2205 5421 2394 5491 Neque
2457 5419 2602 5476 enim
2651 5417 2720 5472 de
2759 5417 2982 5488 proprio
3029 5430 3299 5486 corpore;
3353 5413 3450 5469 sed
3500 5413 3567 5468 de

1985 5523 2139 5586 patre
2173 5511 2505 5583 virginitatis
2537 5509 2765 5566 custode
2820 5509 3162 5577 loquebatur.
3225 5505 3332 5562 Sed
3369 5505 3416 5560 si
3467 5505 3560 5558 vir-

1985 5609 2156 5680 ginem
2185 5621 2341 5661 suam
2372 5603 2651 5676 pr0prium
2698 5616 2900 5672 corpus
2930 5601 3203 5672 appellare
3247 5600 3564 5656 dixerim-.15.

2405 5724 2424 5758 ἰ
2457 5722 2476 5778 l
2509 5721 2634 5776 Cor.
2678 5735 2774 5784 vn,
2832 5719 2921 5774 '56.
3001 5720 3020 5750 ⁸
3050 5717 3208 5774 Rom.
3241 5735 3322 5785 tu,
3346 5715 3441 5784 ‘23,
3474 5713 3540 5770 ’δί
