4046 6430
320 382 466 444 1049

955 383 1335 444 ADVERSUS
1376 384 1721 441 IIAZRESES
1759 382 1883 440 LIB.
1930 387 1991 443 ll.
2029 380 2194 442 ΤΟΜ.
2235 385 2276 443 l.
2320 414 2390 428 -—
2438 385 2715 443 HIERES.
2758 384 2896 443 LXI.

3452 385 3591 446 i050

397 503 467 556 Z'.
492 500 884 573 Γαμείτωσαν
905 501 1103 565 τοίνυν,
1126 504 1686 574 τεκνογονείτωσαν,
1700 506 1905 560 οἰκοδε-

2095 503 2202 559 Vll.
2244 502 2389 575 Ergo
2412 504 2504 559 illa
2534 504 2777 574 Apostoli
2803 502 2966 558 verba
2999 543 3014 569 ,
3041 497 3277 569 Nubant,
3298 504 3437 573 ﬁlios
3467 523 3594 577 pro-

320 592 767 657 σποτείτωσαν,
796 591 1061 664 σύντομος
1090 594 1185 647 καὶ
1207 596 1372 665 μέσος
1393 598 1421 649 ὁ
1444 595 1602 665 λόγος
1631 597 1772 651 κατὰ
1797 598 1907 652 τῶν

320 686 397 741 τὰ
431 685 614 756 φαῦλα
646 684 1042 766 διανοουμένων
1071 688 1202 759 περὶ
1232 688 1414 760 πάσης
1446 690 1909 763 ἐκκλησιαπικῆς

318 775 423 829 τοῦ
452 772 807 846 κηρύγματος
828 774 1160 841 ὑποθέσεως
1185 778 1641 850 παρεκϐάλλουσα
1668 782 1766 853 μὲν
1783 783 1909 845 τοὺς

319 864 584 933 λέγοντας
624 864 852 927 ἑαυτοὺς
892 864 1310 930 Ἀποστολικοὺς
1364 868 1457 921 καὶ
1525 869 1905 941 Ἐγκρατίτας,

322 954 783 1027 παρεκὸάλλουσα
802 956 927 1019 τοὺς
951 955 1378 1027 ὑδαρευομένους
1402 959 1460 1010 ἐν
1482 960 1548 1029 τῇ
1590 959 1905 1031 Ἐκκλησία,

319 1050 425 1103 καὶ
476 1047 865 1112 άναπείθοντας
914 1051 1148 1117 γυναῖκα
1212 1050 1229 1080 ³
1271 1049 1379 1103 ἀπὸ
1446 1051 1654 1104 τελείου
1706 1051 1906 1123 δρόμου

320 1135 769 1206 ἀναχαλασθέντα
799 1136 1013 1190 ἀθετεῖν
1049 1137 1149 1208 τὴν
1178 1138 1436 1209 τοιαύτην
1464 1139 1557 1192 τοῦ
1592 1140 1792 1211 δρόμου
1821 1158 1908 1192 τε·-

319 1229 596 1300 λειὸτητα.
628 1229 741 1282 Καὶ
767 1228 881 1299 ἔχει
916 1229 1017 1299 μὲν
1053 1229 1328 1301 ἁμαρτίαν
1358 1231 1453 1283 καὶ
1488 1233 1661 1303 κρῖμα
1702 1234 1731 1284 ὁ
1782 1232 1909 1285 άθε-

316 1320 500 1390 στήσας
549 1317 683 1373 Θεοῦ
740 1320 843 1389 τὴν
897 1319 1216 1391 παρθενίαν,
1267 1322 1363 1375 καὶ
1424 1322 1789 1394 καταισχύνας
1818 1323 1909 1377 τὸν

318 1409 538 1477 ἀγῶνα.
573 1409 961 1482 Παραφθείρας
990 1410 1100 1482 γάρ
1139 1412 1326 1480 ἀγῶνα
1357 1413 1386 1465 ὁ
1415 1412 1675 1484 ἀθλητὴς,
1719 1431 1910 1484 μαστι-

318 1500 479 1571 χθεὶς
515 1500 837 1555 ἐκϐάλλεται
865 1501 958 1555 τοῦ
994 1502 1224 1571 ἀγῶνος.
1263 1503 1375 1557 Καὶ
1414 1504 1795 1578 παραφθείρας
1825 1523 1909 1569 τις

319 1590 659 1660 παρθενίαν,
710 1591 1035 1645 ἐκϐάλλεται
1090 1591 1183 1646 τοῦ
1240 1593 1486 1648 τοιούτου
1535 1594 1760 1667 δρόμου,
1815 1596 1909 1649 καὶ

321 1683 619 1752 στεφάνου,
651 1684 749 1737 καὶ
783 1684 1059 1757 βραϐείου.
1102 1685 1264 1740 Ἀλλὰ
1293 1688 1540 1758 κρεῖττόν
1572 1690 1689 1741 ἐστι
1734 1692 1908 1760 κρῖμα

318 1776 424 1835 καίΙ
463 1775 538 1847 μὴ
577 1779 915 1850 κατάκριμα.
964 1782 1026 1833 0i
1067 1778 1176 1852 γὰρ
1213 1780 1304 1834 διὰ
1353 1779 1414 1833 τὸ
1449 1780 1524 1852 μὴ
1554 1782 1906 1852 αἰσχυνθῆναι

306 1866 442 1928 τοῖς
497 1866 807 1939 ἀνθρώποις
855 1870 1040 1941 κρυφῆ
1070 1869 1447 1943 πορνεύοντες,
1507 1872 1717 1926 ποιοῦσι
1772 1890 1907 1945 πορ-

317 1961 481 2025 νείας
506 1963 549 2023 ³,
585 1960 618 2030 ἢ
649 1960 961 2031 μονότητος,
991 1961 1024 2030 ἢ
1058 1962 1407 2033 ἐγκρατείας,
1439 1964 1503 2017 ού
1536 1963 1672 2035 πρὸς
1698 1962 1909 2034 ἀνθρὼ-

319 2068 466 2116 πους
498 2050 681 2121 ἔχουσι
707 2050 806 2122 τὴν
830 2051 1142 2121 ὁμολογίαν,
1179 2052 1314 2107 ἁλλὰ
1340 2054 1474 2125 πρὸς
1512 2055 1647 2109 Θεὸν
1695 2055 1787 2109 τὸν
1830 2057 1908 2109 εί·-

315 2143 455 2197 δότα
488 2142 556 2196 τά
608 2143 835 2215 κρύφια,
879 2144 973 2198 καὶ
1005 2143 1358 2217 ἐξελέγχοντα
1406 2149 1586 2200 πᾶσαν
1628 2148 1807 2220 σάρκα
1849 2149 1907 2201 ἐν

317 2236 394 2304 τῇ
452 2233 617 2288 αὐτοῦ
689 2235 995 2306 παρουσίᾳ,
1061 2236 1189 2306 περὶ
1249 2229 1326 2292 ὧν
1378 2237 1610 2303 ἕκαστος
1665 2240 1902 2310 ἥμαρτε.

316 2327 591 2397 Κρεῖττον
622 2325 799 2381 τοίνυν
827 2326 972 2397 ἔχειν
1008 2328 1281 2399 ἁμαρτίαν
1315 2329 1467 2399 μίαν,
1495 2337 1591 2383 καὶ
1618 2330 1692 2403 μὴ
1715 2347 1907 2404 περισ-

322 2416 576 2488 σοτέρας.
634 2416 897 2486 Κρεῖττον
952 2416 1188 2469 πεσόντα
1242 2416 1349 2469 ἀπὸ
1406 2416 1604 2491 δρόμου
1658 2419 1909 2490 φανερῶς

319 2508 507 2579 ἐαυτῷ
537 2507 720 2562 λαϐεῖν
758 2510 993 2577 γυναῖκα
1029 2509 1173 2563 κατὰ
1197 2509 1379 2579 νόμον,
1415 2510 1509 2563 καὶ
1544 2511 1656 2564 ἀπὸ
1701 2510 1907 2582 παρθε-

319 2600 449 2663 νίας
479 2599 660 2671 πολλῷ
701 2601 877 2673 χρόνῳ
911 2601 1345 2672 μετανοήσαντα,
1386 2601 1706 2672 εἰσαχθῆναι
1748 2602 1909 2657 πάλιν

317 2694 409 2757 είς
457 2691 556 2764 τὴν
613 2691 975 2765 Ἐκκλησίαν,
1022 2692 1099 2755 ὡς
1145 2691 1331 2756 κακῶς
1371 2693 1781 2765 ἐργασάμενον,
1834 2695 1909 2759 ὡς

320 2786 742 2858 παραπεσόντα,
768 2784 861 2838 καὶ
901 2783 1223 2850 κλασθέντα,
1248 2783 1343 2838 καὶ
1372 2784 1560 2855 χρείαν
1578 2784 1773 2855 ἔχοντα
1797 2787 1911 2838 ἐπι-

317 2880 580 2950 δέματος,
613 2878 707 2934 κοιλ⁵
749 2877 824 2952 μὴ
858 2878 980 2934 καθ’
1021 2878 1259 2948 ἑκάστην
1303 2876 1516 2947 ἡμέραν
1551 2875 1731 2945 βέλεσι
1773 2894 1907 2947 κρυ-

320 2972 474 3042 φίοις
503 2970 1066 3042 κατατιτρώσκεσθαι,
1094 2968 1188 3024 καὶ
1222 2969 1487 3039 πονηρίας
1522 2966 1627 3020 ὑπὸ
1661 2966 1908 3020 διαϐόλου

320 3062 478 3135 αὐτῷ
510 3056 935 3135 ἐπιφερομένης.

396 3329 480 3384 H'.
506 3326 692 3391 Οὕτως
715 3322 854 3380 οἶδεν
889 3327 923 3397 ἡ
954 3324 1249 3397 Ἐκκλησία
1282 3323 1593 3397 κηρύττειν.
1635 3321 1820 3376 Ταῦτα
1842 3319 1911 3373 τά

319 3422 596 3492 φάρμακα
631 3419 730 3490 τῆς
761 3418 956 3483 ίάσεως
976 3432 990 3447 ⁸
1024 3418 1199 3472 ταῦτα
1229 3417 1299 3471 τὰ
1321 3417 1433 3488 εῐδη
1461 3416 1563 3487 τῆς
1595 3412 1908 3487 μυρεψικῆς

316 3511 625 3584 ἐργασίας·
674 3508 814 3581 αὕτη
855 3511 888 3581 ἡ
931 3507 1245 3563 κατασκευὴ
1286 3507 1381 3561 τοῦ
1430 3507 1586 3575 ἁγίου
1632 3503 1811 3559 ἐλαίου
1852 3504 1908 3555 ἐν

317 3604 404 3675 τῷ
435 3603 612 3675 νόμῳο
651 3602 789 3673 αὓτη
822 3604 856 3674 η
888 3601 1313 3673 ἁρωματίζουσα
1357 3598 1498 3670 καλὴ
1537 3600 1753 3663 πίστις,
1790 3599 1908 3649 ἐπι-

318 3698 632 3768 σφίγγουσα
685 3697 786 3769 μὲν
820 3698 911 3751 τὸν
964 3695 1229 3749 ἀθλοῦντα
1252 3696 1334 3759 είς
1380 3692 1596 3764 ἀγῶνα,
1642 3694 1907 3762 ἐπικηρυ-

316 3790 593 3861 κευομένη
636 3789 693 3843 δὲ
744 3787 894 3859 αὑτῷ
932 3788 1191 3842 διατεῖναι
1224 3786 1317 3840 τὸν
1364 3785 1584 3856 δρόμον,
1639 3785 1787 3845 ὅπως
1818 3782 1906 3836 δυ-

314 3880 460 3952 νηθῇ
497 3879 945 3950 στεφανωθῆναι·
983 3878 1123 3951 αὕτη
1155 3881 1188 3950 ἡ
1229 3876 1321 3931 τοῦ
1356 3876 1488 3930 Θεοῦ
1528 3873 1903 3947 πραγματεία,

314 3973 534 4035 πάντας
583 3972 891 4040 συνάγουσα
927 3972 1008 4034 είς
1046 3969 1146 4042 τὴν
1187 3968 1472 4040 βασιλικὴν
1509 3965 1774 4031 διάταξιν,
1809 3965 1905 4018 καὶ

313 4063 611 4135 πορφύραν
643 4063 743 4134 μὲν
772 4062 883 4117 άπὸ
910 4062 1204 4134 θαλάσσης,
1232 4061 1327 4115 καὶ
1367 4060 1513 4132 ἔριον
1553 4059 1661 4113 ἀπὸ
1699 4057 1905 4126 προϐά-

312 4171 437 4218 του,
463 4154 560 4209 καὶ
591 4154 734 4207 λίνον
761 4154 825 4207 ἐκ
852 4153 978 4224 γῆς,
1012 4153 1107 4207 καὶ
1146 4151 1367 4222 βύσσον,
1403 4151 1499 4205 καὶ
1529 4152 1774 4223 σηρικδν,
1812 4152 1905 4205 καὶ

310 4245 567 4320 δέρματα
591 4245 1110 4317 ἠρυθροδανωμένα,
1141 4244 1239 4298 καλ⁹
1264 4243 1412 4298 λίθον
1443 4244 1622 4315 τίμιον
1647 4245 1739 4299 τὸν
1764 4244 1900 4316 σμά-

316 4340 539 4413 ραγδον,
571 4337 782 4393 καὶτὸν
813 4338 1178 4409 μαργαρίτην,
1217 4336 1309 4389 τὸν
1353 4337 1583 4409 ἁχάτην,
1636 4340 1748 4401 τοῖς
1806 4337 1904 4408 μὲν

310 4430 573 4503 χρώμασι
613 4428 1023 4492 διαλλάττοντας
1072 4428 1272 4496 λίθους,
1324 4431 1390 4500 τῇ
1447 4427 1504 4481 δὲ
1546 4430 1679 4499 τιμῇ
1713 4427 1901 4499 ὁμοτί-

2011 604 2204 662 creent,
2239 594 2463 664 familia:
2487 612 2670 648 curam
2699 595 2926 649 habeant
2946 594 2986 659 ³,
3022 594 3205 650 brevis
3251 602 3331 649 est
3370 612 3435 650 ac
3476 613 3592 653 meo

2009 686 2137 743 dius
2165 687 2432 744 adversus
2460 688 2582 744 illos
2609 702 2812 755 sermo,
2848 686 2941 757 qui
2974 686 3042 741 de
3071 686 3218 741 omni
3254 688 3592 743 ecclesiasti-

2010 793 2090 833 cae
2139 779 2402 834 doctrina:
2448 794 2646 850 genere
2694 793 2977 849 perperam
3026 778 3169 847 apud
3219 794 3279 834 se
3325 781 3588 851 cogitant.

2010 870 2142 936 Quae
2196 869 2417 938 quidem
2460 871 2711 926 doctrina
2756 885 2851 926 eos
2902 885 3095 926 omnes
3131 871 3360 941 respuit,
3393 872 3485 942 qui
3531 888 3592 927 se

2008 962 2378 1032 Apostolicos,
2434 969 2489 1019 et
2529 962 2844 1018 Encratitas
2894 962 3179 1017 nominant
3216 982 3229 1017 :
3265 979 3479 1018 necnon
3538 974 3594 1019 et

2011 1054 2158 1118 illos,
2192 1054 2285 1125 qui
2318 1055 2373 1109 in
2407 1054 2652 1111 Ecclesia
2695 1055 2975 1111 molliores
3004 1054 3409 1124 quodammodo
3437 1062 3588 1120 sunt,

2011 1146 2216 1217 quique
2248 1147 2571 1205 mulieribus
2614 1148 2971 1220 persuadent,
3002 1156 3064 1202 ut
3088 1146 3157 1202 de
3200 1146 3426 1216 perfecti
3471 1162 3593 1202 cur-

2011 1252 2108 1293 sus
2157 1238 2515 1293 contentione
2565 1238 2903 1293 remittentes
2948 1252 3069 1293 eam
3115 1236 3289 1306 ipsam
3343 1234 3590 1291 funditus

2010 1327 2292 1398 abjiciant.
2323 1328 2523 1384 Verum
2579 1335 2803 1396 peccato
2852 1342 2912 1382 se
2959 1341 3023 1381 ac
3065 1326 3295 1397 judicio.
3325 1327 3590 1397 implicat,

2010 1418 2263 1488 quisquis
2289 1416 2384 1472 Dei
2418 1416 2786 1488 virginitatem
2834 1415 2974 1470 tollit
3004 1430 3035 1470 e
3066 1414 3268 1480 medio,
3298 1430 3362 1470 ac
3410 1423 3592 1470 certa-

2011 1509 2145 1564 mini
2196 1508 2551 1579 ignominiam
2599 1506 2914 1563 consciscit.
2942 1503 3042 1571 Qui
3082 1506 3226 1560 enim
3274 1522 3341 1562 ex
3372 1506 3592 1563 athletis

2010 1598 2330 1656 certaminis
2356 1600 2503 1669 leges
2529 1598 2721 1666 violat,
2762 1613 2888 1653 cum
2923 1597 3250 1653 verberibus
3284 1612 3313 1651 a
3343 1601 3592 1653 certami-
3686 1634 3692 1638 ~

2010 1708 2081 1748 ne
2114 1692 2392 1762 dejicitur.
2428 1690 2506 1745 lta
2540 1692 2635 1761 qui
2672 1690 3044 1760 virginitatem
3070 1690 3401 1760 corruperit,
3432 1690 3501 1745 ab
3526 1706 3593 1746 eo

2011 1787 2134 1856 ipso
2165 1783 2464 1847 curriculo,
2498 1792 2552 1838 et
2584 1782 2747 1852 512
2775 1796 3002 1848 corona,
3039 1783 3374 1853 praemiaque
3423 1784 3595 1853 repel-

2010 1876 2162 1930 litur.
2190 1873 2394 1929 Verum
2450 1873 2649 1929 melius
2707 1874 2897 1942 utique
2949 1871 3221 1942 judicium
3283 1882 3387 1939 est,
3427 1889 3591 1943 quam

2010 1967 2309 2022 damnatio.
2338 1965 2473 2020 Nam
2523 1965 2640 2036 qui,
2677 1974 2741 2019 ut
2774 1979 2844 2019 ne
2878 1963 3020 2034 apud
3060 1964 3311 2019 homines
3360 1965 3415 2019 in
3458 1966 3595 2019 infa-

2008 2057 2176 2113 miam
2225 2056 2590 2121 adducantur,
2617 2056 2757 2110 clam
2813 2062 3064 2125 stuprum
3120 2065 3455 2125 perpetrant,
3485 2073 3595 2111 mo-

2010 2148 2240 2205 nasticae
2262 2150 2404 2214 vitae,
2424 2149 2509 2203 vel
2531 2147 2886 2203 continentiae
2910 2148 3209 2219 sponsione
3233 2164 3341 2203 non
3365 2163 3424 2204 se
3447 2149 3591 2219 apud

2011 2240 2265 2298 homines
2313 2241 2577 2312 obligant,
2609 2240 2705 2296 sed
2753 2240 2895 2311 apud
2945 2239 3134 2306 Deum,
3163 2241 3255 2311 qui
3292 2249 3346 2295 et
3374 2241 3591 2295 occulta

2011 2332 2316 2405 cognoscit,
2348 2340 2404 2387 et
2455 2332 2511 2387 in
2568 2330 2805 2386 adventu
2856 2345 2958 2386 suo
3013 2332 3323 2386 universam
3371 2346 3591 2387 carnem

2009 2424 2320 2496 redarguit,
2355 2425 2411 2479 in
2451 2424 2652 2494 quibus
2694 2424 2947 2479 videlicet
2975 2424 3211 2495 quisque
3258 2427 3589 2495 peccaverit.

2011 2513 2281 2578 Quocirca
2310 2513 2487 2569 satius
2518 2521 2604 2569 est
2635 2528 2747 2569 uno
2778 2528 2835 2568 se
2866 2522 3096 2584 peccato
3133 2529 3295 2583 quam
3339 2516 3591 2585 pluribus

1978 2604 2372 2675 obstringere.
2409 2604 2594 2660 Satius
2643 2612 2750 2669 est,
2777 2605 2870 2659 ubi
2919 2619 2950 2659 a
2980 2605 3259 2662 curriculo
3301 2608 3588 2674 exciderit,

2010 2696 2190 2767 palam
2236 2693 2343 2750 sibi
2384 2709 2610 2751 uxorem
2657 2694 2914 2766 legitimis
2947 2697 3156 2766 nuptiis
3183 2696 3499 2768 adiungere,
3529 2713 3592 2752 ac

2010 2796 2135 2857 post
2179 2786 2543 2857 virginitatem
2591 2787 2757 2858 longo
2807 2785 3098 2841 intervallo
3132 2796 3386 2859 suscepta
3420 2789 3595 2858 paeni-

2013 2877 2188 2932 tentia
2237 2878 2436 2932 iterum
2482 2877 2745 2955 Ecclesiae
2797 2877 3170 2942 reconciliari,
3205 2886 3393 2950 utpote
3418 2879 3511 2950 qui
3540 2888 3595 2933 et

2011 2976 2296 3038 peccatum
2344 2968 2650 3034 admiserit,
2678 2975 2733 3023 et
2775 2969 3072 3040 prolapsus
3112 2968 3299 3029 fuerit.
3330 2978 3384 3025 et
3418 2970 3594 3025 infra-

2014 3069 2159 3125 ctus,
2191 3068 2246 3114 et
2295 3058 2631 3129 obligatione
2660 3059 2905 3117 vulneris
2951 3076 3090 3130 opus
3136 3060 3351 3126 haheat,
3377 3070 3435 3116 ut
3483 3079 3593 3120 non

2012 3150 2244 3205 occultis
2272 3151 2329 3205 in
2360 3149 2478 3207 dies
2508 3149 2768 3207 immissa:
2799 3166 2829 3205 a
2855 3149 3074 3206 diabolo
3115 3151 3371 3222 nequitia:
3392 3152 3594 3223 juculis

2011 3240 2309 3296 saucietur.

2086 3330 2220 3386 Vill.
2264 3331 2420 3386 llunc
2469 3331 2525 3386 in
2572 3331 2791 3387 modum
2822 3330 3123 3402 praedicare
3170 3332 3457 3387 consuevit
3488 3331 3593 3387 Ec-

2010 3422 2205 3479 clesia.
2235 3422 2363 3478 Haec
2413 3423 2480 3477 ad
2526 3423 2829 3479 remedium
2857 3433 3170 3493 comparata
3197 3424 3593 3480 medicamenta

2009 3519 2173 3577 sunt;
2204 3512 2320 3567 haec
2362 3512 2669 3583 seplasiarii
2712 3513 2895 3582 operis
2928 3528 3130 3583 genera
3165 3521 3326 3580 sunt;
3360 3513 3475 3567 haec
3507 3531 3595 3569 Su-

2008 3606 2090 3660 cri
2130 3604 2186 3659 in
2223 3605 2339 3676 lege
2389 3604 2496 3660 olei
2551 3602 2860 3671 confectio;
2911 3604 3027 3660 haec
3069 3612 3374 3660 aromatum
3424 3604 3599 3660 odore

2010 3696 2260 3766 fragrans
2306 3693 2524 3766 egregia
2573 3690 2730 3760 fides,
2761 3710 2883 3765 quae
2922 3695 3149 3750 athletae
3199 3696 3265 3751 ad
3314 3704 3591 3751 certamen

2007 3788 2329 3859 prodeuntis
2355 3786 2694 3859 astringendi
2721 3786 2829 3842 vim
2862 3786 3045 3853 habet,
3075 3787 3360 3859 eidemque
3384 3788 3590 3843 denun-

2007 3879 2128 3945 tiat,
2166 3879 2244 3933 uti
2273 3893 2495 3933 cursum
2529 3874 2848 3945 contendat,
2878 3891 2987 3948 quo
3010 3891 3270 3933 coronam
3303 3876 3475 3948 possit
3497 3893 3593 3931 auo

2006 3969 2180 4035 ferre;
2221 3968 2327 4024 hoc
2353 3967 2448 4023 Dei
2485 3982 2647 4039 opus,
2680 3982 2745 4022 ac
2783 3971 3061 4039 negatium
3095 3974 3199 4033 est,
3226 3967 3371 4037 quod
3401 3982 3593 4022 omnes

2006 4062 2212 4134 regiam
2234 4060 2303 4115 ad
2328 4059 2859 4116 administrationem
2885 4067 3200 4130 congregat,
3226 4060 3375 4115 velut
3399 4074 3427 4113 e
3452 4057 3591 4111 mari

2005 4165 2325 4223 purpuram,
2356 4149 2541 4203 lanam
2573 4164 2641 4205 ex
2673 4148 2892 4211 ovibus,
2922 4147 3092 4201 linum
3114 4155 3337 4214 eterra,
3363 4146 3589 4217 byssum

2005 4244 2265 4308 sericum,
2289 4241 2598 4297 rubricatas
2623 4240 2813 4310 pelles,
2839 4239 3139 4310 pretiosum
3163 4238 3423 4310 lapidem,
3445 4254 3589 4292 sma-

2004 4336 2254 4408 ragdum,
2284 4334 2565 4399 unionem,
2597 4332 2867 4397 achatem,
2902 4330 3131 4401 lapides,
3183 4330 3428 4401 inquam,
3472 4329 3588 4400 qui,

2003 4428 2106 4485 etsi
2134 4426 2410 4509 coloribus
2443 4422 2720 4485 diflerant,
2754 4420 2936 4492 pretio
2970 4428 3154 4475 tamen
3183 4421 3421 4491 aequales
3439 4430 3587 4475 sunt.

317 4541 456 4596 μους
489 4523 679 4586 ὄντας
711 4521 846 4576 ἀλλὰ
874 4521 968 4576 καὶ
992 4519 1212 4592 χρυσὸν,
1243 4519 1337 4573 καὶ
1360 4519 1619 4592 ἄργυρον,
1651 4521 1746 4574 καὶ
1772 4520 1903 4585 ξύλα

2011 4520 2117 4576 Sed
2142 4526 2196 4576 et
2224 4533 2442 4584 aurum,
2468 4528 2525 4572 et
2551 4523 2859 4588 argentum,
2883 4523 2937 4569 et
2962 4515 3279 4586 incorrupta
3311 4515 3479 4587 ligna,
3516 4530 3590 4570 ωε

311 4616 528 4686 ἄσηπα,
561 4615 654 4669 καὶ
680 4614 899 4686 χαλκὸν,
924 4613 1018 4667 καὶ
1049 4613 1292 4684 σίδηρον,
1320 4611 1459 4666 ἁλλὰ
1487 4613 1580 4666 καὶ
1604 4612 1796 4684 τρίχας
1819 4613 1904 4665 αἰ-

313 4708 474 4776 γείας
522 4706 596 4777 μὴ
636 4704 1070 4776 ἁποϐαλλομένη.
1125 4704 1237 4756 Καὶ
1287 4703 1428 4774 αὕτη
1491 4704 1589 4774 μὲν
1619 4700 1687 4775 ἧν
1716 4705 1836 4757 τότε
1869 4707 1903 4776 ἡ

312 4796 515 4869 σκηνὴ,
533 4796 629 4852 νῦν
650 4796 706 4851 δὲ
728 4798 827 4868 τῆς
850 4795 1055 4866 σκηνῆς
1074 4795 1103 4848 ὁ
1122 4788 1270 4858 οἶκος
1292 4793 1663 4873 ἡδραιωμένος
1683 4795 1740 4848 ἐν
1760 4794 1900 4865 Θεῷ,

312 4888 565 4959 θεμέλιος
603 4889 661 4942 δὲ
697 4888 756 4943 ἐν
787 4887 1034 4957 δυνάμει.
1057 4886 1168 4940 Ka‘t
1188 4884 1489 4938 παυσάσθω
1512 4885 1661 4937 πᾶσα
1690 4884 1901 4955 αἵρεσις

208 5034 221 5037 Α
311 4978 461 5031 κατὰ
483 4978 584 5049 τῆς
614 4976 873 5050 ἀληθείας
910 4974 1333 5047 ἐπεγειρομένη,
1366 4973 1565 5046 μᾶλλον
1608 4974 1667 5029 δὲ
1695 4975 1895 5047 ἑαυτὴν

313 5068 432 5124 ἀπὸ
452 5068 712 5141 ἀληθείας
744 5066 1037 5122 διώκουσα.

389 5158 499 5221 Καὶ
531 5158 637 5223 ἐως
668 5151 772 5212 ὧδε
800 5157 976 5212 ταῦτα
1003 5157 1193 5230 ἐχέτω.
1230 5156 1341 5228 Τὴν
1374 5156 1577 5228 γαῦρον
1604 5156 1662 5210 δὲ
1690 5156 1894 5227 ταύτην

312 5250 530 5321 ἔχιδναν
548 5250 704 5322 δίκην
733 5250 987 5305 ἀκοντίου
1015 5248 1110 5303 τοῦ
1137 5248 1498 5319 καλουμένου,
1528 5249 1563 5321 ἦ
1586 5247 1882 5318 τύφλωπος

313 5341 352 5413 ἢ
390 5342 635 5414 μυάγρου
663 5341 805 5413 ξύλῳ
835 5340 928 5395 τοῦ
965 5340 1199 5412 σταυροῦ
1226 5340 1579 5404 πεπαικὸτες,
1610 5338 1705 5393 καὶ
1730 5356 1897 5393 κατα-

312 5434 628 5505 λείψαντες·
668 5435 746 5488 ίὸν
779 5435 878 5504 μὲν
907 5434 968 5487 ού
1006 5433 1260 5488 τοσοῦτον
1293 5432 1487 5505 ἔχοντα
1518 5432 1587 5486 τὰ
1618 5429 1897 5504 ἐρπετώδη

316 5525 515 5592 ταῦτα,
548 5527 690 5597 πλὴν
720 5525 815 5581 καὶ
851 5525 931 5596 τῷ
961 5526 1164 5597 δρόμῳ,
1200 5525 1299 5578 καὶ
1324 5523 1401 5595 τῷ
1421 5522 1782 5595 γαυριάματι,
1803 5521 1900 5575 καὶ

311 5618 384 5688 τῇ
421 5616 749 5680 ἁκοντιάσει,
777 5614 868 5669 διὰ
896 5613 995 5686 τὴν
1017 5614 1196 5670 αὐτῶν
1228 5613 1572 5686 ἐπεντριὸὴν,
1598 5611 1773 5676 οὕτως
1798 5629 1900 5666 κα-

2001 4619 2166 4683 atque
2200 4608 2434 4676 ferrum,
2467 4606 2718 4677 adeoque
2769 4620 2839 4661 ne
2880 4606 3133 4677 caprinos
3183 4606 3404 4677 quidem
3449 4606 3590 4677 pilos

1999 4703 2271 4775 repudiat.
2307 4701 2489 4772 Atque
2540 4696 2812 4770 ejusmodi
2855 4698 3132 4768 quondam
3177 4699 3589 4754 tabernaculum

1999 4793 2159 4859 fuit‘,
2184 4806 2334 4847 nunc
2363 4797 2545 4845 autem
2588 4788 2929 4844 tabernaculi
2964 4787 3158 4844 domus
3191 4789 3245 4842 in
3283 4788 3393 4845 Deo
3422 4791 3587 4844 stabi-

1999 4886 2119 4953 lita,
2151 4884 2566 4939 fundamentum
2594 4881 2717 4951 ejus
2747 4881 2801 4934 in
2834 4879 3039 4935 virtute
3080 4879 3358 4935 consistit.
3395 4879 3584 4933 Proin-

2000 4977 2179 5048 deque
2216 4974 2432 5029 desinat
2462 4972 2692 5026 haeresis
2710 4969 2912 5035 omnis,
2937 4984 3061 5041 qua:
3082 4978 3271 5025 contra
3309 4970 3585 5025 veritatem

2002 5065 2259 5138 insurgit,
2287 5065 2371 5121 vel
2404 5065 2642 5133 seipsam
2673 5063 2858 5133 potius
2887 5078 2918 5117 a
2949 5064 3184 5119 veritate
3214 5068 3474 5117 removet.

2071 5155 2253 5225 Atque
2299 5153 2416 5208 lucc
2458 5152 2748 5209 hactenus.
2783 5150 2939 5208 Nunc
2987 5162 3351 5224 posteaquam
3397 5166 3594 5222 super-

2002 5250 2127 5305 bam
2177 5246 2321 5301 hanc
2367 5246 2632 5315 viperam,
2664 5244 2891 5315 perinde
2918 5261 2983 5301 ac
3010 5247 3281 5316 serpentis
3312 5260 3486 5318 genus
3513 5243 3581 5297 il-

2002 5337 2118 5401 lud,
2149 5335 2297 5407 quod
2332 5334 2575 5404 jaculum
2618 5344 2796 5403 vocat,
2825 5344 2920 5390 aut
2957 5336 3292 5407 typhlopem,
3326 5335 3414 5389 vel
3445 5349 3579 5405 mya-

2002 5442 2184 5498 grum,
2225 5425 2410 5480 erucis
2458 5424 2606 5496 ligno
2652 5425 3055 5495 pereussimus,
3090 5440 3155 5480 ac
3206 5422 3582 5493 reliquimus:

2004 5533 2125 5589 qua:
2169 5517 2388 5588 quidem
2437 5523 2753 5587 serpentum
2789 5531 2990 5588 genera
3021 5532 3133 5571 non
3178 5524 3287 5571 tam
3326 5515 3582 5587 praesenti

2004 5625 2215 5666 veneno
2238 5616 2369 5665 sunt
2402 5627 2416 5663 :
2455 5615 2838 5665 verumtamen
2878 5616 2987 5665 tam
3026 5609 3097 5667 ob
3133 5624 3321 5665 eorum
3351 5604 3579 5680 pernici-

393 5798 411 5828 ⁸
438 5794 498 5852 F.
536 5795 753 5866 γύναια.
829 5803 849 5835 ³
879 5797 1040 5854 Deest
1080 5795 1306 5868 aliquid.
1371 5796 1390 5829 ³
1420 5794 1440 5849 Ι
1474 5792 1617 5852 Tim.
1652 5809 1709 5857 v,
1739 5789 1821 5847 M.
1902 5794 1905 5816 ⁴

2008 5787 2131 5845 xod.
2157 5803 2284 5859 xxv,
2315 5787 2349 5842 4
2380 5804 2501 5864 sqq.
