4046 6440
553 336 688 393 1051

1980 331 2042 388 S.
2082 327 2422 385 EPIPliANII

3642 328 3751 384 i052

556 462 747 519 tatem,
783 467 947 523 quam
980 452 1355 518 inscientiam,
1388 462 1447 506 et
1475 451 1913 522 ejaculationem,
1947 451 2013 505 ad
2040 451 2144 505 hae-

2263 447 2354 510 ιῶς
2410 443 2872 506 ἀπεικασθέντας,
2927 442 3414 514 πριφρονήσαντες
3454 442 3553 496 τῶν
3590 444 3750 510 αὐτῶν,

558 546 852 601 reticorum
904 544 1121 599 illorum
1170 543 1470 614 perniciem
1528 542 1938 614 signiﬁcandam
1987 557 2141 598 com-

558 634 717 690 mode
750 635 1100 697 adhibentur,
1134 634 1485 703 contemptis,
1521 633 1766 704 inquatn,
1806 632 1966 704 513
2011 633 2141 699 illis,

554 738 609 783 et
641 724 892 794 abjectis,
921 723 988 777 ad
1024 722 1266 792 reliquas
1306 724 1547 778 hazreses
1580 731 1949 778 transeamus.

946 835 1229 891 CONTRA
1262 834 1751 903 SABELLIANOS,

970 928 1207 985 llwresis
1244 927 1411 983 XLII
1444 931 1522 984 vel
1546 929 1734 985 LXII.

624 1042 669 1096 1.
717 1041 835 1096 Non
892 1041 1082 1095 multis
1135 1040 1338 1095 abhinc
1382 1042 1546 1097 annis
1605 1039 1881 1097 Sabellius
1920 1042 2143 1113 quidam
2202 1074 2209 1087 -

560 1134 853 1188 haereticus
903 1134 1168 1188 emersit:
1202 1132 1405 1203 quippe
1452 1148 1648 1188 recens
1683 1135 1776 1189 ille
1808 1143 1913 1197 est,
1967 1150 1997 1188 a
2035 1149 2144 1203 quo

559 1225 857 1281 Sabelliani
892 1225 1126 1295 profecti
1175 1232 1327 1281 sunt.
1373 1224 1478 1291 Qui
1519 1225 1764 1295 quidem,
1798 1226 1989 1296 paucis
2020 1227 2144 1295 qui-

556 1317 788 1373 busdam
817 1317 1086 1387 exceptis,
1141 1315 1330 1372 eadem
1366 1331 1492 1371 cum
1547 1315 1831 1372 Noetianis
1882 1317 2141 1373 asseruit.

556 1410 736 1479 Atque
784 1409 953 1478 hujus
986 1417 1152 1464 sectae
1184 1410 1408 1479 plurimi
1445 1424 1569 1463 cum
1611 1410 1665 1464 in
1715 1409 2141 1480 Mesopotamia,

554 1510 670 1556 tum
714 1500 901 1557 Roma:
940 1508 1255 1570 versantur,
1288 1502 1517 1557 vesania
1556 1501 1797 1572 quadam
1851 1502 2067 1572 perciti.

629 1674 839 1729 Horum
871 1675 987 1731 haec
1019 1676 1209 1747 opinio
1247 1684 1334 1733 est
1364 1696 1379 1732 :
1413 1676 1680 1733 Eumdem
1728 1692 1854 1734 esse
1899 1676 2142 1743 Patrem,

555 1774 612 1821 ct
643 1765 867 1834 Filium,
910 1775 964 1823 et
1012 1766 1277 1839 Spiritum
1332 1777 1611 1831 sanctum,
1666 1777 1726 1824 ut
1775 1769 1845 1824 ad
1892 1768 2141 1826 eamdem

557 1858 884 1930 hypostasin
917 1869 1030 1916 tres
1054 1834 1468 1930 appellationes
1496 1860 1850 1916 conveniant.
1883 1860 1993 1915 Aut
2022 1876 2148 1932 per-
2179 1834 2223 1891 Β

560 1949 688 2003 inde
723 1957 887 2021 atque
936 1951 991 2005 in
1044 1966 1155 2005 uno
1202 1951 1427 2008 homine
1475 1966 1698 2022 corpus,
1737 1960 1792 2007 et
1840 1952 2046 2020 anima,
2096 1960 2151 2007 et

560 2043 793 2113 spiritus
826 2044 990 2099 inest.
1030 2044 1107 2098 ita
1142 2054 1201 2098 ut
1229 2042 1479 2113 corporis
1510 2043 1690 2098 instar
1716 2044 1791 2099 sit
1822 2042 2008 2109 Pater,
2038 2044 2153 2098 ani-

559 2148 664 2189 ma:
694 2134 904 2201 Filius;
950 2132 1194 2204 Spiritus
1226 2134 1467 2204 denique
1501 2136 1555 2188 in
1589 2135 1709 2205 ipsa
1736 2134 2023 2191 divinitate
2047 2134 2151 2189 hu-

562 2227 711 2279 mani
742 2225 975 2295 spiritus
1010 2226 1188 2281 instar
1228 2225 1516 2281 habeatur.
1552 2224 1709 2291 Quod
1740 2232 1796 2281 et
1836 2226 1970 2281 solis
1998 2226 2154 2282 simi-

561 2319 798 2374 litudine
826 2319 1148 2386 declarant;
1179 2319 1236 2373 in
1267 2333 1378 2389 quo
1408 2333 1535 2373 cum
1573 2332 1683 2371 una
1715 2318 1785 2373 sit
1817 2318 2149 2388 hypostasis,

562 2410 760 2479 triplex
800 2410 1161 2466 nihilominus
1190 2418 1350 2465 actus
1385 2417 1471 2466 est
1501 2429 1516 2465 :
1544 2408 1803 2463 nimirum
1840 2408 2154 2464 illustrandi

561 2502 647 2558 vis
681 2515 735 2558 et
764 2502 1148 2566 calefaciendi,
1201 2510 1259 2557 et
1308 2501 1640 2557 orbicularis
1690 2500 1882 2571 ﬁgura.
1927 2500 2007 2554 Ac
2042 2500 2154 2555 vim

560 2595 782 2664 quidem
820 2595 969 2648 illam
1008 2594 1388 2661 calefaciendi,
1428 2594 1534 2648 hoc
1565 2600 1651 2648 est
1695 2594 1957 2660 calorem,
1992 2605 2171 2665 atque'

561 2692 780 2748 :rstum,
823 2684 1054 2753 Spiritui
1089 2682 1456 2753 respondere;
1500 2683 1849 2738 iiluminandi
1882 2701 2014 2741 vero
2046 2688 2155 2743 vim

565 2775 742 2843 Filio;
766 2775 982 2831 Patrem
1009 2776 1248 2846 denique
1273 2776 1445 2832 totius
1466 2775 1782 2848 hypostasis
1805 2779 1951 2833 velut
1973 2794 2160 2849 quam-

564 2868 692 2923 dam
726 2884 852 2924 esse
886 2868 1140 2923 formam.
1176 2868 1350 2939 Igitur
1388 2868 1589 2923 Filium
1631 2867 1905 2944 afﬁrmant
1936 2870 2074 2924 radii
2102 2870 2157 2925 in

568 2977 777 3014 morem
807 2960 1076 3016 emissum
1113 2961 1321 3025 omnia,
1362 2976 1485 3031 quae
1523 2962 1592 3016 ad
1625 2960 1925 3032 Evangelii,
1962 2970 2017 3017 et
2056 2963 2159 3018 hu-

563 3069 741 3109 mana:
800 3054 998 3109 salutis
1053 3053 1496 3123 procurationem
1552 3054 1870 3119 attinerent,
1908 3044 1995 3108 ‘in
2055 3055 2159 3109 hoc

563 3144 771 3199 mundo
807 3146 1150 3214 praestitisse,
1199 3152 1366 3214 atque
1414 3144 1488 3197 ita
1548 3144 1605 3198 in
1652 3143 1851 3198 cmlum
1902 3142 2153 3209 rediisse,

566 3238 1027 3309 quemadmodum
1079 3237 1150 3301 is,
1203 3237 1298 3307 qui
1339 3251 1369 3290 a
1414 3236 1531 3291 sole
1578 3238 1843 3299 manavit,
1879 3235 2072 3291 radius
2102 3237 2155 3289 in

564 3330 817 3386 eumdem
844 3339 1031 3400 postea
1060 3329 1395 3385 refunditur.
1424 3328 1691 3399 Spiritum
1718 3344 1885 3400 porro
1902 3340 2157 3387 sanctum

566 3424 624 3476 in
654 3423 802 3476 hunc
831 3422 1021 3475 orbem
1056 3421 1298 3485 immitti,
1337 3435 1402 3475 ac
1431 3420 1689 3491 deinceps
1729 3422 2161 3493 singillatimque
2200 3412 2205 3416 ’

564 3516 622 3569 in
654 3528 750 3569 eos
799 3528 992 3569 omnes
1045 3514 1217 3578 illabi,
1270 3513 1365 3584 qui
1413 3528 1480 3568 eo
1524 3529 1753 3569 munere
1805 3515 1954 3585 digni
2000 3523 2158 3583 sunt;

542 3607 932 3676 ‘cumdemque
970 3607 1284 3661 instaurare
1314 3605 1503 3670 vitam,
1545 3616 1600 3661 et
1639 3606 1885 3662 animare
1914 3606 2158 3677 fervore;

567 3700 754 3754 fovere
781 3699 1042 3773 denique,
1076 3713 1141 3753 ac
1168 3697 1491 3761 calefacere,
1527 3707 1587 3753 ut
1614 3699 1688 3752 ita
1718 3698 1920 3764 dicam,
1953 3702 2005 3755 vi
2031 3715 2165 3772 qua-

565 3792 694 3847 dam
726 3791 1205 3862 consensioneque
1251 3791 1503 3862 spiritus.
1560 3791 1847 3862 Ejusmodi
1887 3791 2001 3849 fere
2039 3782 2164 3849 illo-

566 3899 691 3938 rum
719 3883 975 3954 dogmata
1009 3889 1159 3939 sunt.

638 3973 703 4029 ll.
737 3974 1009 4046 Qaeterum
1058 3974 1317 4030 omnibus
1371 3982 1483 4029 tam
1534 3972 1775 4039 Veteris,
1829 3989 1993 4043 quam
2025 3974 2163 4029 Novi

565 4066 907 4125 Testamenti
956 4065 1262 4140 Scripturis
1314 4074 1569 4135 utuntur,
1626 4068 1712 4123 vel
1762 4068 1932 4123 certis
1980 4069 2162 4139 potius

566 4162 931 4227 dictionibus,
959 4176 1096 4231 quas
1128 4161 1349 4230 ipsimct
1379 4175 1477 4231 pro
1501 4160 1699 4216 insana
1731 4170 1915 4215 mente
1945 4174 2067 4225 sua,
2099 4175 2163 4215 ac

568 4254 824 4312 vecordia
858 4253 1124 4324 deligunt.
1169 4252 1452 4322 Principio
1480 4253 1625 4308 hanc
1656 4267 1688 4307 e
1726 4253 1899 4308 sacris
1938 4252 2163 4307 Litteris

569 4348 901 4403 sententiam
943 4346 1241 4415 arripiunt,
1297 4361 1459 4415 quam
1516 4344 1685 4417 Moysi
1739 4344 1881 4400 Deus
1913 4346 2164 4400 elocutus

455 4500 475 4515 _
568 4449 688 4494 est:
714 4440 874 4502 Audi,
912 4437 1107 4504 Israel,
1138 4436 1397 4490 Dominus
1434 4435 1597 4509 514
1632 4437 1771 4492 Deus
1805 4449 1949 4502 tuus,
1976 4438 2164 4492 Domi-

480 4572 486 4577 .
568 4547 669 4585 nus
696 4548 830 4584 unus
858 4540 957 4585 est.
993 4530 1116 4584 Non
1149 4529 1312 4599 facies
1337 4531 1431 4584 tibi
1453 4531 1576 4585 deos
1601 4531 1820 4587 alteros.
1858 4529 1981 4585 Non
2008 4540 2160 4586 erunt

2267 4537 2503 4602 σεαυτῷ
2550 4533 2728 4599 θεοὺς
2775 4532 3037 4600 ἐτέρους.
3106 4534 3229 4585 Οὐκ
3283 4520 3532 4586 ἔσονταί
3576 4544 3663 4581 σοι
3706 4520 3796 4577 θεοί

570 4622 669 4675 tibi
694 4622 770 4675 dii
803 4631 1030 4676 recentes
1055 4622 1096 4675 ί.
1134 4622 1399 4687 Quoniam
1430 4639 1520 4691 ego
1559 4619 1703 4675 Deus
1739 4624 1966 4691 primus,
1992 4634 2042 4678 et
2064 4640 2161 4677 no-

573 4713 842 4775 vissimus,
870 4725 915 4765 et
941 4724 1133 4781 prwter
1164 4727 1245 4764 me
1272 4729 1374 4765 non
1400 4720 1477 4765 est
1502 4711 1641 4765 Deus
1667 4711 1862 4766 alius'.
1893 4713 1957 4767 Et
1973 4715 2017 4766 si
2043 4730 2164 4784 qua:

570 4806 679 4862 alia
726 4813 855 4861 sunt
903 4803 970 4857 ad
1016 4811 1255 4858 mentem
1298 4819 1454 4857 suam
1492 4804 1927 4869 accommodata,
1964 4807 2164 4876 quibus

570 4898 640 4954 ad
675 4896 1112 4953 confirmandum
1143 4911 1386 4951 errorem
1422 4896 1748 4950 abutuntur.
1790 4895 2060 4952 Praeterea
2095 4913 2163 4953 ex

571 4991 869 5062 Evangelio
901 4992 1033 5045 illud
1067 4998 1337 5060 usurpant
1366 5008 1379 5044 :
1410 4989 1524 5060 Ego
1556 4991 1611 5043 in
1636 4988 1821 5059 Patre,
1846 5000 1896 5044 et
1927 4990 2090 5046 Pater
2110 4992 2164 5045 in

571 5100 653 5137 me
686 5093 763 5137 est
782 5084 823 5137 ⁸.
854 5082 918 5134 Et
951 5101 962 5137 :
1008 5082 1122 5134 Duo
1151 5098 1316 5135 unum
1348 5098 1531 5136 sumus
1555 5080 1596 5135 ⁸.

642 5175 800 5230 liunc
830 5183 1012 5230 autem
1039 5190 1281 5229 errorem
1315 5189 1554 5239 omnem,
1589 5174 1822 5245 ejusque
1855 5175 2166 5228 ﬁrmamen-

572 5278 688 5323 tum
717 5286 783 5326 ex
819 5269 1165 5340 Apocryphis
1196 5267 1528 5338 quibusdam
1558 5269 1896 5335 hauserunt;
1934 5283 2167 5337 praescr-

574 5365 669 5418 tim
718 5366 787 5419 ab
833 5363 1221 5435 IEgyptiorum
1262 5360 1561 5431 Evangeiio
1597 5380 1609 5413 :
1641 5362 1743 5415 hoc
1772 5361 1919 5414 enim
1952 5360 2028 5414 illi
2063 5375 2165 5414 no-

570 5471 697 5512 men
739 5456 1076 5521 indiderunt,
1120 5455 1175 5508 in
1204 5468 1316 5525 quo
1348 5454 1608 5524 pleraque
1638 5461 1769 5509 sunt
1801 5452 1965 5523 hujus
2001 5438 2169 5522 geneJ

571 5548 673 5610 ris,
706 5562 829 5618 quae
865 5562 931 5601 ex
965 5564 1202 5616 persona
1239 5546 1545 5602 Salvatoris
1580 5548 1718 5601 clam
1750 5556 1916 5616 atque
1947 5546 2163 5600 occulte

573 5640 723 5696 velut
758 5638 1041 5708 mysteria,
1083 5648 1489 5710 proponuntur,
1521 5640 1679 5710 quasi
1715 5638 2007 5710 discipulis
2040 5637 2159 5709 ipse

646 5800 662 5831 ¹
688 5797 851 5854 Deut.
881 5810 959 5861 τι,
981 5796 1046 5864 4;
1086 5794 1258 5852 Exod.
1295 5814 1383 5857 κς,
1412 5797 1463 5851 ’5.

2248 538 2342 590 ἐπὶ
2366 536 2466 600 τάς
2501 533 2627 611 ἑξῆς
2658 534 2848 608 ἴωμεν,
2872 526 2917 587 ὦ
2944 532 3237 603 ἀγαπητοί.

2671 823 2863 876 ΚΑΤΑ
2904 819 3398 884 ΣΑΒΕΛΔΙΑΝΩΝ,

2251 915 2724 987 Τεσσαρακοστὴ
2748 913 3015 982 δευτέρα,
3048 914 3085 981 ἡ
3110 911 3208 966 καί
3229 911 3513 979 ἑξηκοστή
3538 909 3755 981 δευτέρα.

2317 1032 2397 1084 Δ’.
2441 1025 2727 1086 Σαϐἐλλιός
2759 1042 2842 1087 τις
2866 1026 2923 1077 ὲν
2954 1023 3167 1094 χρόνοις
3189 1021 3381 1091 ἀνέστη
3399 1021 3456 1073 οὐ
3479 1020 3636 1090 πολλῷ
3656 1022 3759 1091 πρό-

2243 1136 2403 1191 τερον
2427 1116 2827 1179 παλαιοτάτοις
2859 1114 3171 1187 πρόσφατος
3202 1112 3306 1185 γὰρ
3326 1107 3492 1175 οὗτος·
3519 1113 3601 1181 ἀφ’
3623 1105 3759 1185 οὗπερ

2245 1214 2295 1266 οἱ
2317 1210 2669 1265 Σαϐελλιανοὶ
2700 1206 2866 1264 καλοῦ
2874 1223 3043 1278 μενοι.
3065 1207 3176 1260 Καὶ
3194 1201 3342 1270 οὗτος
3361 1206 3414 1259 δὲ
3428 1205 3760 1278 παραπλησίως

2245 1304 2354 1357 τῶν
2400 1299 2739 1373 Νοητιανῶν,
2795 1298 2933 1370 πλὴν
2986 1297 3182 1367 ὀλίγων
3238 1297 3416 1363 τινῶν,
3462 1296 3759 1368 δογματίσας.

2249 1395 2444 1450 Πολλοὶ
2474 1395 2531 1448 δὲ
2559 1396 2617 1447 ὲν
2639 1396 2705 1464 τῇ
2728 1392 2887 1465 Μέσῃ
2914 1390 3025 1445 τῶν
3055 1390 3335 1462 τωταμῶν,
3365 1389 3455 1442 καὶ
3478 1390 3561 1442 ἐπὶ
3577 1389 3636 1442 τὰ
3654 1387 3761 1459 μέρη

2245 1489 2345 1560 τῆς
2390 1487 2611 1560 Ῥώμης
2642 1485 2738 1540 τοῦ
2778 1485 2943 1539 αὑτοῦ
2980 1483 3252 1555 δόγματος
3280 1482 3611 1553 ὑπάρχουσιν,
3643 1480 3764 1551 ἀνοίᾳ

2247 1580 2354 1635 τινὶ
2383 1582 2692 1653 φερόμενοι.

2319 1671 2648 1745 Δογματίζει
2687 1671 2799 1745 γὰρ
2830 1663 2982 1735 οὗτος
3011 1669 3106 1724 καὶ
3138 1670 3189 1722 οἱ
3225 1668 3318 1722 ἀπ’
3345 1666 3503 1723 αὑτοῦ
3525 1666 3763 1721 Σαϐελλια-

2249 1770 2332 1823 vo‘t
2354 1769 2446 1823 τὸν
2468 1768 2628 1822 αὑτὸν
2650 1761 2791 1821 εἷναι
2812 1765 3053 1837 Πατέρα,
3075 1764 3168 1818 τὸν
3193 1761 3357 1817 αὑτὸν
3378 1761 3522 1826 Υίδν,
3543 1761 3623 1814 τὸν
3641 1760 3766 1814 αὑτὸν

2251 1856 2391 1915 εἶναι
2425 1858 2579 1929 ἅγιον
2601 1857 2846 1929 Πνεῦμα·
2871 1855 2949 1920 ὡς
2973 1852 3113 1909 εἶναι
3140 1856 3200 1908 ὲν
3233 1855 3334 1926 μιᾷ
3363 1853 3632 1907 ὑποστάσει
3653 1852 3765 1921 τρεῖς

2249 1953 2570 2025 ὀνομασίας,
2616 1952 2650 2024 ἢ
2686 1951 2762 2017 ὡς
2792 1952 2849 2004 ὲν
2877 1948 3151 2022 ἀνθρώπῳ
3184 1948 3367 2019 σῶμα,
3406 1947 3496 2001 καὶ
3530 1945 3674 2015 ψυχὴ,
3700 1943 3768 1996 καὶ

2253 2047 2496 2119 πνεῦμα.
2525 2045 2637 2099 Καὶ
2663 2040 2803 2103 εἶναι
2838 2043 2936 2116 μὲν
2973 2044 3033 2097 τὸ
3065 2042 3246 2114 σῶμα,
3278 2042 3356 2105 ὡς
3379 2042 3559 2103 εἰπεῖν,
3590 2038 3668 2091 τὸν
3686 2037 3768 2090 Πα·

2252 2142 2407 2213 τέρα,
2428 2140 2608 2211 ψυχὴν
2633 2139 2711 2204 δὲ,
2736 2138 2813 2203 ὼς
2833 2139 3030 2203 εἰπεῖν,
3056 2135 3147 2190 τὸν
3177 2135 3329 2198 Υίὺν,
3351 2134 3412 2187 τὺ
3435 2130 3633 2201 Πνεῦμα
3655 2127 3771 2189 δὲὼς

2252 2232 2565 2305 ἀνθρώπου,
2593 2231 2767 2294 οὕτως
2788 2229 2882 2284 καὶ
2905 2229 2967 2281 τὸ
2992 2227 3146 2296 ἅγιον
3169 2224 3397 2297 Πνεῦμα
3422 2225 3477 2277 ὲν
3496 2225 3556 2293 τῇ
3583 2222 3767 2289 θεότητι.

2257 2327 2327 2379 Ἦ
2346 2325 2421 2388 ὡς
2440 2320 2591 2397 ὲάνῇ
2621 2325 2679 2376 ὲν
2709 2322 2845 2393 ἡλίῳ
2870 2322 2983 2375 ὖντι
3014 2320 3115 2392 μὲν
3140 2322 3197 2373 ἐν
3225 2320 3329 2390 μιᾷ
3356 2315 3643 2378 ὑποστάσει,
3663 2309 3771 2382 τρεῖς

2254 2419 2312 2472 δὲ
2342 2418 2520 2489 ἔχοντι
2547 2416 2645 2479 τάς
2674 2414 2978 2486 ἐνεργείας
3020 2411 3165 2483 φημὶ
3197 2411 3254 2465 δὲ
3286 2411 3350 2464 τὸ
3376 2407 3681 2479 φωτιστικὸν,
3702 2402 3775 2455 καὶ

2255 2510 2317 2563 τὸ
2346 2508 2572 2572 θάλπον,
2602 2508 2697 2560 καὶ
2724 2504 2857 2559 αὑτὸ
2889 2503 2950 2557 τὺ
2978 2504 3076 2575 τῆς
3100 2500 3457 2574 περιφερείας
3493 2497 3671 2568 exitu.
3691 2491 3774 2545 Καὶ

2258 2599 2398 2659 εἶναι
2450 2602 2547 2674 μὲν
2594 2601 2656 2654 τὸ
2709 2598 2935 2664 θάλπον,
2982 2597 3161 2651 εῐτουν
3205 2594 3410 2668 θερμὸν
3456 2592 3542 2646 καὶ
3586 2590 3701 2653 ζέον,
3730 2585 3774 2637 τὸ

2257 2693 2509 2765 Πνεῦμα,
2544 2693 2608 2747 τὸ
2640 2691 2968 2762 φωτιστικὺν
3006 2690 3064 2743 δὲ
3090 2689 3181 2743 τὸν
3214 2688 3368 2751 Υἱδν,
3404 2685 3489 2739 τὸν
3523 2683 3574 2736 δὲ
3604 2678 3775 2748 Πατέρα

2259 2786 2421 2839 αὑτὸν
2452 2780 2593 2839 εἶναι
2634 2783 2696 2837 τὸ
2740 2777 2879 2846 εἶδος
2924 2780 3105 2852 πάσης
3147 2780 3245 2849 τῆς
3284 2774 3631 2836 ὑποστάσεως.
3668 2769 3778 2836 Πεμ-

2260 2878 2464 2950 φθέντα
2491 2877 2550 2931 δὲ
2578 2876 2671 2930 τὸν
2701 2875 2831 2931 Υίδν
2870 2871 3054 2945 καιρῷ
3082 2888 3234 2935 ποτε,
3278 2868 3468 2939 ὥσπερ
3507 2866 3691 2927 ἀκτῖνα,
3712 2859 3777 2911 κεί

2260 2973 2639 3043 ἐργασάμενον
2668 2969 2737 3024 τὰ
2775 2970 2953 3023 πάντα
2985 2969 3044 3020 ἐν
3072 2966 3153 3037 τῷ
3185 2965 3380 3035 κόσμῳ
3407 2962 3473 3015 τὰ
3506 2960 3593 3030 τῆς
3618 2958 3777 3008 οἰκονο-

2265 3062 2393 3132 μίας
2418 3063 2515 3133 τῆς
2538 3059 2918 3128 εὐαγγελικῆς.
2959 3056 3053 3110 καὶ
3089 3054 3369 3125 σωτηρίας
3393 3052 3496 3105 τῶν
3514 3045 3777 3117 ἀνθρώπων.

2262 3153 2641 3223 ἀναληφθέντα
2664 3151 2721 3206 δὲ
2746 3146 2903 3212 αὖθις
2929 3151 3009 3213 εἰς
3031 3148 3281 3220 οὐρανὸν,
3307 3146 3385 3210 ὡς
3408 3144 3508 3197 ὑπὸ
3530 3141 3661 3212 ἡλίου
3684 3152 3780 3203 zeu-

2264 3246 2491 3314 φθεῖσαν
2521 3245 2737 3306 ἀκτῖνα,
2771 3242 2866 3296 καὶ
2902 3240 3064 3295 πάλιν
3094 3242 3175 3302 εἰς
3202 3240 3295 3291 τὸν
3327 3238 3477 3308 ἥλιον
3505 3224 3782 3301 ἁναδραμθῦσ

2265 3358 2383 3395 σαν.
2419 3341 2493 3393 Τὸ
2522 3340 2578 3392 δὲ
2608 3339 2762 3408 ἅγιον
2792 3337 3018 3407 Πνεῦμα
3048 3334 3365 3405 πέμπεσθαι
3400 3335 3476 3395 είς
3498 3330 3578 3383 τὸν
3606 3325 3783 3391 κόσμςνι

2263 3436 2355 3489 καὶ
2387 3432 2643 3503 καθεξῆς,
2674 3431 2769 3484 καὶ
2804 3430 2925 3483 καθ’
2955 3428 3162 3481 ἕκαστα
3196 3428 3276 3489 εἰς
3317 3426 3541 3478 ἕκαστον
3569 3417 3660 3470 τῶν
3692 3427 3786 3465 κατ·

2263 3527 2616 3599 ἀξιουμένων·
2653 3524 3048 3592 ἀναζωογονεῖν
3080 3521 3137 3575 δὲ
3169 3520 3260 3573 τὸν
3303 3516 3557 3577 τοιοῦτον,
3590 3508 3787 3603 καὶ-ἀνει-

2264 3596 2433 3683 ζέειν,
2461 3616 2690 3671 θάλπειν
2718 3631 2780 3668 τε
2809 3614 2905 3667 καὶ
2934 3611 3274 3684 θερμαίνειν,
3305 3609 3386 3672 ὡς
3416 3606 3598 3664 εἰπεῖν,
3624 3596 3694 3651 διὰ

2262 3710 2357 3763 τοῦ
2419 3708 2729 3778 πνεύματος
2783 3702 3068 3775 δυνάμεώς
3117 3719 3177 3755 τε
3224 3701 3321 3756 καὶ
3369 3696 3682 3769 συμϐάσεωςο
3707 3685 3788 3737 καί

2262 3802 2437 3857 ταῦτά
2463 3804 2611 3857 ἐστιν
2636 3799 2672 3855 ἃ
2702 3797 3108 3870 δογματίζουσι.

2336 3985 2410 4038 B'.
2434 3984 2746 4056 Κέχρηνται
2773 3983 2831 4037 δὲ
2855 3985 2975 4046 ταῖς
2998 3981 3199 4043 πάσαις
3252 3981 3492 4051 γραφαῖς
3519 3972 3727 4034 Παλαιᾶς
3744 3983 3785 4020 τε

2266 4080 2362 4134 καὶ
2392 4078 2602 4148 Καινῆς
2628 4075 2929 4147 Διαθήκης,
2958 4074 3139 4141 λέξεσι
3166 4071 3223 4126 δέ
3246 4090 3389 4125 τισιν
3414 4066 3499 4134 αἷς
3523 4066 3657 4124 αὐτοὶ
3677 4060 3791 4115 ὲκλέ-

2265 4188 2455 4242 γονται
2487 4167 2631 4223 κατά
2651 4168 2749 4239 τὴν
2786 4166 2923 4220 ίδίαν
2956 4164 3133 4218 αὐτῶν
3164 4159 3671 4234 παραπεποιημένην
3695 4167 3793 4242 ope:

2265 4233 2589 4313 νοὸλάϐειάν
2624 4275 2684 4311 τε
2706 4233 2814 4310 ⁷καὶ
2846 4255 3054 4310 άνοιαν.
3095 4233 3321 4326 Πρῶτον
3355 4255 3454 4323 μὲν
3483 4252 3556 4322 τῷ
3590 4245 3733 4320 ῥητῷ,
3762 4233 3794 4307 ᾧ

2265 4350 2421 4408 εἶπεν
2454 4355 2482 4406 ὀ
2518 4352 2651 4415 Θεὸς
2692 4350 2829 4422 πρὸς
2858 4350 3121 4420 Μωῦσῆν,
3170 4349 3252 4402 ὅτι
3298 4350 3535 4412 Ἀκουε,
3584 4339 3793 4410 Ἰσραὴλ,

2268 4449 2485 4516 Κύριος
2513 4448 2545 4499 ό
2577 4444 2720 4509 Θεός
2749 4457 2888 4508 σου,
2912 4443 3127 4510 Κύριος
3149 4436 3237 4506 εἷς
3261 4441 3453 4523 ἐστιν.
3477 4441 3553 4492 Οὐ
3575 4434 3795 4523 ποιήσεις

2270 4630 2626 4700 πρόσφατοι·
2669 4627 2759 4680 ὅτι
2806 4626 2922 4697 ἐγὼ
2968 4625 3113 4691 Θεὸς
3159 4628 3192 4679 ὁ
3239 4625 3489 4693 πρῶτος,
3524 4622 3612 4675 καὶ
3639 4621 3666 4672 ὁ
3685 4612 3799 4687 μετὰ

2269 4724 2477 4785 ταῦτα,
2512 4719 2609 4772 καί
2642 4716 2813 4784 πλὴν
2840 4715 2990 4785 ἐμοῦ
3020 4716 3132 4768 οὐκ
3166 4714 3297 4770 ἔστι
3327 4714 3470 4780 Θεὸς
3493 4712 3689 4780 ἔτερος.
3720 4702 3799 4757 Καὶ

2269 4814 2373 4867 ὅσα
2407 4810 2572 4881 ἕτερα
2597 4808 2739 4863 κατὰ
2767 4807 2857 4859 τὸν
2893 4806 3023 4859 ἴδιον
3053 4804 3236 4859 αὐτῶν
3268 4804 3414 4870 νοῦν,
3451 4805 3529 4865 είς
3556 4798 3732 4852 τούτων
3761 4791 3801 4843 6‘:

2273 4905 2626 4977 παράστασιν
2680 4899 2927 4972 φέρουσι.
2984 4897 3155 4951 Πάλιν
3212 4897 3321 4951 ἀπὸ
3370 4891 3698 4964 Εὑαγγελίου,
3741 4885 3801 4977 ὅτι

2285 4974 2427 5069 Ἐιοὼ
2460 4998 2529 5050 ἐν
2572 4992 2652 5059 τῷ
2695 4990 2898 5060 Πατρὶ,
2943 4990 3043 5044 και
3081 4991 3115 5045 δ
3146 4989 3352 5060 Πατὴρ
3373 4989 3442 5042 ἐν
3468 4985 3609 5056 ἐμοί·
3635 4980 3730 5039 καὶ,
3756 4974 3802 5025 οι

2271 5091 2381 5143 δύο
2410 5088 2480 5143 ἓν
2502 5086 2715 5159 ἐσμεν.

2342 5182 2386 5233 Τ
2389 5178 2452 5251 ὴν
2482 5179 2537 5232 δὲ
2565 5179 2743 5231 πᾶσαν
2777 5173 2959 5229 αὐτῶν
2986 5174 3217 5246 πλάνην,
3263 5173 3357 5227 καὶ
3392 5171 3491 5243 τὴν
3518 5170 3609 5239 τῆς
3640 5161 3803 5251 πλὰνῃς

2273 5271 2453 5325 αὐτῶν
2490 5269 2720 5340 δύναμιν
2763 5265 2979 5337 ἔχουσιν
3027 5267 3087 5331 ἐξ
3131 5265 3489 5338 Ἀποκρύφων
3528 5260 3690 5320 τινῶν,
3727 5250 3803 5354 μᾶς

2272 5363 2430 5416 λιστα
2469 5360 2577 5415 ἀπὸ
2607 5357 2703 5412 τοῦ
2743 5357 3077 5428 καλουμένου
3109 5356 3406 5427 Αἰγυπτίου
3432 5348 3802 5438 Εὐαγγελξου-,ιφ

2271 5471 2418 5517 τινες
2453 5452 2513 5505 τὸ
2548 5450 2722 5521 ὄνομα
2756 5449 3014 5502 ἐπέθεντο
3046 5448 3222 5501 τοῦτο.
3257 5448 3347 5501 Ἑν
3373 5442 3518 5513 αὑτῷ
3544 5438 3641 5509 γὰρ
3671 5428 3805 5486 “mm

2271 5544 2501 5598 τοιαῦτα
2526 5542 2603 5605 ὼς
2624 5543 2680 5593 ἐν
2704 5539 3041 5612 παραϐύστῳ
3069 5537 3459 5612 μυστηριωδῶς
3480 5538 3540 5588 ἐκ
3561 5524 3802 5612 προσώτΰυ

2268 5635 2363 5688 τοῦ
2408 5632 2665 5703 Σωτῆρος
2700 5631 3058 5704 ἀναφέρεται,
3096 5630 3171 5696 ὡς
3211 5628 3376 5684 αὑτοῦ
3418 5623 3680 5697 δηλοῦντος
3718 5622 3803 5669 τως

1565 5800 1585 5830 ²
1620 5796 1721 5854 lsa.
1754 5812 1901 5862 XLIV,
1935 5797 1990 5852 6.
2070 5797 2089 5828 ³
2128 5792 2287 5851 Joan.
2319 5810 2373 5847 κ.
2411 5793 2499 5847 53.
2579 5793 2601 5825 ⁸
2637 5791 2768 5849 ibid.
2812 5791 2902 5847 50.
