  <div class='ocr_page' id='page_1' title='image "/cluster/home/n/w/nwhite01/storage/ocr_20150623/41:no.1/coo.31924054869387/535.png"; bbox 0 0 4046 6502; ppageno 0'>
   <div class='ocr_carea' id='block_1_1' title="bbox 463 426 598 482">
    <p class='ocr_par' dir='ltr' id='par_1_1' title="bbox 463 426 598 482">
     <span class='ocr_line' id='line_1_1' title="bbox 463 426 598 482; baseline -0.007 0"><span class='ocrx_word' id='word_1_1' title='bbox 463 426 598 482; x_wconf 70' lang='grc'><strong>1035</strong></span> 
     </span>
    </p>
   </div>
   <div class='ocr_carea' id='block_1_2' title="bbox 1884 427 2325 493">
    <p class='ocr_par' dir='ltr' id='par_1_2' title="bbox 1884 427 2325 493">
     <span class='ocr_line' id='line_1_2' title="bbox 1884 427 2325 493; baseline 0.005 -2"><span class='ocrx_word' id='word_1_2' title='bbox 1884 434 1943 492; x_wconf 86' lang='lat' dir='ltr'><strong>S.</strong></span> <span class='ocrx_word' id='word_1_3' title='bbox 1985 427 2325 493; x_wconf 79' lang='lat' dir='ltr'><strong>EPlPllANll</strong></span> 
     </span>
    </p>
   </div>
   <div class='ocr_carea' id='block_1_3' title="bbox 3599 433 3725 499">
    <p class='ocr_par' dir='ltr' id='par_1_3' title="bbox 3599 433 3725 499">
     <span class='ocr_line' id='line_1_3' title="bbox 3599 433 3725 499; baseline 0.032 -4"><span class='ocrx_word' id='word_1_4' title='bbox 3599 433 3725 499; x_wconf 73' lang='grc'><strong>1056</strong></span> 
     </span>
    </p>
   </div>
   <div class='ocr_carea' id='block_1_4' title="bbox 462 534 2057 632">
    <p class='ocr_par' dir='ltr' id='par_1_4' title="bbox 462 545 2050 631">
     <span class='ocr_line' id='line_1_4' title="bbox 462 545 2050 631; baseline 0.007 -33"><span class='ocrx_word' id='word_1_5' title='bbox 462 545 600 631; x_wconf 82' lang='lat' dir='ltr'><strong>Filio</strong></span> <span class='ocrx_word' id='word_1_6' title='bbox 646 546 956 604; x_wconf 75' lang='lat' dir='ltr'><strong>subsistens</strong></span> <span class='ocrx_word' id='word_1_7' title='bbox 1003 563 1222 620; x_wconf 84' lang='lat' dir='ltr'><strong>semper</strong></span> <span class='ocrx_word' id='word_1_8' title='bbox 1252 548 1491 622; x_wconf 90' lang='lat' dir='ltr'><strong>Spiritus</strong></span> <span class='ocrx_word' id='word_1_9' title='bbox 1530 560 1777 619; x_wconf 78' lang='lat' dir='ltr'><strong>sanctus,</strong></span> <span class='ocrx_word' id='word_1_10' title='bbox 1830 553 2050 609; x_wconf 86' lang='lat' dir='ltr'><strong>divinus</strong></span> 
     </span>
    </p>
   </div>
   <div class='ocr_carea' id='block_1_5' title="bbox 2160 534 3720 632">
    <p class='ocr_par' dir='ltr' id='par_1_5' title="bbox 2160 556 3720 632">
     <span class='ocr_line' id='line_1_5' title="bbox 2160 556 3720 632; baseline 0.005 -23"><span class='ocrx_word' id='word_1_11' title='bbox 2160 556 2289 628; x_wconf 80' lang='grc' dir='ltr'>Υίῷ,</span> <span class='ocrx_word' id='word_1_12' title='bbox 2322 556 2687 612; x_wconf 86' lang='grc' dir='ltr'>ἐνυπόστατον</span> <span class='ocrx_word' id='word_1_13' title='bbox 2717 559 2805 612; x_wconf 75' lang='grc' dir='ltr'>ἀεὶ</span> <span class='ocrx_word' id='word_1_14' title='bbox 2833 560 3059 632; x_wconf 83' lang='grc' dir='ltr'>Πνεῦμα</span> <span class='ocrx_word' id='word_1_15' title='bbox 3095 559 3277 629; x_wconf 72' lang='grc' dir='ltr'>ἆγιον,</span> <span class='ocrx_word' id='word_1_16' title='bbox 3312 559 3540 632; x_wconf 82' lang='grc' dir='ltr'>Πνεῦμα</span> <span class='ocrx_word' id='word_1_17' title='bbox 3574 560 3720 631; x_wconf 82' lang='grc' dir='ltr'>θεῖον,</span> 
     </span>
    </p>
   </div>
   <div class='ocr_carea' id='block_1_6' title="bbox 462 638 2057 725">
    <p class='ocr_par' dir='ltr' id='par_1_6' title="bbox 462 638 2048 715">
     <span class='ocr_line' id='line_1_6' title="bbox 462 638 2048 715; baseline 0.007 -23"><span class='ocrx_word' id='word_1_18' title='bbox 462 638 720 709; x_wconf 73' lang='lat' dir='ltr'><strong>Spiritus.</strong></span> <span class='ocrx_word' id='word_1_19' title='bbox 760 641 947 713; x_wconf 80' lang='lat' dir='ltr'><strong>gloriae</strong></span> <span class='ocrx_word' id='word_1_20' title='bbox 986 640 1257 713; x_wconf 76' lang='lat' dir='ltr'><strong>Spiritus,</strong></span> <span class='ocrx_word' id='word_1_21' title='bbox 1308 642 1515 699; x_wconf 87' lang='lat' dir='ltr'><strong>Christi</strong></span> <span class='ocrx_word' id='word_1_22' title='bbox 1559 643 1824 715; x_wconf 87' lang='lat' dir='ltr'><strong>Spiritus,</strong></span> <span class='ocrx_word' id='word_1_23' title='bbox 1867 645 2048 703; x_wconf 85' lang='lat' dir='ltr'><strong>Patris</strong></span> 
     </span>
    </p>
   </div>
   <div class='ocr_carea' id='block_1_7' title="bbox 2160 638 3718 725">
    <p class='ocr_par' dir='ltr' id='par_1_7' title="bbox 2160 649 3718 725">
     <span class='ocr_line' id='line_1_7' title="bbox 2160 649 3718 725; baseline 0.003 -23"><span class='ocrx_word' id='word_1_24' title='bbox 2160 649 2379 721; x_wconf 80' lang='grc' dir='ltr'><strong>Πνεῦμα</strong></span> <span class='ocrx_word' id='word_1_25' title='bbox 2423 650 2603 723; x_wconf 84' lang='grc' dir='ltr'><strong>δόξης,</strong></span> <span class='ocrx_word' id='word_1_26' title='bbox 2644 651 2871 723; x_wconf 81' lang='grc' dir='ltr'><strong>Πνεῦμα</strong></span> <span class='ocrx_word' id='word_1_27' title='bbox 2920 652 3180 725; x_wconf 80' lang='grc' dir='ltr'><strong>Χριστοῦ,</strong></span> <span class='ocrx_word' id='word_1_28' title='bbox 3235 651 3470 723; x_wconf 79' lang='grc' dir='ltr'>Πνεῦμα</span> <span class='ocrx_word' id='word_1_29' title='bbox 3507 653 3718 721; x_wconf 78' lang='grc' dir='ltr'><strong>Πατρός.</strong></span> 
     </span>
    </p>
   </div>
   <div class='ocr_carea' id='block_1_8' title="bbox 462 729 2045 808">
    <p class='ocr_par' dir='ltr' id='par_1_8' title="bbox 462 729 2045 808">
     <span class='ocr_line' id='line_1_8' title="bbox 462 729 2045 808; baseline 0.006 -24"><span class='ocrx_word' id='word_1_30' title='bbox 462 729 720 799; x_wconf 88' lang='lat' dir='ltr'><strong>Spiritus.</strong></span> <span class='ocrx_word' id='word_1_31' title='bbox 757 732 890 787; x_wconf 81' lang='lat' dir='ltr'><strong>Nam</strong></span> <span class='ocrx_word' id='word_1_32' title='bbox 918 731 1149 803; x_wconf 80' lang='lat' dir='ltr'><strong>Spiritus</strong></span> <span class='ocrx_word' id='word_1_33' title='bbox 1175 734 1358 789; x_wconf 85' lang='lat' dir='ltr'><strong>Patris</strong></span> <span class='ocrx_word' id='word_1_34' title='bbox 1380 738 1469 808; x_wconf 85' lang='lat' dir='ltr'><strong>qui</strong></span> <span class='ocrx_word' id='word_1_35' title='bbox 1500 737 1556 790; x_wconf 87' lang='lat' dir='ltr'><strong>in</strong></span> <span class='ocrx_word' id='word_1_36' title='bbox 1580 737 1726 791; x_wconf 77' lang='lat' dir='ltr'><strong>vobis</strong></span> <span class='ocrx_word' id='word_1_37' title='bbox 1753 737 2045 807; x_wconf 74' lang='lat' dir='ltr'><strong>loquitur‘.</strong></span> 
     </span>
    </p>
   </div>
   <div class='ocr_carea' id='block_1_9' title="bbox 2157 743 3719 817">
    <p class='ocr_par' dir='ltr' id='par_1_9' title="bbox 2157 743 3719 817">
     <span class='ocr_line' id='line_1_9' title="bbox 2157 743 3719 817; baseline 0.003 -20"><span class='ocrx_word' id='word_1_38' title='bbox 2157 743 2226 797; x_wconf 82' lang='grc' dir='ltr'><em>Τὸ</em></span> <span class='ocrx_word' id='word_1_39' title='bbox 2268 744 2381 817; x_wconf 77' lang='grc' dir='ltr'>γὰρ</span> <span class='ocrx_word' id='word_1_40' title='bbox 2414 746 2658 815; x_wconf 80' lang='grc' dir='ltr'>Πνεῦμα</span> <span class='ocrx_word' id='word_1_41' title='bbox 2686 745 2792 800; x_wconf 87' lang='grc' dir='ltr'><strong>τοῦ</strong></span> <span class='ocrx_word' id='word_1_42' title='bbox 2822 746 3056 817; x_wconf 79' lang='grc' dir='ltr'>Πατρός</span> <span class='ocrx_word' id='word_1_43' title='bbox 3080 746 3149 801; x_wconf 83' lang='grc' dir='ltr'>τὸ</span> <span class='ocrx_word' id='word_1_44' title='bbox 3176 745 3423 801; x_wconf 75' lang='grc' dir='ltr'>,λαλοῦν</span> <span class='ocrx_word' id='word_1_45' title='bbox 3464 746 3533 800; x_wconf 84' lang='grc' dir='ltr'><strong>ἐν</strong></span> <span class='ocrx_word' id='word_1_46' title='bbox 3577 747 3719 817; x_wconf 81' lang='grc' dir='ltr'>ὑμῖν·</span> 
     </span>
    </p>
   </div>
   <div class='ocr_carea' id='block_1_10' title="bbox 460 821 2057 909">
    <p class='ocr_par' dir='ltr' id='par_1_10' title="bbox 460 821 2046 893">
     <span class='ocr_line' id='line_1_10' title="bbox 460 821 2046 893; baseline 0.006 -18"><span class='ocrx_word' id='word_1_47' title='bbox 460 821 546 887; x_wconf 82' lang='grc' dir='ltr'>Ει,</span> <span class='ocrx_word' id='word_1_48' title='bbox 592 821 824 893; x_wconf 73' lang='lat' dir='ltr'><strong>Spiritus</strong></span> <span class='ocrx_word' id='word_1_49' title='bbox 872 842 1016 880; x_wconf 87' lang='lat' dir='ltr'><strong>meus</strong></span> <span class='ocrx_word' id='word_1_50' title='bbox 1060 826 1116 879; x_wconf 89' lang='lat' dir='ltr'><strong>in</strong></span> <span class='ocrx_word' id='word_1_51' title='bbox 1155 825 1326 880; x_wconf 84' lang='lat' dir='ltr'><strong>medio</strong></span> <span class='ocrx_word' id='word_1_52' title='bbox 1370 828 1527 882; x_wconf 82' lang='lat' dir='ltr'><strong>vestri</strong></span> <span class='ocrx_word' id='word_1_53' title='bbox 1570 828 1877 883; x_wconf 81' lang='lat' dir='ltr'><strong>consistit’.</strong></span> <span class='ocrx_word' id='word_1_54' title='bbox 1902 827 2046 883; x_wconf 89' lang='lat' dir='ltr'><strong>Idem</strong></span> 
     </span>
    </p>
   </div>
   <div class='ocr_carea' id='block_1_11' title="bbox 2160 821 3721 909">
    <p class='ocr_par' dir='ltr' id='par_1_11' title="bbox 2160 836 3721 909">
     <span class='ocr_line' id='line_1_11' title="bbox 2160 836 3721 909; baseline 0.002 -21"><span class='ocrx_word' id='word_1_55' title='bbox 2160 836 2265 900; x_wconf 68' lang='grc' dir='ltr'>καὶ,</span> <span class='ocrx_word' id='word_1_56' title='bbox 2312 837 2385 890; x_wconf 88' lang='grc' dir='ltr'><em>Τὸ</em></span> <span class='ocrx_word' id='word_1_57' title='bbox 2432 837 2677 908; x_wconf 83' lang='grc' dir='ltr'>Πνεῦμὰ</span> <span class='ocrx_word' id='word_1_58' title='bbox 2714 857 2834 909; x_wconf 85' lang='grc' dir='ltr'><strong>μου</strong></span> <span class='ocrx_word' id='word_1_59' title='bbox 2868 839 3203 908; x_wconf 67' lang='grc' dir='ltr'>ἐφέστηκεν</span> <span class='ocrx_word' id='word_1_60' title='bbox 3237 839 3313 892; x_wconf 80' lang='grc' dir='ltr'><strong>ἐν</strong></span> <span class='ocrx_word' id='word_1_61' title='bbox 3348 837 3519 908; x_wconf 81' lang='grc' dir='ltr'>μέσῳ</span> <span class='ocrx_word' id='word_1_62' title='bbox 3555 836 3721 907; x_wconf 80' lang='grc' dir='ltr'>ὑμῶν.</span> 
     </span>
    </p>
   </div>
   <div class='ocr_carea' id='block_1_12' title="bbox 461 912 2047 987">
    <p class='ocr_par' dir='ltr' id='par_1_12' title="bbox 461 912 2047 987">
     <span class='ocr_line' id='line_1_12' title="bbox 461 912 2047 987; baseline 0.006 -25"><span class='ocrx_word' id='word_1_63' title='bbox 461 923 628 979; x_wconf 90' lang='lat' dir='ltr'><strong>porro</strong></span> <span class='ocrx_word' id='word_1_64' title='bbox 671 912 1036 981; x_wconf 80' lang='lat' dir='ltr'><strong>appellatione</strong></span> <span class='ocrx_word' id='word_1_65' title='bbox 1084 916 1299 977; x_wconf 89' lang='lat' dir='ltr'><strong>tertius,</strong></span> <span class='ocrx_word' id='word_1_66' title='bbox 1350 916 1637 973; x_wconf 83' lang='lat' dir='ltr'><strong>divinitate</strong></span> <span class='ocrx_word' id='word_1_67' title='bbox 1680 918 1908 987; x_wconf 70' lang='lat' dir='ltr'><strong>aequalis</strong></span> <span class='ocrx_word' id='word_1_68' title='bbox 1940 926 2047 983; x_wconf 91' lang='lat' dir='ltr'><strong>est,</strong></span> 
     </span>
    </p>
   </div>
   <div class='ocr_carea' id='block_1_13' title="bbox 460 1000 2047 1078">
    <p class='ocr_par' dir='ltr' id='par_1_13' title="bbox 460 1000 2047 1078">
     <span class='ocr_line' id='line_1_13' title="bbox 460 1000 2047 1078; baseline 0.011 -26"><span class='ocrx_word' id='word_1_69' title='bbox 460 1000 597 1055; x_wconf 83' lang='lat' dir='ltr'><strong>nihil</strong></span> <span class='ocrx_word' id='word_1_70' title='bbox 632 1016 662 1054; x_wconf 88' lang='lat' dir='ltr'><strong>a</strong></span> <span class='ocrx_word' id='word_1_71' title='bbox 693 1001 855 1058; x_wconf 87' lang='lat' dir='ltr'><strong>Patre</strong></span> <span class='ocrx_word' id='word_1_72' title='bbox 887 1003 1133 1075; x_wconf 82' lang='lat' dir='ltr'><strong>Filioque</strong></span> <span class='ocrx_word' id='word_1_73' title='bbox 1165 1007 1512 1078; x_wconf 73' lang='lat' dir='ltr'><strong>discrepans,</strong></span> <span class='ocrx_word' id='word_1_74' title='bbox 1538 1008 1827 1067; x_wconf 81' lang='lat' dir='ltr'><strong>Trinitatis</strong></span> <span class='ocrx_word' id='word_1_75' title='bbox 1851 1028 2047 1078; x_wconf 80' lang='lat' dir='ltr'><strong>nexus,</strong></span> 
     </span>
    </p>
   </div>
   <div class='ocr_carea' id='block_1_14' title="bbox 461 1094 2046 1175">
    <p class='ocr_par' dir='ltr' id='par_1_14' title="bbox 461 1094 2046 1175">
     <span class='ocr_line' id='line_1_14' title="bbox 461 1094 2046 1175; baseline 0.008 -27"><span class='ocrx_word' id='word_1_76' title='bbox 461 1094 829 1152; x_wconf 82' lang='lat' dir='ltr'><strong>confessionis</strong></span> <span class='ocrx_word' id='word_1_77' title='bbox 878 1099 1144 1169; x_wconf 84' lang='lat' dir='ltr'><strong>sigillum.</strong></span> <span class='ocrx_word' id='word_1_78' title='bbox 1197 1098 1289 1155; x_wconf 86' lang='lat' dir='ltr'><strong>Sic</strong></span> <span class='ocrx_word' id='word_1_79' title='bbox 1335 1103 1482 1157; x_wconf 91' lang='lat' dir='ltr'><strong>enim</strong></span> <span class='ocrx_word' id='word_1_80' title='bbox 1531 1102 1706 1160; x_wconf 87' lang='lat' dir='ltr'><strong>Filius</strong></span> <span class='ocrx_word' id='word_1_81' title='bbox 1752 1105 2046 1175; x_wconf 87' lang='lat' dir='ltr'><strong>loquitur:</strong></span> 
     </span>
    </p>
   </div>
   <div class='ocr_carea' id='block_1_15' title="bbox 462 1179 2047 1263">
    <p class='ocr_par' dir='ltr' id='par_1_15' title="bbox 462 1179 2047 1263">
     <span class='ocr_line' id='line_1_15' title="bbox 462 1179 2047 1263; baseline 0.012 -30"><span class='ocrx_word' id='word_1_82' title='bbox 462 1179 575 1252; x_wconf 88' lang='lat' dir='ltr'><strong>Ego</strong></span> <span class='ocrx_word' id='word_1_83' title='bbox 603 1193 653 1237; x_wconf 88' lang='lat' dir='ltr'><strong>et</strong></span> <span class='ocrx_word' id='word_1_84' title='bbox 684 1183 849 1240; x_wconf 88' lang='lat' dir='ltr'><strong>Pater</strong></span> <span class='ocrx_word' id='word_1_85' title='bbox 875 1203 1037 1241; x_wconf 88' lang='lat' dir='ltr'><strong>unum</strong></span> <span class='ocrx_word' id='word_1_86' title='bbox 1074 1205 1259 1244; x_wconf 83' lang='lat' dir='ltr'><strong>sumus</strong></span> <span class='ocrx_word' id='word_1_87' title='bbox 1284 1192 1325 1244; x_wconf 84' lang='grc'>³.</span> <span class='ocrx_word' id='word_1_88' title='bbox 1362 1190 1484 1246; x_wconf 84' lang='grc' dir='ltr'><strong>Νοη</strong></span> <span class='ocrx_word' id='word_1_89' title='bbox 1519 1192 1679 1260; x_wconf 80' lang='lat' dir='ltr'><strong>dixit,</strong></span> <span class='ocrx_word' id='word_1_90' title='bbox 1718 1194 1877 1251; x_wconf 89' lang='lat' dir='ltr'><strong>Unus</strong></span> <span class='ocrx_word' id='word_1_91' title='bbox 1904 1212 2047 1263; x_wconf 86' lang='lat' dir='ltr'><strong>sum,</strong></span> 
     </span>
    </p>
   </div>
   <div class='ocr_carea' id='block_1_16' title="bbox 462 1275 2050 1357">
    <p class='ocr_par' dir='ltr' id='par_1_16' title="bbox 462 1275 2050 1357">
     <span class='ocr_line' id='line_1_16' title="bbox 462 1275 2050 1357; baseline 0.009 -29"><span class='ocrx_word' id='word_1_92' title='bbox 462 1275 556 1330; x_wconf 81' lang='lat' dir='ltr'><strong>sed</strong></span> <span class='ocrx_word' id='word_1_93' title='bbox 589 1276 703 1332; x_wconf 75' lang='lat' dir='ltr'><strong>haec</strong></span> <span class='ocrx_word' id='word_1_94' title='bbox 733 1280 918 1346; x_wconf 87' lang='lat' dir='ltr'><strong>verba,</strong></span> <span class='ocrx_word' id='word_1_95' title='bbox 956 1280 1070 1350; x_wconf 83' lang='lat' dir='ltr'><strong>Ego</strong></span> <span class='ocrx_word' id='word_1_96' title='bbox 1100 1291 1149 1337; x_wconf 86' lang='lat' dir='ltr'><strong>et</strong></span> <span class='ocrx_word' id='word_1_97' title='bbox 1178 1282 1363 1348; x_wconf 87' lang='lat' dir='ltr'><strong>Pater,</strong></span> <span class='ocrx_word' id='word_1_98' title='bbox 1398 1300 1555 1341; x_wconf 88' lang='lat' dir='ltr'><strong>suam</strong></span> <span class='ocrx_word' id='word_1_99' title='bbox 1588 1286 1736 1341; x_wconf 80' lang='lat' dir='ltr'><strong>Patri</strong></span> <span class='ocrx_word' id='word_1_100' title='bbox 1760 1303 2050 1357; x_wconf 88' lang='lat' dir='ltr'><strong>personam</strong></span> 
     </span>
    </p>
   </div>
   <div class='ocr_carea' id='block_1_17' title="bbox 461 1370 2053 1451">
    <p class='ocr_par' dir='ltr' id='par_1_17' title="bbox 461 1370 2053 1451">
     <span class='ocr_line' id='line_1_17' title="bbox 461 1370 2053 1451; baseline 0.009 -30"><span class='ocrx_word' id='word_1_101' title='bbox 461 1370 781 1436; x_wconf 87' lang='lat' dir='ltr'><strong>convenire,</strong></span> <span class='ocrx_word' id='word_1_102' title='bbox 810 1388 1080 1445; x_wconf 83' lang='lat' dir='ltr'><strong>suamque</strong></span> <span class='ocrx_word' id='word_1_103' title='bbox 1123 1373 1264 1430; x_wconf 86' lang='lat' dir='ltr'><strong>Filio</strong></span> <span class='ocrx_word' id='word_1_104' title='bbox 1306 1377 1641 1448; x_wconf 84' lang='lat' dir='ltr'><strong>signiﬁcant.</strong></span> <span class='ocrx_word' id='word_1_105' title='bbox 1687 1378 1837 1435; x_wconf 91' lang='lat' dir='ltr'><strong>Duos</strong></span> <span class='ocrx_word' id='word_1_106' title='bbox 1868 1380 2053 1451; x_wconf 85' lang='lat' dir='ltr'><strong>itaque</strong></span> 
     </span>
    </p>
   </div>
   <div class='ocr_carea' id='block_1_18' title="bbox 461 1462 2049 1540">
    <p class='ocr_par' dir='ltr' id='par_1_18' title="bbox 461 1462 2049 1540">
     <span class='ocr_line' id='line_1_18' title="bbox 461 1462 2049 1540; baseline 0.01 -27"><span class='ocrx_word' id='word_1_107' title='bbox 461 1462 788 1527; x_wconf 79' lang='lat' dir='ltr'><strong>nominavit,</strong></span> <span class='ocrx_word' id='word_1_108' title='bbox 840 1480 949 1520; x_wconf 87' lang='lat' dir='ltr'><strong>non</strong></span> <span class='ocrx_word' id='word_1_109' title='bbox 994 1483 1163 1521; x_wconf 91' lang='lat' dir='ltr'><strong>unum</strong></span> <span class='ocrx_word' id='word_1_110' title='bbox 1200 1468 1358 1524; x_wconf 84' lang='lat' dir='ltr'><strong>dixit.</strong></span> <span class='ocrx_word' id='word_1_111' title='bbox 1413 1470 1585 1525; x_wconf 91' lang='lat' dir='ltr'><strong>Item:</strong></span> <span class='ocrx_word' id='word_1_112' title='bbox 1636 1471 1810 1525; x_wconf 82' lang='lat' dir='ltr'><strong>Unum</strong></span> <span class='ocrx_word' id='word_1_113' title='bbox 1843 1490 2049 1540; x_wconf 84' lang='lat' dir='ltr'><strong>sumus,</strong></span> 
     </span>
    </p>
   </div>
   <div class='ocr_carea' id='block_1_19' title="bbox 460 1553 2051 1634">
    <p class='ocr_par' dir='ltr' id='par_1_19' title="bbox 460 1553 2051 1634">
     <span class='ocr_line' id='line_1_19' title="bbox 460 1553 2051 1634; baseline 0.01 -28"><span class='ocrx_word' id='word_1_114' title='bbox 460 1568 594 1619; x_wconf 87' lang='lat' dir='ltr'><strong>non,</strong></span> <span class='ocrx_word' id='word_1_115' title='bbox 626 1553 780 1612; x_wconf 89' lang='lat' dir='ltr'><strong>Unus</strong></span> <span class='ocrx_word' id='word_1_116' title='bbox 798 1571 942 1611; x_wconf 87' lang='lat' dir='ltr'><strong>sum.</strong></span> <span class='ocrx_word' id='word_1_117' title='bbox 971 1558 1235 1615; x_wconf 85' lang='lat' dir='ltr'><strong>Similiter</strong></span> <span class='ocrx_word' id='word_1_118' title='bbox 1256 1569 1310 1616; x_wconf 88' lang='lat' dir='ltr'><strong>et</strong></span> <span class='ocrx_word' id='word_1_119' title='bbox 1339 1561 1470 1616; x_wconf 87' lang='lat' dir='ltr'><strong>illud</strong></span> <span class='ocrx_word' id='word_1_120' title='bbox 1502 1566 1819 1634; x_wconf 80' lang='lat' dir='ltr'><strong>usurpavit:</strong></span> <span class='ocrx_word' id='word_1_121' title='bbox 1853 1564 2051 1622; x_wconf 83' lang='lat' dir='ltr'><strong>Euntes</strong></span> 
     </span>
    </p>
   </div>
   <div class='ocr_carea' id='block_1_20' title="bbox 462 1649 2053 1728">
    <p class='ocr_par' dir='ltr' id='par_1_20' title="bbox 462 1649 2053 1728">
     <span class='ocr_line' id='line_1_20' title="bbox 462 1649 2053 1728; baseline 0.009 -28"><span class='ocrx_word' id='word_1_122' title='bbox 462 1649 732 1716; x_wconf 78' lang='lat' dir='ltr'><strong>baptizate</strong></span> <span class='ocrx_word' id='word_1_123' title='bbox 758 1652 811 1704; x_wconf 91' lang='lat' dir='ltr'><strong>in</strong></span> <span class='ocrx_word' id='word_1_124' title='bbox 842 1654 1054 1707; x_wconf 84' lang='lat' dir='ltr'><strong>nomine</strong></span> <span class='ocrx_word' id='word_1_125' title='bbox 1089 1653 1294 1720; x_wconf 78' lang='lat' dir='ltr'><strong>Patris,</strong></span> <span class='ocrx_word' id='word_1_126' title='bbox 1324 1666 1371 1709; x_wconf 85' lang='lat' dir='ltr'><strong>et</strong></span> <span class='ocrx_word' id='word_1_127' title='bbox 1404 1654 1559 1723; x_wconf 81' lang='lat' dir='ltr'><strong>Filii,</strong></span> <span class='ocrx_word' id='word_1_128' title='bbox 1592 1667 1643 1711; x_wconf 84' lang='lat' dir='ltr'><strong>et</strong></span> <span class='ocrx_word' id='word_1_129' title='bbox 1665 1658 1902 1728; x_wconf 82' lang='lat' dir='ltr'><strong>Spiritus</strong></span> <span class='ocrx_word' id='word_1_130' title='bbox 1927 1677 2053 1714; x_wconf 85' lang='lat' dir='ltr'><strong>san-</strong></span> 
     </span>
    </p>
   </div>
   <div class='ocr_carea' id='block_1_21' title="bbox 378 1745 2050 1829">
    <p class='ocr_par' dir='ltr' id='par_1_21' title="bbox 378 1745 2050 1829">
     <span class='ocr_line' id='line_1_21' title="bbox 378 1745 2050 1829; baseline 0.01 -31"><span class='ocrx_word' id='word_1_131' title='bbox 378 1776 385 1783; x_wconf 68' lang='grc'><strong>»</strong></span> <span class='ocrx_word' id='word_1_132' title='bbox 462 1747 536 1799; x_wconf 83' lang='lat' dir='ltr'><strong>cti</strong></span> <span class='ocrx_word' id='word_1_133' title='bbox 556 1746 596 1801; x_wconf 70' lang='grc'>⁸.</span> <span class='ocrx_word' id='word_1_134' title='bbox 630 1745 733 1803; x_wconf 85' lang='lat' dir='ltr'><strong>Ubi</strong></span> <span class='ocrx_word' id='word_1_135' title='bbox 766 1756 879 1803; x_wconf 89' lang='lat' dir='ltr'><strong>tum</strong></span> <span class='ocrx_word' id='word_1_136' title='bbox 908 1752 1175 1808; x_wconf 86' lang='lat' dir='ltr'><strong>articulus</strong></span> <span class='ocrx_word' id='word_1_137' title='bbox 1204 1753 1316 1822; x_wconf 87' lang='lat' dir='ltr'><strong>ille,</strong></span> <span class='ocrx_word' id='word_1_138' title='bbox 1340 1754 1459 1821; x_wconf 87' lang='grc' dir='ltr'>τοῦ,</span> <span class='ocrx_word' id='word_1_139' title='bbox 1493 1763 1576 1812; x_wconf 87' lang='lat' dir='ltr'><strong>ter</strong></span> <span class='ocrx_word' id='word_1_140' title='bbox 1596 1760 1865 1829; x_wconf 88' lang='lat' dir='ltr'><strong>repetitus</strong></span> <span class='ocrx_word' id='word_1_141' title='bbox 1890 1767 1943 1816; x_wconf 92' lang='lat' dir='ltr'><strong>et</strong></span> <span class='ocrx_word' id='word_1_142' title='bbox 1968 1760 2050 1814; x_wconf 82' lang='lat' dir='ltr'><strong>in-</strong></span> 
     </span>
    </p>
   </div>
   <div class='ocr_carea' id='block_1_22' title="bbox 463 1838 2050 1922">
    <p class='ocr_par' dir='ltr' id='par_1_22' title="bbox 463 1838 2050 1922">
     <span class='ocr_line' id='line_1_22' title="bbox 463 1838 2050 1922; baseline 0.011 -31"><span class='ocrx_word' id='word_1_143' title='bbox 463 1838 729 1909; x_wconf 87' lang='lat' dir='ltr'><strong>terjectus</strong></span> <span class='ocrx_word' id='word_1_144' title='bbox 759 1850 864 1905; x_wconf 89' lang='lat' dir='ltr'><strong>est,</strong></span> <span class='ocrx_word' id='word_1_145' title='bbox 898 1844 1195 1912; x_wconf 90' lang='lat' dir='ltr'><strong>Sabellius,</strong></span> <span class='ocrx_word' id='word_1_146' title='bbox 1228 1847 1321 1918; x_wconf 91' lang='lat' dir='ltr'><strong>qui</strong></span> <span class='ocrx_word' id='word_1_147' title='bbox 1359 1855 1472 1905; x_wconf 89' lang='lat' dir='ltr'><strong>tres</strong></span> <span class='ocrx_word' id='word_1_148' title='bbox 1498 1850 1551 1904; x_wconf 92' lang='lat' dir='ltr'><strong>in</strong></span> <span class='ocrx_word' id='word_1_149' title='bbox 1585 1866 1757 1905; x_wconf 89' lang='lat' dir='ltr'><strong>unum</strong></span> <span class='ocrx_word' id='word_1_150' title='bbox 1782 1867 2050 1922; x_wconf 85' lang='lat' dir='ltr'><strong>personas</strong></span> 
     </span>
    </p>
   </div>
   <div class='ocr_carea' id='block_1_23' title="bbox 464 1909 2127 2017">
    <p class='ocr_par' dir='ltr' id='par_1_23' title="bbox 464 1909 2127 2017">
     <span class='ocr_line' id='line_1_23' title="bbox 464 1909 2127 2017; baseline 0.01 -34"><span class='ocrx_word' id='word_1_151' title='bbox 464 1930 774 1998; x_wconf 82' lang='lat' dir='ltr'><strong>confundit,</strong></span> <span class='ocrx_word' id='word_1_152' title='bbox 827 1934 1062 1992; x_wconf 71' lang='lat' dir='ltr'><strong>Matthmi</strong></span> <span class='ocrx_word' id='word_1_153' title='bbox 1116 1909 1437 1995; x_wconf 48' lang='lat' dir='ltr'><strong>testi-monia</strong></span> <span class='ocrx_word' id='word_1_154' title='bbox 1480 1909 1850 2014; x_wconf 73' lang='lat' dir='ltr'><strong>redarguitur,</strong></span> <span class='ocrx_word' id='word_1_155' title='bbox 1890 1944 2055 2017; x_wconf 66' lang='grc' dir='ltr'><strong>διδ</strong></span> <span class='ocrx_word' id='word_1_156' title='bbox 2083 1909 2127 1968; x_wconf 73' lang='grc' dir='ltr'><strong><em>Β</em></strong></span> 
     </span>
    </p>
   </div>
   <div class='ocr_carea' id='block_1_24' title="bbox 466 2025 2111 2104">
    <p class='ocr_par' dir='ltr' id='par_1_24' title="bbox 466 2025 2111 2104">
     <span class='ocr_line' id='line_1_24' title="bbox 466 2025 2111 2104; baseline 0.012 -27"><span class='ocrx_word' id='word_1_157' title='bbox 466 2039 588 2078; x_wconf 72' lang='lat' dir='ltr'><strong>rum</strong></span> <span class='ocrx_word' id='word_1_158' title='bbox 649 2025 697 2082; x_wconf 92' lang='lat' dir='ltr'><strong>is</strong></span> <span class='ocrx_word' id='word_1_159' title='bbox 758 2042 884 2082; x_wconf 88' lang='lat' dir='ltr'><strong>vere</strong></span> <span class='ocrx_word' id='word_1_160' title='bbox 926 2027 1167 2098; x_wconf 84' lang='lat' dir='ltr'><strong>Patrem,</strong></span> <span class='ocrx_word' id='word_1_161' title='bbox 1224 2047 1460 2104; x_wconf 83' lang='lat' dir='ltr'><strong>vereque</strong></span> <span class='ocrx_word' id='word_1_162' title='bbox 1513 2032 1735 2103; x_wconf 87' lang='lat' dir='ltr'><strong>Filium,</strong></span> <span class='ocrx_word' id='word_1_163' title='bbox 1803 2050 1869 2090; x_wconf 89' lang='lat' dir='ltr'><strong>ac</strong></span> <span class='ocrx_word' id='word_1_164' title='bbox 1930 2052 2057 2095; x_wconf 85' lang='lat' dir='ltr'><strong>vere</strong></span> <span class='ocrx_word' id='word_1_165' title='bbox 2096 2067 2111 2080; x_wconf 84' lang='lat'><strong>-</strong></span> 
     </span>
    </p>
   </div>
   <div class='ocr_carea' id='block_1_25' title="bbox 466 2114 2054 2194">
    <p class='ocr_par' dir='ltr' id='par_1_25' title="bbox 466 2114 2054 2194">
     <span class='ocr_line' id='line_1_25' title="bbox 466 2114 2054 2194; baseline 0.009 -23"><span class='ocrx_word' id='word_1_166' title='bbox 466 2114 734 2187; x_wconf 91' lang='lat' dir='ltr'><strong>Spiritum</strong></span> <span class='ocrx_word' id='word_1_167' title='bbox 801 2131 1053 2176; x_wconf 86' lang='lat' dir='ltr'><strong>sanctum</strong></span> <span class='ocrx_word' id='word_1_168' title='bbox 1114 2124 1393 2194; x_wconf 82' lang='lat' dir='ltr'><strong>exprimit.</strong></span> <span class='ocrx_word' id='word_1_169' title='bbox 1460 2123 1598 2180; x_wconf 90' lang='lat' dir='ltr'><strong>Cum</strong></span> <span class='ocrx_word' id='word_1_170' title='bbox 1660 2134 1843 2182; x_wconf 88' lang='lat' dir='ltr'><strong>autem</strong></span> <span class='ocrx_word' id='word_1_171' title='bbox 1910 2127 2054 2185; x_wconf 88' lang='lat' dir='ltr'><strong>idem</strong></span> 
     </span>
    </p>
   </div>
   <div class='ocr_carea' id='block_1_26' title="bbox 464 2205 2053 2285">
    <p class='ocr_par' dir='ltr' id='par_1_26' title="bbox 464 2205 2053 2285">
     <span class='ocr_line' id='line_1_26' title="bbox 464 2205 2053 2285; baseline 0.01 -26"><span class='ocrx_word' id='word_1_172' title='bbox 464 2206 521 2260; x_wconf 87' lang='lat' dir='ltr'><strong>in</strong></span> <span class='ocrx_word' id='word_1_173' title='bbox 556 2205 826 2264; x_wconf 86' lang='lat' dir='ltr'><strong>Trinitate</strong></span> <span class='ocrx_word' id='word_1_174' title='bbox 880 2227 1240 2281; x_wconf 86' lang='lat' dir='ltr'><strong>personarum</strong></span> <span class='ocrx_word' id='word_1_175' title='bbox 1282 2215 1420 2270; x_wconf 90' lang='lat' dir='ltr'><strong>ordo</strong></span> <span class='ocrx_word' id='word_1_176' title='bbox 1478 2218 1859 2285; x_wconf 80' lang='lat' dir='ltr'><strong>constituitur,</strong></span> <span class='ocrx_word' id='word_1_177' title='bbox 1916 2235 2053 2275; x_wconf 83' lang='lat' dir='ltr'><strong>uno-</strong></span> 
     </span>
    </p>
   </div>
   <div class='ocr_carea' id='block_1_27' title="bbox 463 2302 2053 2379">
    <p class='ocr_par' dir='ltr' id='par_1_27' title="bbox 463 2302 2053 2379">
     <span class='ocr_line' id='line_1_27' title="bbox 463 2302 2053 2379; baseline 0.008 -25"><span class='ocrx_word' id='word_1_178' title='bbox 463 2314 571 2370; x_wconf 87' lang='lat' dir='ltr'><strong>que</strong></span> <span class='ocrx_word' id='word_1_179' title='bbox 613 2302 900 2360; x_wconf 81' lang='lat' dir='ltr'><strong>Trinitatis</strong></span> <span class='ocrx_word' id='word_1_180' title='bbox 970 2306 1193 2362; x_wconf 89' lang='lat' dir='ltr'><strong>nomine</strong></span> <span class='ocrx_word' id='word_1_181' title='bbox 1249 2318 1526 2377; x_wconf 88' lang='lat' dir='ltr'><strong>censetur,</strong></span> <span class='ocrx_word' id='word_1_182' title='bbox 1587 2310 1779 2365; x_wconf 88' lang='lat' dir='ltr'><strong>Arium</strong></span> <span class='ocrx_word' id='word_1_183' title='bbox 1834 2311 2053 2379; x_wconf 81' lang='lat' dir='ltr'><strong>refellit,</strong></span> 
     </span>
    </p>
   </div>
   <div class='ocr_carea' id='block_1_28' title="bbox 463 2394 2058 2473">
    <p class='ocr_par' dir='ltr' id='par_1_28' title="bbox 463 2394 2058 2473">
     <span class='ocr_line' id='line_1_28' title="bbox 463 2394 2058 2473; baseline 0.007 -25"><span class='ocrx_word' id='word_1_184' title='bbox 463 2394 558 2464; x_wconf 89' lang='lat' dir='ltr'><strong>qui</strong></span> <span class='ocrx_word' id='word_1_185' title='bbox 594 2394 909 2453; x_wconf 80' lang='lat' dir='ltr'><strong>inferiorem</strong></span> <span class='ocrx_word' id='word_1_186' title='bbox 959 2398 1253 2469; x_wconf 88' lang='lat' dir='ltr'><strong>quemdam</strong></span> <span class='ocrx_word' id='word_1_187' title='bbox 1301 2399 1356 2455; x_wconf 92' lang='lat' dir='ltr'><strong>in</strong></span> <span class='ocrx_word' id='word_1_188' title='bbox 1396 2399 1668 2458; x_wconf 90' lang='lat' dir='ltr'><strong>Trinitate</strong></span> <span class='ocrx_word' id='word_1_189' title='bbox 1707 2403 1956 2473; x_wconf 82' lang='lat' dir='ltr'><strong>gradum,</strong></span> <span class='ocrx_word' id='word_1_190' title='bbox 1992 2418 2058 2459; x_wconf 86' lang='lat' dir='ltr'><strong>ac</strong></span> 
     </span>
    </p>
   </div>
   <div class='ocr_carea' id='block_1_29' title="bbox 463 2489 2046 2564">
    <p class='ocr_par' dir='ltr' id='par_1_29' title="bbox 463 2489 2046 2564">
     <span class='ocr_line' id='line_1_29' title="bbox 463 2489 2046 2564; baseline 0.003 -20"><span class='ocrx_word' id='word_1_191' title='bbox 463 2489 785 2545; x_wconf 84' lang='lat' dir='ltr'><strong>varietatem</strong></span> <span class='ocrx_word' id='word_1_192' title='bbox 853 2494 1325 2564; x_wconf 79' lang='lat' dir='ltr'><strong>mutationemque</strong></span> <span class='ocrx_word' id='word_1_193' title='bbox 1394 2502 1742 2551; x_wconf 91' lang='lat' dir='ltr'><strong>commentus</strong></span> <span class='ocrx_word' id='word_1_194' title='bbox 1799 2506 1905 2553; x_wconf 89' lang='lat' dir='ltr'><strong>est.</strong></span> <span class='ocrx_word' id='word_1_195' title='bbox 1961 2496 2046 2550; x_wconf 87' lang='lat' dir='ltr'><strong>Et-</strong></span> 
     </span>
    </p>
   </div>
   <div class='ocr_carea' id='block_1_30' title="bbox 463 2581 2059 2656">
    <p class='ocr_par' dir='ltr' id='par_1_30' title="bbox 463 2581 2059 2656">
     <span class='ocr_line' id='line_1_30' title="bbox 463 2581 2059 2656; baseline 0.008 -22"><span class='ocrx_word' id='word_1_196' title='bbox 463 2581 609 2635; x_wconf 89' lang='lat' dir='ltr'><strong>enim</strong></span> <span class='ocrx_word' id='word_1_197' title='bbox 664 2583 792 2638; x_wconf 90' lang='lat' dir='ltr'><strong>licet</strong></span> <span class='ocrx_word' id='word_1_198' title='bbox 845 2583 1023 2654; x_wconf 86' lang='lat' dir='ltr'><strong>major</strong></span> <span class='ocrx_word' id='word_1_199' title='bbox 1071 2600 1101 2639; x_wconf 90' lang='lat' dir='ltr'><strong>a</strong></span> <span class='ocrx_word' id='word_1_200' title='bbox 1157 2584 1297 2642; x_wconf 82' lang='lat' dir='ltr'><strong>Filio</strong></span> <span class='ocrx_word' id='word_1_201' title='bbox 1349 2587 1742 2656; x_wconf 87' lang='lat' dir='ltr'><strong>pronuntiatus</strong></span> <span class='ocrx_word' id='word_1_202' title='bbox 1787 2587 1953 2646; x_wconf 89' lang='lat' dir='ltr'><strong>Pater</strong></span> <span class='ocrx_word' id='word_1_203' title='bbox 1990 2591 2059 2647; x_wconf 89' lang='lat' dir='ltr'><strong>ab</strong></span> 
     </span>
    </p>
   </div>
   <div class='ocr_carea' id='block_1_31' title="bbox 464 2674 2059 2745">
    <p class='ocr_par' dir='ltr' id='par_1_31' title="bbox 464 2674 2059 2745">
     <span class='ocr_line' id='line_1_31' title="bbox 464 2674 2059 2745; baseline 0.006 -18"><span class='ocrx_word' id='word_1_204' title='bbox 464 2674 801 2745; x_wconf 79' lang='lat' dir='ltr'><strong>evangelista</strong></span> <span class='ocrx_word' id='word_1_205' title='bbox 845 2678 1167 2744; x_wconf 74' lang='lat' dir='ltr'><strong>narretur&#39;,</strong></span> <span class='ocrx_word' id='word_1_206' title='bbox 1217 2677 1395 2733; x_wconf 87' lang='lat' dir='ltr'><strong>eidem</strong></span> <span class='ocrx_word' id='word_1_207' title='bbox 1437 2686 1620 2734; x_wconf 88' lang='lat' dir='ltr'><strong>tamen</strong></span> <span class='ocrx_word' id='word_1_208' title='bbox 1651 2678 1790 2735; x_wconf 86' lang='lat' dir='ltr'><strong>Filio</strong></span> <span class='ocrx_word' id='word_1_209' title='bbox 1824 2694 2059 2738; x_wconf 86' lang='lat' dir='ltr'><strong>consen—</strong></span> 
     </span>
    </p>
   </div>
   <div class='ocr_carea' id='block_1_32' title="bbox 464 2767 2060 2842">
    <p class='ocr_par' dir='ltr' id='par_1_32' title="bbox 464 2767 2060 2842">
     <span class='ocr_line' id='line_1_32' title="bbox 464 2767 2060 2842; baseline 0.007 -23"><span class='ocrx_word' id='word_1_210' title='bbox 464 2776 625 2821; x_wconf 88' lang='lat' dir='ltr'><strong>tanee</strong></span> <span class='ocrx_word' id='word_1_211' title='bbox 652 2767 706 2820; x_wconf 92' lang='lat' dir='ltr'><strong>in</strong></span> <span class='ocrx_word' id='word_1_212' title='bbox 741 2768 935 2837; x_wconf 87' lang='lat' dir='ltr'><strong>prunis</strong></span> <span class='ocrx_word' id='word_1_213' title='bbox 966 2769 1197 2840; x_wconf 84' lang='lat' dir='ltr'><strong>gloriam</strong></span> <span class='ocrx_word' id='word_1_214' title='bbox 1230 2769 1505 2825; x_wconf 84' lang='lat' dir='ltr'><strong>attribuit.</strong></span> <span class='ocrx_word' id='word_1_215' title='bbox 1529 2771 1574 2824; x_wconf 88' lang='lat' dir='ltr'><strong>A</strong></span> <span class='ocrx_word' id='word_1_216' title='bbox 1601 2786 1712 2842; x_wconf 90' lang='lat' dir='ltr'><strong>quo</strong></span> <span class='ocrx_word' id='word_1_217' title='bbox 1741 2772 1888 2828; x_wconf 87' lang='lat' dir='ltr'><strong>enim</strong></span> <span class='ocrx_word' id='word_1_218' title='bbox 1922 2774 2060 2830; x_wconf 91' lang='lat' dir='ltr'><strong>cele-</strong></span> 
     </span>
    </p>
   </div>
   <div class='ocr_carea' id='block_1_33' title="bbox 463 2857 2059 2937">
    <p class='ocr_par' dir='ltr' id='par_1_33' title="bbox 463 2857 2059 2937">
     <span class='ocr_line' id='line_1_33' title="bbox 463 2857 2059 2937; baseline 0.005 -24"><span class='ocrx_word' id='word_1_219' title='bbox 463 2857 612 2913; x_wconf 86' lang='lat' dir='ltr'><strong>brari</strong></span> <span class='ocrx_word' id='word_1_220' title='bbox 653 2857 869 2914; x_wconf 87' lang='lat' dir='ltr'><strong>Patrem</strong></span> <span class='ocrx_word' id='word_1_221' title='bbox 902 2859 1129 2917; x_wconf 88' lang='lat' dir='ltr'><strong>decebat</strong></span> <span class='ocrx_word' id='word_1_222' title='bbox 1162 2862 1368 2931; x_wconf 89' lang='lat' dir='ltr'><strong>potius,</strong></span> <span class='ocrx_word' id='word_1_223' title='bbox 1409 2876 1574 2933; x_wconf 88' lang='lat' dir='ltr'><strong>quam</strong></span> <span class='ocrx_word' id='word_1_224' title='bbox 1606 2864 1676 2918; x_wconf 87' lang='lat' dir='ltr'><strong>ab</strong></span> <span class='ocrx_word' id='word_1_225' title='bbox 1706 2879 1772 2920; x_wconf 88' lang='lat' dir='ltr'><strong>eo</strong></span> <span class='ocrx_word' id='word_1_226' title='bbox 1797 2864 1893 2936; x_wconf 92' lang='lat' dir='ltr'><strong>qui</strong></span> <span class='ocrx_word' id='word_1_227' title='bbox 1925 2865 2059 2937; x_wconf 85' lang='lat' dir='ltr'><strong>legi-</strong></span> 
     </span>
    </p>
   </div>
   <div class='ocr_carea' id='block_1_34' title="bbox 463 2951 2059 3027">
    <p class='ocr_par' dir='ltr' id='par_1_34' title="bbox 463 2951 2059 3027">
     <span class='ocr_line' id='line_1_34' title="bbox 463 2951 2059 3027; baseline 0.006 -23"><span class='ocrx_word' id='word_1_228' title='bbox 463 2951 636 3007; x_wconf 88' lang='lat' dir='ltr'><strong>timus</strong></span> <span class='ocrx_word' id='word_1_229' title='bbox 662 2961 809 3007; x_wconf 85' lang='lat' dir='ltr'><strong>esset</strong></span> <span class='ocrx_word' id='word_1_230' title='bbox 839 2951 1053 3009; x_wconf 84' lang='lat' dir='ltr'><strong>Filius?</strong></span> <span class='ocrx_word' id='word_1_231' title='bbox 1083 2954 1188 3010; x_wconf 88' lang='lat' dir='ltr'><strong>Sed</strong></span> <span class='ocrx_word' id='word_1_232' title='bbox 1223 2970 1446 3012; x_wconf 88' lang='lat' dir='ltr'><strong>rursum</strong></span> <span class='ocrx_word' id='word_1_233' title='bbox 1475 2966 1535 3010; x_wconf 87' lang='lat' dir='ltr'><strong>ut</strong></span> <span class='ocrx_word' id='word_1_234' title='bbox 1567 2955 1939 3027; x_wconf 67' lang='lat' dir='ltr'><strong>aequalitatem</strong></span> <span class='ocrx_word' id='word_1_235' title='bbox 1972 2959 2059 3014; x_wconf 87' lang='lat' dir='ltr'><strong>in-</strong></span> 
     </span>
    </p>
   </div>
   <div class='ocr_carea' id='block_1_35' title="bbox 464 3042 2053 3119">
    <p class='ocr_par' dir='ltr' id='par_1_35' title="bbox 464 3042 2053 3119">
     <span class='ocr_line' id='line_1_35' title="bbox 464 3042 2053 3119; baseline 0.005 -21"><span class='ocrx_word' id='word_1_236' title='bbox 464 3042 632 3109; x_wconf 87' lang='lat' dir='ltr'><strong>dicet,</strong></span> <span class='ocrx_word' id='word_1_237' title='bbox 671 3060 742 3100; x_wconf 89' lang='lat' dir='ltr'><strong>ne</strong></span> <span class='ocrx_word' id='word_1_238' title='bbox 775 3045 999 3100; x_wconf 86' lang='lat' dir='ltr'><strong>errandi</strong></span> <span class='ocrx_word' id='word_1_239' title='bbox 1046 3046 1378 3117; x_wconf 82' lang='lat' dir='ltr'><strong>quibusdam</strong></span> <span class='ocrx_word' id='word_1_240' title='bbox 1426 3049 1766 3119; x_wconf 68' lang='lat' dir='ltr'><strong>praeberetur</strong></span> <span class='ocrx_word' id='word_1_241' title='bbox 1812 3051 2053 3117; x_wconf 88' lang='lat' dir='ltr'><strong>occasio,</strong></span> 
     </span>
    </p>
   </div>
   <div class='ocr_carea' id='block_1_36' title="bbox 464 3133 2054 3208">
    <p class='ocr_par' dir='ltr' id='par_1_36' title="bbox 464 3133 2054 3208">
     <span class='ocr_line' id='line_1_36' title="bbox 464 3133 2054 3208; baseline 0.005 -20"><span class='ocrx_word' id='word_1_242' title='bbox 464 3134 559 3203; x_wconf 90' lang='lat' dir='ltr'><strong>qui</strong></span> <span class='ocrx_word' id='word_1_243' title='bbox 592 3133 908 3190; x_wconf 81' lang='lat' dir='ltr'><strong>inferiorem</strong></span> <span class='ocrx_word' id='word_1_244' title='bbox 942 3137 1180 3207; x_wconf 86' lang='lat' dir='ltr'><strong>aliquem</strong></span> <span class='ocrx_word' id='word_1_245' title='bbox 1218 3137 1451 3208; x_wconf 86' lang='lat' dir='ltr'><strong>gradum</strong></span> <span class='ocrx_word' id='word_1_246' title='bbox 1484 3137 1626 3194; x_wconf 91' lang='lat' dir='ltr'><strong>Filio</strong></span> <span class='ocrx_word' id='word_1_247' title='bbox 1651 3139 2054 3207; x_wconf 86' lang='lat' dir='ltr'><strong>concederent;</strong></span> 
     </span>
    </p>
   </div>
   <div class='ocr_carea' id='block_1_37' title="bbox 2154 925 3724 1002">
    <p class='ocr_par' dir='ltr' id='par_1_37' title="bbox 2154 925 3724 1002">
     <span class='ocr_line' id='line_1_37' title="bbox 2154 925 3724 1002; baseline -0.001 -21"><span class='ocrx_word' id='word_1_248' title='bbox 2154 925 2349 998; x_wconf 83' lang='grc' dir='ltr'>Τρίτον</span> <span class='ocrx_word' id='word_1_249' title='bbox 2376 931 2443 1000; x_wconf 79' lang='grc' dir='ltr'>τῇ</span> <span class='ocrx_word' id='word_1_250' title='bbox 2477 929 2762 1001; x_wconf 79' lang='grc' dir='ltr'>ὀνομασίᾳ,</span> <span class='ocrx_word' id='word_1_251' title='bbox 2792 932 2906 984; x_wconf 84' lang='grc' dir='ltr'>ῐσον</span> <span class='ocrx_word' id='word_1_252' title='bbox 2934 934 3000 1002; x_wconf 80' lang='grc' dir='ltr'>τῇ</span> <span class='ocrx_word' id='word_1_253' title='bbox 3038 929 3278 1000; x_wconf 86' lang='grc' dir='ltr'>θεότητι,</span> <span class='ocrx_word' id='word_1_254' title='bbox 3315 928 3419 981; x_wconf 80' lang='grc' dir='ltr'><strong>οὐκ</strong></span> <span class='ocrx_word' id='word_1_255' title='bbox 3450 926 3724 998; x_wconf 75' lang='grc' dir='ltr'>ἠλλοιωμέ-</span> 
     </span>
    </p>
   </div>
   <div class='ocr_carea' id='block_1_38' title="bbox 2152 1013 3725 1089">
    <p class='ocr_par' dir='ltr' id='par_1_38' title="bbox 2152 1013 3725 1089">
     <span class='ocr_line' id='line_1_38' title="bbox 2152 1013 3725 1089; baseline 0.001 -20"><span class='ocrx_word' id='word_1_256' title='bbox 2152 1034 2241 1070; x_wconf 88' lang='grc' dir='ltr'>νον</span> <span class='ocrx_word' id='word_1_257' title='bbox 2275 1017 2429 1088; x_wconf 76' lang='grc' dir='ltr'>παρὰ</span> <span class='ocrx_word' id='word_1_258' title='bbox 2457 1018 2679 1089; x_wconf 81' lang='grc' dir='ltr'>Πατέρα</span> <span class='ocrx_word' id='word_1_259' title='bbox 2707 1019 2804 1073; x_wconf 69' lang='grc' dir='ltr'>καὶ</span> <span class='ocrx_word' id='word_1_260' title='bbox 2829 1019 2979 1082; x_wconf 76' lang='grc' dir='ltr'>Υἱδν,</span> <span class='ocrx_word' id='word_1_261' title='bbox 3009 1018 3312 1089; x_wconf 78' lang='grc' dir='ltr'><strong>σύνδεσμος</strong></span> <span class='ocrx_word' id='word_1_262' title='bbox 3343 1013 3590 1089; x_wconf 80' lang='grc' dir='ltr'>Τριάδος,</span> <span class='ocrx_word' id='word_1_263' title='bbox 3620 1019 3725 1070; x_wconf 85' lang='grc' dir='ltr'>ἐπι-</span> 
     </span>
    </p>
   </div>
   <div class='ocr_carea' id='block_1_39' title="bbox 2156 1106 3725 1180">
    <p class='ocr_par' dir='ltr' id='par_1_39' title="bbox 2156 1106 3725 1180">
     <span class='ocr_line' id='line_1_39' title="bbox 2156 1106 3725 1180; baseline 0 -21"><span class='ocrx_word' id='word_1_264' title='bbox 2156 1107 2392 1178; x_wconf 79' lang='grc' dir='ltr'>σφραγὶς</span> <span class='ocrx_word' id='word_1_265' title='bbox 2432 1108 2533 1178; x_wconf 82' lang='grc' dir='ltr'><strong>τῆς</strong></span> <span class='ocrx_word' id='word_1_266' title='bbox 2570 1108 2879 1179; x_wconf 85' lang='grc' dir='ltr'>ὁμολογίας.</span> <span class='ocrx_word' id='word_1_267' title='bbox 2937 1108 2996 1161; x_wconf 84' lang='grc'><strong>’0</strong></span> <span class='ocrx_word' id='word_1_268' title='bbox 3041 1109 3151 1180; x_wconf 84' lang='grc' dir='ltr'>γὰρ</span> <span class='ocrx_word' id='word_1_269' title='bbox 3197 1108 3333 1173; x_wconf 82' lang='grc' dir='ltr'>Υἱός</span> <span class='ocrx_word' id='word_1_270' title='bbox 3376 1125 3560 1180; x_wconf 72' lang='grc' dir='ltr'>φησιν’</span> <span class='ocrx_word' id='word_1_271' title='bbox 3602 1106 3725 1177; x_wconf 64' lang='grc' dir='ltr'><strong>Ἐγὼ</strong></span> 
     </span>
    </p>
   </div>
   <div class='ocr_carea' id='block_1_40' title="bbox 2154 1196 3725 1271">
    <p class='ocr_par' dir='ltr' id='par_1_40' title="bbox 2154 1196 3725 1271">
     <span class='ocr_line' id='line_1_40' title="bbox 2154 1196 3725 1271; baseline 0.002 -20"><span class='ocrx_word' id='word_1_272' title='bbox 2154 1200 2252 1252; x_wconf 80' lang='grc' dir='ltr'><strong>καὶ</strong></span> <span class='ocrx_word' id='word_1_273' title='bbox 2276 1202 2309 1252; x_wconf 86' lang='grc' dir='ltr'><strong>ό</strong></span> <span class='ocrx_word' id='word_1_274' title='bbox 2326 1199 2529 1268; x_wconf 81' lang='grc' dir='ltr'>Πατὴρ</span> <span class='ocrx_word' id='word_1_275' title='bbox 2551 1200 2621 1253; x_wconf 78' lang='grc' dir='ltr'>ἓν</span> <span class='ocrx_word' id='word_1_276' title='bbox 2642 1200 2850 1270; x_wconf 80' lang='grc' dir='ltr'>ἐσμεν.</span> <span class='ocrx_word' id='word_1_277' title='bbox 2875 1201 2985 1255; x_wconf 76' lang='grc' dir='ltr'><strong>Καὶ</strong></span> <span class='ocrx_word' id='word_1_278' title='bbox 3008 1202 3109 1255; x_wconf 80' lang='grc' dir='ltr'><strong>οὐκ</strong></span> <span class='ocrx_word' id='word_1_279' title='bbox 3131 1196 3309 1267; x_wconf 75' lang='grc' dir='ltr'>εἶπεν,</span> <span class='ocrx_word' id='word_1_280' title='bbox 3334 1198 3437 1264; x_wconf 77' lang='grc' dir='ltr'><strong>Εἷς</strong></span> <span class='ocrx_word' id='word_1_281' title='bbox 3451 1202 3587 1271; x_wconf 76' lang='grc' dir='ltr'>εἰμι’</span> <span class='ocrx_word' id='word_1_282' title='bbox 3607 1199 3725 1254; x_wconf 75' lang='grc' dir='ltr'>ἀλλὰ</span> 
     </span>
    </p>
   </div>
   <div class='ocr_carea' id='block_1_41' title="bbox 2153 1289 3725 1365">
    <p class='ocr_par' dir='ltr' id='par_1_41' title="bbox 2153 1289 3725 1365">
     <span class='ocr_line' id='line_1_41' title="bbox 2153 1289 3725 1365; baseline 0.002 -22"><span class='ocrx_word' id='word_1_283' title='bbox 2153 1289 2236 1354; x_wconf 78' lang='grc' dir='ltr'><strong>τὸ,</strong></span> <span class='ocrx_word' id='word_1_284' title='bbox 2287 1290 2430 1360; x_wconf 76' lang='grc' dir='ltr'><strong>Ἐγὼ</strong></span> <span class='ocrx_word' id='word_1_285' title='bbox 2471 1291 2568 1345; x_wconf 79' lang='grc' dir='ltr'>καὶ</span> <span class='ocrx_word' id='word_1_286' title='bbox 2618 1295 2651 1346; x_wconf 81' lang='grc' dir='ltr'><strong>ό</strong></span> <span class='ocrx_word' id='word_1_287' title='bbox 2696 1291 2924 1362; x_wconf 83' lang='grc' dir='ltr'>Πατὴρ,</span> <span class='ocrx_word' id='word_1_288' title='bbox 2977 1293 3231 1365; x_wconf 79' lang='grc' dir='ltr'>σημαίνει</span> <span class='ocrx_word' id='word_1_289' title='bbox 3264 1292 3625 1346; x_wconf 81' lang='grc' dir='ltr'>ἐνυπόστατον</span> <span class='ocrx_word' id='word_1_290' title='bbox 3647 1289 3725 1346; x_wconf 75' lang='grc' dir='ltr'>τὸν</span> 
     </span>
    </p>
   </div>
   <div class='ocr_carea' id='block_1_42' title="bbox 2154 1379 3724 1453">
    <p class='ocr_par' dir='ltr' id='par_1_42' title="bbox 2154 1379 3724 1453">
     <span class='ocr_line' id='line_1_42' title="bbox 2154 1379 3724 1453; baseline 0.001 -17"><span class='ocrx_word' id='word_1_291' title='bbox 2154 1382 2397 1453; x_wconf 79' lang='grc' dir='ltr'>Πατέρα,</span> <span class='ocrx_word' id='word_1_292' title='bbox 2422 1384 2517 1437; x_wconf 75' lang='grc' dir='ltr'>καὶ</span> <span class='ocrx_word' id='word_1_293' title='bbox 2537 1385 2901 1441; x_wconf 80' lang='grc' dir='ltr'>ὲνυπόστατον</span> <span class='ocrx_word' id='word_1_294' title='bbox 2921 1387 3012 1440; x_wconf 84' lang='grc' dir='ltr'><strong>τὸν</strong></span> <span class='ocrx_word' id='word_1_295' title='bbox 3028 1387 3179 1440; x_wconf 82' lang='grc' dir='ltr'>Υίόν.</span> <span class='ocrx_word' id='word_1_296' title='bbox 3205 1387 3344 1451; x_wconf 76' lang='grc' dir='ltr'>Καὶ,</span> <span class='ocrx_word' id='word_1_297' title='bbox 3367 1389 3434 1439; x_wconf 83' lang='lat' dir='ltr'><strong>Ol</strong></span> <span class='ocrx_word' id='word_1_298' title='bbox 3450 1385 3577 1450; x_wconf 86' lang='grc' dir='ltr'>δύο,</span> <span class='ocrx_word' id='word_1_299' title='bbox 3597 1379 3724 1449; x_wconf 78' lang='grc' dir='ltr'>εἶπε,</span> 
     </span>
    </p>
   </div>
   <div class='ocr_carea' id='block_1_43' title="bbox 2153 1471 3725 1549">
    <p class='ocr_par' dir='ltr' id='par_1_43' title="bbox 2153 1471 3725 1549">
     <span class='ocr_line' id='line_1_43' title="bbox 2153 1471 3725 1549; baseline 0.002 -20"><span class='ocrx_word' id='word_1_300' title='bbox 2153 1476 2249 1530; x_wconf 81' lang='grc' dir='ltr'><strong>καὶ</strong></span> <span class='ocrx_word' id='word_1_301' title='bbox 2273 1478 2375 1529; x_wconf 83' lang='grc' dir='ltr'><strong>οὐκ</strong></span> <span class='ocrx_word' id='word_1_302' title='bbox 2404 1471 2579 1540; x_wconf 79' lang='grc' dir='ltr'>εἶπεν,</span> <span class='ocrx_word' id='word_1_303' title='bbox 2597 1478 2654 1531; x_wconf 87' lang='lat'><strong>&#39;0</strong></span> <span class='ocrx_word' id='word_1_304' title='bbox 2687 1472 2788 1543; x_wconf 74' lang='grc' dir='ltr'>εἷς.</span> <span class='ocrx_word' id='word_1_305' title='bbox 2813 1479 2925 1533; x_wconf 72' lang='grc' dir='ltr'><strong>Καὶ</strong></span> <span class='ocrx_word' id='word_1_306' title='bbox 2953 1478 3137 1546; x_wconf 82' lang='grc' dir='ltr'>πάλιν,</span> <span class='ocrx_word' id='word_1_307' title='bbox 3157 1480 3267 1534; x_wconf 85' lang='grc' dir='ltr'>Ἕν</span> <span class='ocrx_word' id='word_1_308' title='bbox 3293 1480 3506 1549; x_wconf 66' lang='grc' dir='ltr'>ἐσμεν-θ</span> <span class='ocrx_word' id='word_1_309' title='bbox 3532 1478 3619 1532; x_wconf 79' lang='grc' dir='ltr'>καὶ</span> <span class='ocrx_word' id='word_1_310' title='bbox 3639 1478 3725 1532; x_wconf 78' lang='grc' dir='ltr'><strong>οὐκ</strong></span> 
     </span>
    </p>
   </div>
   <div class='ocr_carea' id='block_1_44' title="bbox 2154 1563 3726 1639">
    <p class='ocr_par' dir='ltr' id='par_1_44' title="bbox 2154 1563 3726 1639">
     <span class='ocr_line' id='line_1_44' title="bbox 2154 1563 3726 1639; baseline 0.001 -19"><span class='ocrx_word' id='word_1_311' title='bbox 2154 1563 2328 1631; x_wconf 79' lang='grc' dir='ltr'>εἶπεν,</span> <span class='ocrx_word' id='word_1_312' title='bbox 2368 1565 2466 1633; x_wconf 74' lang='grc' dir='ltr'><strong>Εἷς</strong></span> <span class='ocrx_word' id='word_1_313' title='bbox 2502 1569 2637 1639; x_wconf 76' lang='grc' dir='ltr'>εἰμι.</span> <span class='ocrx_word' id='word_1_314' title='bbox 2675 1569 2951 1634; x_wconf 82' lang='grc' dir='ltr'>Ὡσαύτως</span> <span class='ocrx_word' id='word_1_315' title='bbox 2981 1570 3057 1623; x_wconf 83' lang='grc' dir='ltr'>δέ·</span> <span class='ocrx_word' id='word_1_316' title='bbox 3113 1570 3505 1636; x_wconf 75' lang='grc' dir='ltr'>Ἃπελθόντες</span> <span class='ocrx_word' id='word_1_317' title='bbox 3530 1569 3726 1633; x_wconf 78' lang='grc' dir='ltr'>,βαπτί-</span> 
     </span>
    </p>
   </div>
   <div class='ocr_carea' id='block_1_45' title="bbox 2154 1660 3727 1733">
    <p class='ocr_par' dir='ltr' id='par_1_45' title="bbox 2154 1660 3727 1733">
     <span class='ocr_line' id='line_1_45' title="bbox 2154 1660 3727 1733; baseline -0.001 -18"><span class='ocrx_word' id='word_1_318' title='bbox 2154 1676 2304 1715; x_wconf 84' lang='grc' dir='ltr'>σατε</span> <span class='ocrx_word' id='word_1_319' title='bbox 2328 1664 2416 1728; x_wconf 73' lang='grc' dir='ltr'>εἰς</span> <span class='ocrx_word' id='word_1_320' title='bbox 2440 1662 2507 1716; x_wconf 85' lang='grc' dir='ltr'>τὸ</span> <span class='ocrx_word' id='word_1_321' title='bbox 2541 1663 2732 1732; x_wconf 75' lang='grc' dir='ltr'>ὄνομα</span> <span class='ocrx_word' id='word_1_322' title='bbox 2757 1663 2864 1718; x_wconf 85' lang='grc' dir='ltr'><strong>τοῦ</strong></span> <span class='ocrx_word' id='word_1_323' title='bbox 2896 1664 3154 1733; x_wconf 77' lang='grc' dir='ltr'>Πατρός,</span> <span class='ocrx_word' id='word_1_324' title='bbox 3179 1664 3280 1717; x_wconf 79' lang='grc' dir='ltr'>καὶ</span> <span class='ocrx_word' id='word_1_325' title='bbox 3313 1662 3426 1716; x_wconf 85' lang='grc' dir='ltr'><strong>τοῦ</strong></span> <span class='ocrx_word' id='word_1_326' title='bbox 3468 1660 3618 1725; x_wconf 80' lang='grc' dir='ltr'>Υἱοῦ,</span> <span class='ocrx_word' id='word_1_327' title='bbox 3641 1660 3727 1714; x_wconf 78' lang='grc' dir='ltr'>καὶ</span> 
     </span>
    </p>
   </div>
   <div class='ocr_carea' id='block_1_46' title="bbox 2154 1751 3723 1824">
    <p class='ocr_par' dir='ltr' id='par_1_46' title="bbox 2154 1751 3723 1824">
     <span class='ocr_line' id='line_1_46' title="bbox 2154 1751 3723 1824; baseline 0 -19"><span class='ocrx_word' id='word_1_328' title='bbox 2154 1751 2261 1805; x_wconf 74' lang='grc' dir='ltr'><strong>τοῦ</strong></span> <span class='ocrx_word' id='word_1_329' title='bbox 2298 1753 2472 1822; x_wconf 75' lang='grc' dir='ltr'>ἁγίου</span> <span class='ocrx_word' id='word_1_330' title='bbox 2518 1753 2887 1824; x_wconf 84' lang='grc' dir='ltr'>Πνεύματος.</span> <span class='ocrx_word' id='word_1_331' title='bbox 2940 1754 3138 1809; x_wconf 86' lang='grc' dir='ltr'>Μέσων</span> <span class='ocrx_word' id='word_1_332' title='bbox 3179 1754 3237 1808; x_wconf 85' lang='grc' dir='ltr'>δὲ</span> <span class='ocrx_word' id='word_1_333' title='bbox 3290 1752 3589 1823; x_wconf 77' lang='grc' dir='ltr'>τιθεμένων</span> <span class='ocrx_word' id='word_1_334' title='bbox 3631 1753 3723 1805; x_wconf 77' lang='grc' dir='ltr'>τῶν</span> 
     </span>
    </p>
   </div>
   <div class='ocr_carea' id='block_1_47' title="bbox 2155 1844 3723 1920">
    <p class='ocr_par' dir='ltr' id='par_1_47' title="bbox 2155 1844 3723 1920">
     <span class='ocr_line' id='line_1_47' title="bbox 2155 1844 3723 1920; baseline -0.001 -20"><span class='ocrx_word' id='word_1_335' title='bbox 2155 1844 2376 1917; x_wconf 81' lang='grc' dir='ltr'>ἄρθρων</span> <span class='ocrx_word' id='word_1_336' title='bbox 2407 1845 2509 1916; x_wconf 79' lang='grc' dir='ltr'>τῆς</span> <span class='ocrx_word' id='word_1_337' title='bbox 2546 1845 2817 1920; x_wconf 80' lang='grc' dir='ltr'>συλλαϐῆς</span> <span class='ocrx_word' id='word_1_338' title='bbox 2848 1846 2963 1912; x_wconf 91' lang='grc' dir='ltr'>τοῦ,</span> <span class='ocrx_word' id='word_1_339' title='bbox 2986 1847 3104 1912; x_wconf 89' lang='grc' dir='ltr'>τοῦ,</span> <span class='ocrx_word' id='word_1_340' title='bbox 3137 1847 3233 1901; x_wconf 74' lang='grc' dir='ltr'>καὶ</span> <span class='ocrx_word' id='word_1_341' title='bbox 3258 1847 3381 1903; x_wconf 85' lang='grc' dir='ltr'>τοῦ.</span> <span class='ocrx_word' id='word_1_342' title='bbox 3405 1847 3516 1901; x_wconf 75' lang='grc' dir='ltr'>Καὶ</span> <span class='ocrx_word' id='word_1_343' title='bbox 3537 1846 3723 1916; x_wconf 76' lang='grc' dir='ltr'>ἐλέγχει</span> 
     </span>
    </p>
   </div>
   <div class='ocr_carea' id='block_1_48' title="bbox 2158 1937 3719 2012">
    <p class='ocr_par' dir='ltr' id='par_1_48' title="bbox 2158 1937 3719 2012">
     <span class='ocr_line' id='line_1_48' title="bbox 2158 1937 3719 2012; baseline 0 -21"><span class='ocrx_word' id='word_1_344' title='bbox 2158 1937 2446 1992; x_wconf 79' lang='grc' dir='ltr'>Σαϐέλλιον</span> <span class='ocrx_word' id='word_1_345' title='bbox 2478 1938 2778 2003; x_wconf 87' lang='grc' dir='ltr'>Ματθαῖος,</span> <span class='ocrx_word' id='word_1_346' title='bbox 2798 1939 2896 2011; x_wconf 85' lang='grc' dir='ltr'><strong>τὴν</strong></span> <span class='ocrx_word' id='word_1_347' title='bbox 2916 1940 3251 2012; x_wconf 79' lang='grc' dir='ltr'>συναλοιφὴν</span> <span class='ocrx_word' id='word_1_348' title='bbox 3287 1940 3719 2011; x_wconf 78' lang='grc' dir='ltr'>παρεισφέροντα.</span> 
     </span>
    </p>
   </div>
   <div class='ocr_carea' id='block_1_49' title="bbox 2160 2031 3722 2104">
    <p class='ocr_par' dir='ltr' id='par_1_49' title="bbox 2160 2031 3722 2104">
     <span class='ocr_line' id='line_1_49' title="bbox 2160 2031 3722 2104; baseline 0 -19"><span class='ocrx_word' id='word_1_349' title='bbox 2160 2033 2333 2086; x_wconf 84' lang='grc' dir='ltr'>Ὅπου</span> <span class='ocrx_word' id='word_1_350' title='bbox 2362 2031 2406 2063; x_wconf 73' lang='grc'><strong>⁸³</strong></span> <span class='ocrx_word' id='word_1_351' title='bbox 2435 2032 2545 2101; x_wconf 79' lang='grc' dir='ltr'>γὰρ</span> <span class='ocrx_word' id='word_1_352' title='bbox 2576 2033 2668 2086; x_wconf 72' lang='grc' dir='ltr'><strong>καὶ</strong></span> <span class='ocrx_word' id='word_1_353' title='bbox 2696 2033 2952 2104; x_wconf 89' lang='grc' dir='ltr'>σημαίνει</span> <span class='ocrx_word' id='word_1_354' title='bbox 2998 2033 3212 2104; x_wconf 84' lang='grc' dir='ltr'>ἀληθῶς</span> <span class='ocrx_word' id='word_1_355' title='bbox 3254 2034 3502 2104; x_wconf 82' lang='grc' dir='ltr'>Πατέρα,</span> <span class='ocrx_word' id='word_1_356' title='bbox 3536 2032 3722 2103; x_wconf 79' lang='grc' dir='ltr'>ἀληθῶς</span> 
     </span>
    </p>
   </div>
   <div class='ocr_carea' id='block_1_50' title="bbox 2159 2123 3718 2196">
    <p class='ocr_par' dir='ltr' id='par_1_50' title="bbox 2159 2123 3718 2196">
     <span class='ocr_line' id='line_1_50' title="bbox 2159 2123 3718 2196; baseline -0.002 -18"><span class='ocrx_word' id='word_1_357' title='bbox 2159 2125 2310 2192; x_wconf 75' lang='grc' dir='ltr'>Υίδν,</span> <span class='ocrx_word' id='word_1_358' title='bbox 2350 2123 2569 2196; x_wconf 83' lang='grc' dir='ltr'>ἀληθῶς</span> <span class='ocrx_word' id='word_1_359' title='bbox 2610 2124 2764 2193; x_wconf 82' lang='grc' dir='ltr'>ἆγιον</span> <span class='ocrx_word' id='word_1_360' title='bbox 2795 2123 3039 2196; x_wconf 85' lang='grc' dir='ltr'>Πνεῦμα·</span> <span class='ocrx_word' id='word_1_361' title='bbox 3078 2125 3238 2179; x_wconf 80' lang='grc' dir='ltr'>ὁπότε</span> <span class='ocrx_word' id='word_1_362' title='bbox 3275 2125 3335 2178; x_wconf 81' lang='grc' dir='ltr'>δὲ</span> <span class='ocrx_word' id='word_1_363' title='bbox 3372 2125 3718 2196; x_wconf 79' lang='grc' dir='ltr'>ὁμόστοιχοςὴ</span> 
     </span>
    </p>
   </div>
   <div class='ocr_carea' id='block_1_51' title="bbox 2159 2213 3722 2287">
    <p class='ocr_par' dir='ltr' id='par_1_51' title="bbox 2159 2213 3722 2287">
     <span class='ocr_line' id='line_1_51' title="bbox 2159 2213 3722 2287; baseline -0.003 -19"><span class='ocrx_word' id='word_1_364' title='bbox 2159 2214 2353 2286; x_wconf 84' lang='grc' dir='ltr'>Τριὰς,</span> <span class='ocrx_word' id='word_1_365' title='bbox 2387 2215 2484 2268; x_wconf 76' lang='grc' dir='ltr'>καὶ</span> <span class='ocrx_word' id='word_1_366' title='bbox 2518 2216 2577 2268; x_wconf 84' lang='grc' dir='ltr'><strong>ἐν</strong></span> <span class='ocrx_word' id='word_1_367' title='bbox 2609 2215 2689 2268; x_wconf 77' lang='grc' dir='ltr'><strong>ἐνὶ</strong></span> <span class='ocrx_word' id='word_1_368' title='bbox 2716 2214 2942 2285; x_wconf 81' lang='grc' dir='ltr'>ὀνόματι</span> <span class='ocrx_word' id='word_1_369' title='bbox 2970 2215 3143 2287; x_wconf 73' lang='grc' dir='ltr'>Τριὰς</span> <span class='ocrx_word' id='word_1_370' title='bbox 3169 2214 3504 2285; x_wconf 80' lang='grc' dir='ltr'>καλουμένη,</span> <span class='ocrx_word' id='word_1_371' title='bbox 3537 2213 3722 2282; x_wconf 76' lang='grc' dir='ltr'>ἐλέγχει</span> 
     </span>
    </p>
   </div>
   <div class='ocr_carea' id='block_1_52' title="bbox 2157 2303 3716 2377">
    <p class='ocr_par' dir='ltr' id='par_1_52' title="bbox 2157 2303 3716 2377">
     <span class='ocr_line' id='line_1_52' title="bbox 2157 2303 3716 2377; baseline -0.003 -16"><span class='ocrx_word' id='word_1_372' title='bbox 2157 2307 2250 2361; x_wconf 84' lang='grc' dir='ltr'><strong>τὸν</strong></span> <span class='ocrx_word' id='word_1_373' title='bbox 2281 2308 2523 2377; x_wconf 81' lang='grc' dir='ltr'>Ἀρειον,</span> <span class='ocrx_word' id='word_1_374' title='bbox 2554 2305 2824 2360; x_wconf 78' lang='grc' dir='ltr'>ὑπόϐασιν</span> <span class='ocrx_word' id='word_1_375' title='bbox 2840 2322 2962 2359; x_wconf 83' lang='grc' dir='ltr'>τινα</span> <span class='ocrx_word' id='word_1_376' title='bbox 2980 2305 3366 2376; x_wconf 80' lang='grc' dir='ltr'>διανοούμενον</span> <span class='ocrx_word' id='word_1_377' title='bbox 3397 2307 3454 2358; x_wconf 81' lang='grc' dir='ltr'><strong>ἐν</strong></span> <span class='ocrx_word' id='word_1_378' title='bbox 3489 2307 3553 2374; x_wconf 83' lang='grc' dir='ltr'>τῇ</span> <span class='ocrx_word' id='word_1_379' title='bbox 3577 2303 3716 2374; x_wconf 79' lang='grc' dir='ltr'>Τριά-</span> 
     </span>
    </p>
   </div>
   <div class='ocr_carea' id='block_1_53' title="bbox 2156 2390 3721 2469">
    <p class='ocr_par' dir='ltr' id='par_1_53' title="bbox 2156 2390 3721 2469">
     <span class='ocr_line' id='line_1_53' title="bbox 2156 2390 3721 2469; baseline 0 -22"><span class='ocrx_word' id='word_1_380' title='bbox 2156 2396 2231 2462; x_wconf 82' lang='grc' dir='ltr'><strong>δι,</strong></span> <span class='ocrx_word' id='word_1_381' title='bbox 2254 2397 2289 2469; x_wconf 82' lang='grc' dir='ltr'>ἢ</span> <span class='ocrx_word' id='word_1_382' title='bbox 2316 2395 2626 2462; x_wconf 74' lang='grc' dir='ltr'>ἀλλοίωσιν,</span> <span class='ocrx_word' id='word_1_383' title='bbox 2665 2396 2698 2468; x_wconf 79' lang='grc' dir='ltr'>ἢ</span> <span class='ocrx_word' id='word_1_384' title='bbox 2724 2395 3103 2467; x_wconf 86' lang='grc' dir='ltr'>παραλλαγήν.</span> <span class='ocrx_word' id='word_1_385' title='bbox 3138 2395 3261 2449; x_wconf 73' lang='grc' dir='ltr'>Κάν</span> <span class='ocrx_word' id='word_1_386' title='bbox 3279 2412 3343 2448; x_wconf 85' lang='grc' dir='ltr'><strong>τε</strong></span> <span class='ocrx_word' id='word_1_387' title='bbox 3373 2394 3483 2464; x_wconf 85' lang='grc' dir='ltr'>γὰρ</span> <span class='ocrx_word' id='word_1_388' title='bbox 3506 2395 3535 2447; x_wconf 84' lang='grc' dir='ltr'><strong>ὁ</strong></span> <span class='ocrx_word' id='word_1_389' title='bbox 3557 2390 3721 2463; x_wconf 76' lang='grc' dir='ltr'>Πατὴρ</span> 
     </span>
    </p>
   </div>
   <div class='ocr_carea' id='block_1_54' title="bbox 2163 2484 3716 2561">
    <p class='ocr_par' dir='ltr' id='par_1_54' title="bbox 2163 2484 3716 2561">
     <span class='ocr_line' id='line_1_54' title="bbox 2163 2484 3716 2561; baseline -0.004 -19"><span class='ocrx_word' id='word_1_390' title='bbox 2163 2489 2365 2561; x_wconf 78' lang='grc' dir='ltr'>μείζων</span> <span class='ocrx_word' id='word_1_391' title='bbox 2418 2486 2574 2560; x_wconf 81' lang='grc' dir='ltr'>παρὰ</span> <span class='ocrx_word' id='word_1_392' title='bbox 2627 2486 2758 2541; x_wconf 88' lang='grc' dir='ltr'>Υίοῦ</span> <span class='ocrx_word' id='word_1_393' title='bbox 2812 2488 3280 2559; x_wconf 76' lang='grc' dir='ltr'>δογματιζόμενος</span> <span class='ocrx_word' id='word_1_394' title='bbox 3328 2484 3716 2556; x_wconf 83' lang='grc' dir='ltr'>ἀπαγγέλλεται,</span> 
     </span>
    </p>
   </div>
   <div class='ocr_carea' id='block_1_55' title="bbox 2160 2570 3736 2655">
    <p class='ocr_par' dir='ltr' id='par_1_55' title="bbox 2160 2570 3736 2655">
     <span class='ocr_line' id='line_1_55' title="bbox 2160 2570 3736 2655; baseline -0.005 -20"><span class='ocrx_word' id='word_1_395' title='bbox 2160 2580 2635 2655; x_wconf 85' lang='grc' dir='ltr'>πρεπωδεστάτως</span> <span class='ocrx_word' id='word_1_396' title='bbox 2654 2579 2733 2651; x_wconf 82' lang='grc' dir='ltr'>τῷ</span> <span class='ocrx_word' id='word_1_397' title='bbox 2750 2579 2867 2652; x_wconf 85' lang='grc' dir='ltr'><strong>Υίῷ</strong></span> <span class='ocrx_word' id='word_1_398' title='bbox 2891 2580 2992 2653; x_wconf 83' lang='grc' dir='ltr'>τὴν</span> <span class='ocrx_word' id='word_1_399' title='bbox 3020 2578 3178 2645; x_wconf 81' lang='grc' dir='ltr'>δόξαν</span> <span class='ocrx_word' id='word_1_400' title='bbox 3212 2580 3594 2651; x_wconf 81' lang='grc' dir='ltr'>περιποιεῖται.</span> <span class='ocrx_word' id='word_1_401' title='bbox 3623 2570 3736 2629; x_wconf 64' lang='grc' dir='ltr'>Τίνι</span> 
     </span>
    </p>
   </div>
   <div class='ocr_carea' id='block_1_56' title="bbox 2158 2666 3720 2747">
    <p class='ocr_par' dir='ltr' id='par_1_56' title="bbox 2158 2666 3720 2747">
     <span class='ocr_line' id='line_1_56' title="bbox 2158 2666 3720 2747; baseline -0.005 -19"><span class='ocrx_word' id='word_1_402' title='bbox 2158 2674 2270 2747; x_wconf 85' lang='grc' dir='ltr'>γὰρ</span> <span class='ocrx_word' id='word_1_403' title='bbox 2306 2673 2517 2746; x_wconf 78' lang='grc' dir='ltr'>ἔπρεπε</span> <span class='ocrx_word' id='word_1_404' title='bbox 2550 2671 2795 2740; x_wconf 75' lang='grc' dir='ltr'>δοξάζειν</span> <span class='ocrx_word' id='word_1_405' title='bbox 2839 2671 2971 2728; x_wconf 75' lang='grc' dir='ltr'>[διον</span> <span class='ocrx_word' id='word_1_406' title='bbox 3010 2672 3231 2744; x_wconf 81' lang='grc' dir='ltr'>Πατέρα</span> <span class='ocrx_word' id='word_1_407' title='bbox 3269 2670 3409 2725; x_wconf 81' lang='grc' dir='ltr'>ἀλλὰ</span> <span class='ocrx_word' id='word_1_408' title='bbox 3437 2669 3513 2740; x_wconf 82' lang='grc' dir='ltr'><strong>τῷ</strong></span> <span class='ocrx_word' id='word_1_409' title='bbox 3542 2666 3720 2739; x_wconf 80' lang='grc' dir='ltr'>γνησίῳ</span> 
     </span>
    </p>
   </div>
   <div class='ocr_carea' id='block_1_57' title="bbox 2159 2760 3717 2839">
    <p class='ocr_par' dir='ltr' id='par_1_57' title="bbox 2159 2760 3717 2839">
     <span class='ocr_line' id='line_1_57' title="bbox 2159 2760 3717 2839; baseline -0.007 -17"><span class='ocrx_word' id='word_1_410' title='bbox 2159 2766 2311 2839; x_wconf 83' lang='grc' dir='ltr'>Υίῷ;</span> <span class='ocrx_word' id='word_1_411' title='bbox 2342 2768 2514 2821; x_wconf 84' lang='grc' dir='ltr'>Ὅταν</span> <span class='ocrx_word' id='word_1_412' title='bbox 2549 2766 2608 2821; x_wconf 84' lang='grc' dir='ltr'>δὲ</span> <span class='ocrx_word' id='word_1_413' title='bbox 2652 2765 2817 2820; x_wconf 78' lang='grc' dir='ltr'>πάλιν</span> <span class='ocrx_word' id='word_1_414' title='bbox 2860 2765 2960 2838; x_wconf 85' lang='grc' dir='ltr'><strong>τὴν</strong></span> <span class='ocrx_word' id='word_1_415' title='bbox 3007 2766 3228 2836; x_wconf 73' lang='grc' dir='ltr'>ἰσότητα</span> <span class='ocrx_word' id='word_1_416' title='bbox 3272 2762 3521 2835; x_wconf 77' lang='grc' dir='ltr'>βούλεται</span> <span class='ocrx_word' id='word_1_417' title='bbox 3549 2760 3717 2827; x_wconf 71' lang='grc' dir='ltr'>Αὲγειν,</span> 
     </span>
    </p>
   </div>
   <div class='ocr_carea' id='block_1_58' title="bbox 2161 2850 3718 2933">
    <p class='ocr_par' dir='ltr' id='par_1_58' title="bbox 2161 2850 3718 2933">
     <span class='ocr_line' id='line_1_58' title="bbox 2161 2850 3718 2933; baseline -0.008 -17"><span class='ocrx_word' id='word_1_418' title='bbox 2161 2862 2249 2916; x_wconf 75' lang='grc' dir='ltr'>ἵνα</span> <span class='ocrx_word' id='word_1_419' title='bbox 2276 2862 2350 2933; x_wconf 85' lang='grc' dir='ltr'>μὴ</span> <span class='ocrx_word' id='word_1_420' title='bbox 2380 2859 2657 2914; x_wconf 81' lang='grc' dir='ltr'>ἐκπέσωσί</span> <span class='ocrx_word' id='word_1_421' title='bbox 2685 2876 2850 2924; x_wconf 86' lang='grc' dir='ltr'>τινες,</span> <span class='ocrx_word' id='word_1_422' title='bbox 2884 2853 3052 2930; x_wconf 78' lang='grc' dir='ltr'>ἧσσον</span> <span class='ocrx_word' id='word_1_423' title='bbox 3077 2856 3152 2921; x_wconf 84' lang='grc' dir='ltr'>ὡς</span> <span class='ocrx_word' id='word_1_424' title='bbox 3175 2858 3311 2929; x_wconf 76' lang='grc' dir='ltr'>περὶ</span> <span class='ocrx_word' id='word_1_425' title='bbox 3345 2855 3470 2909; x_wconf 84' lang='grc' dir='ltr'>Υἱοῦ</span> <span class='ocrx_word' id='word_1_426' title='bbox 3512 2850 3718 2908; x_wconf 82' lang='grc' dir='ltr'>διανοού-</span> 
     </span>
    </p>
   </div>
   <div class='ocr_carea' id='block_1_59' title="bbox 2164 2939 3719 3026">
    <p class='ocr_par' dir='ltr' id='par_1_59' title="bbox 2164 2939 3719 3026">
     <span class='ocr_line' id='line_1_59' title="bbox 2164 2939 3719 3026; baseline -0.006 -19"><span class='ocrx_word' id='word_1_427' title='bbox 2164 2971 2337 3026; x_wconf 87' lang='grc' dir='ltr'>μενοι,</span> <span class='ocrx_word' id='word_1_428' title='bbox 2363 2951 2538 3017; x_wconf 83' lang='grc' dir='ltr'>οῦτως</span> <span class='ocrx_word' id='word_1_429' title='bbox 2566 2951 2752 3023; x_wconf 74' lang='grc' dir='ltr'>φησιν’</span> <span class='ocrx_word' id='word_1_430' title='bbox 2795 2951 2850 3003; x_wconf 86' lang='lat'><strong>&#39;0</strong></span> <span class='ocrx_word' id='word_1_431' title='bbox 2866 2950 2955 3020; x_wconf 75' lang='grc' dir='ltr'>μὴ</span> <span class='ocrx_word' id='word_1_432' title='bbox 2983 2947 3172 3018; x_wconf 83' lang='grc' dir='ltr'>τιμῶν</span> <span class='ocrx_word' id='word_1_433' title='bbox 3198 2948 3312 3002; x_wconf 84' lang='grc' dir='ltr'>τὸν</span> <span class='ocrx_word' id='word_1_434' title='bbox 3331 2949 3484 3010; x_wconf 79' lang='grc' dir='ltr'>Υιὸν,</span> <span class='ocrx_word' id='word_1_435' title='bbox 3507 2945 3581 3011; x_wconf 87' lang='grc' dir='ltr'>ὠς</span> <span class='ocrx_word' id='word_1_436' title='bbox 3603 2939 3719 3011; x_wconf 80' lang='grc' dir='ltr'>τιμᾷ</span> 
     </span>
    </p>
   </div>
   <div class='ocr_carea' id='block_1_60' title="bbox 2158 3036 3715 3114">
    <p class='ocr_par' dir='ltr' id='par_1_60' title="bbox 2158 3036 3715 3114">
     <span class='ocr_line' id='line_1_60' title="bbox 2158 3036 3715 3114; baseline -0.009 -13"><span class='ocrx_word' id='word_1_437' title='bbox 2158 3047 2268 3102; x_wconf 82' lang='grc' dir='ltr'>τὸν</span> <span class='ocrx_word' id='word_1_438' title='bbox 2293 3044 2549 3114; x_wconf 84' lang='grc' dir='ltr'>Πατέρα,</span> <span class='ocrx_word' id='word_1_439' title='bbox 2575 3046 2687 3099; x_wconf 83' lang='grc' dir='ltr'>οὐκ</span> <span class='ocrx_word' id='word_1_440' title='bbox 2713 3042 2843 3114; x_wconf 75' lang='grc' dir='ltr'>ἔχει</span> <span class='ocrx_word' id='word_1_441' title='bbox 2876 3042 3030 3111; x_wconf 77' lang='grc' dir='ltr'>ζωὴν</span> <span class='ocrx_word' id='word_1_442' title='bbox 3058 3043 3128 3096; x_wconf 79' lang='grc' dir='ltr'><strong>ἐν</strong></span> <span class='ocrx_word' id='word_1_443' title='bbox 3148 3039 3368 3107; x_wconf 69' lang='grc' dir='ltr'>ἑαυτῷν</span> <span class='ocrx_word' id='word_1_444' title='bbox 3403 3040 3515 3103; x_wconf 77' lang='grc' dir='ltr'>καὶ,</span> <span class='ocrx_word' id='word_1_445' title='bbox 3542 3036 3715 3092; x_wconf 81' lang='grc' dir='ltr'>Πάντα</span> 
     </span>
    </p>
   </div>
   <div class='ocr_carea' id='block_1_61' title="bbox 2157 3124 3715 3206">
    <p class='ocr_par' dir='ltr' id='par_1_61' title="bbox 2157 3124 3715 3206">
     <span class='ocr_line' id='line_1_61' title="bbox 2157 3124 3715 3206; baseline -0.012 -11"><span class='ocrx_word' id='word_1_446' title='bbox 2157 3142 2230 3195; x_wconf 85' lang='grc' dir='ltr'>τὰ</span> <span class='ocrx_word' id='word_1_447' title='bbox 2262 3138 2371 3193; x_wconf 86' lang='grc' dir='ltr'><strong>τοῦ</strong></span> <span class='ocrx_word' id='word_1_448' title='bbox 2399 3139 2633 3206; x_wconf 82' lang='grc' dir='ltr'>Πατρός</span> <span class='ocrx_word' id='word_1_449' title='bbox 2672 3154 2813 3206; x_wconf 82' lang='grc' dir='ltr'>μου,</span> <span class='ocrx_word' id='word_1_450' title='bbox 2843 3133 2956 3205; x_wconf 81' lang='grc' dir='ltr'>ἐμά</span> <span class='ocrx_word' id='word_1_451' title='bbox 2981 3137 3134 3190; x_wconf 82' lang='grc' dir='ltr'>ἐστι.</span> <span class='ocrx_word' id='word_1_452' title='bbox 3166 3132 3231 3187; x_wconf 92' lang='grc' dir='ltr'>Τί</span> <span class='ocrx_word' id='word_1_453' title='bbox 3272 3132 3336 3187; x_wconf 84' lang='grc' dir='ltr'>δέ</span> <span class='ocrx_word' id='word_1_454' title='bbox 3382 3134 3513 3196; x_wconf 85' lang='grc' dir='ltr'>ἐστι,</span> <span class='ocrx_word' id='word_1_455' title='bbox 3543 3129 3607 3182; x_wconf 86' lang='grc' dir='ltr'>τὰ</span> <span class='ocrx_word' id='word_1_456' title='bbox 3630 3124 3715 3179; x_wconf 85' lang='grc' dir='ltr'><strong>τοῦ</strong></span> 
     </span>
    </p>
   </div>
   <div class='ocr_carea' id='block_1_62' title="bbox 427 3218 2057 3321">
    <p class='ocr_par' dir='ltr' id='par_1_62' title="bbox 427 3227 2055 3303">
     <span class='ocr_line' id='line_1_62' title="bbox 427 3227 2055 3303; baseline 0.005 -23"><span class='ocrx_word' id='word_1_457' title='bbox 427 3256 433 3267; x_wconf 69' lang='grc' dir='ltr'><strong><em>α</em></strong></span> <span class='ocrx_word' id='word_1_458' title='bbox 465 3227 613 3281; x_wconf 87' lang='lat' dir='ltr'><strong>hunc</strong></span> <span class='ocrx_word' id='word_1_459' title='bbox 648 3228 704 3282; x_wconf 93' lang='lat' dir='ltr'><strong>in</strong></span> <span class='ocrx_word' id='word_1_460' title='bbox 745 3228 966 3283; x_wconf 89' lang='lat' dir='ltr'><strong>modum</strong></span> <span class='ocrx_word' id='word_1_461' title='bbox 1017 3230 1296 3300; x_wconf 87' lang='lat' dir='ltr'><strong>loquitur:</strong></span> <span class='ocrx_word' id='word_1_462' title='bbox 1328 3230 1434 3298; x_wconf 84' lang='lat' dir='ltr'><strong>Qui</strong></span> <span class='ocrx_word' id='word_1_463' title='bbox 1471 3248 1573 3286; x_wconf 88' lang='lat' dir='ltr'><strong>non</strong></span> <span class='ocrx_word' id='word_1_464' title='bbox 1605 3230 1921 3303; x_wconf 78' lang='lat' dir='ltr'><strong>honori/ient</strong></span> <span class='ocrx_word' id='word_1_465' title='bbox 1955 3232 2055 3288; x_wconf 83' lang='lat' dir='ltr'><strong>Fi-</strong></span> 
     </span>
    </p>
   </div>
   <div class='ocr_carea' id='block_1_63' title="bbox 2160 3218 3716 3321">
    <p class='ocr_par' dir='ltr' id='par_1_63' title="bbox 2160 3218 3716 3321">
     <span class='ocr_line' id='line_1_63' title="bbox 2160 3218 3716 3321; baseline -0.01 -35"><span class='ocrx_word' id='word_1_466' title='bbox 2160 3230 2417 3302; x_wconf 77' lang='grc' dir='ltr'>Πατρός,</span> <span class='ocrx_word' id='word_1_467' title='bbox 2468 3229 2585 3284; x_wconf 84' lang='grc' dir='ltr'>ἀλλ’</span> <span class='ocrx_word' id='word_1_468' title='bbox 2618 3230 2675 3300; x_wconf 65' lang='grc' dir='ltr'>η’</span> <span class='ocrx_word' id='word_1_469' title='bbox 2718 3228 2853 3291; x_wconf 78' lang='grc' dir='ltr'>Θεὸς</span> <span class='ocrx_word' id='word_1_470' title='bbox 2906 3230 2935 3281; x_wconf 88' lang='grc' dir='ltr'>ὁ</span> <span class='ocrx_word' id='word_1_471' title='bbox 2988 3226 3204 3299; x_wconf 82' lang='grc' dir='ltr'>Πατὴρ,</span> <span class='ocrx_word' id='word_1_472' title='bbox 3245 3225 3386 3289; x_wconf 80' lang='grc' dir='ltr'>Θεός</span> <span class='ocrx_word' id='word_1_473' title='bbox 3413 3224 3543 3321; x_wconf 79' lang='grc' dir='ltr'>ειμι·</span> 
     </span>
    </p>
   </div>
   <div class='ocr_carea' id='block_1_64' title="bbox 467 3311 2057 3409">
    <p class='ocr_par' dir='ltr' id='par_1_64' title="bbox 467 3319 2054 3392">
     <span class='ocr_line' id='line_1_64' title="bbox 467 3319 2054 3392; baseline 0.005 -19"><span class='ocrx_word' id='word_1_474' title='bbox 467 3319 619 3384; x_wconf 88' lang='lat' dir='ltr'><strong>lium,</strong></span> <span class='ocrx_word' id='word_1_475' title='bbox 657 3320 794 3374; x_wconf 80' lang='lat' dir='ltr'><strong>sicut</strong></span> <span class='ocrx_word' id='word_1_476' title='bbox 831 3319 1154 3392; x_wconf 81' lang='lat' dir='ltr'><strong>honoriﬁcat</strong></span> <span class='ocrx_word' id='word_1_477' title='bbox 1192 3321 1435 3389; x_wconf 86' lang='lat' dir='ltr'><strong>Patrem,</strong></span> <span class='ocrx_word' id='word_1_478' title='bbox 1470 3340 1575 3379; x_wconf 84' lang='lat' dir='ltr'><strong>non</strong></span> <span class='ocrx_word' id='word_1_479' title='bbox 1614 3323 1768 3379; x_wconf 76' lang='lat' dir='ltr'><strong>habet</strong></span> <span class='ocrx_word' id='word_1_480' title='bbox 1804 3325 1966 3379; x_wconf 79' lang='lat' dir='ltr'><strong>vitam</strong></span> <span class='ocrx_word' id='word_1_481' title='bbox 1999 3330 2054 3381; x_wconf 87' lang='lat' dir='ltr'><strong>in</strong></span> 
     </span>
    </p>
   </div>
   <div class='ocr_carea' id='block_1_65' title="bbox 2160 3311 3716 3409">
    <p class='ocr_par' dir='ltr' id='par_1_65' title="bbox 2162 3311 3716 3409">
     <span class='ocr_line' id='line_1_65' title="bbox 2162 3311 3716 3409; baseline -0.011 -32"><span class='ocrx_word' id='word_1_482' title='bbox 2162 3324 2376 3395; x_wconf 87' lang='grc' dir='ltr'>Πατὴρ,</span> <span class='ocrx_word' id='word_1_483' title='bbox 2421 3319 2535 3393; x_wconf 82' lang='grc' dir='ltr'><strong>ζωή</strong></span> <span class='ocrx_word' id='word_1_484' title='bbox 2579 3321 2715 3392; x_wconf 74' lang='grc' dir='ltr'>εἰμι·</span> <span class='ocrx_word' id='word_1_485' title='bbox 2769 3319 2949 3374; x_wconf 83' lang='grc' dir='ltr'>πάντα</span> <span class='ocrx_word' id='word_1_486' title='bbox 2995 3318 3068 3373; x_wconf 82' lang='grc' dir='ltr'>τὰ</span> <span class='ocrx_word' id='word_1_487' title='bbox 3106 3318 3203 3409; x_wconf 55' lang='grc' dir='ltr'><strong>τοῦ</strong></span> <span class='ocrx_word' id='word_1_488' title='bbox 3243 3315 3461 3388; x_wconf 79' lang='grc' dir='ltr'>Πατρός</span> <span class='ocrx_word' id='word_1_489' title='bbox 3502 3327 3593 3384; x_wconf 88' lang='grc' dir='ltr'><strong>μου</strong></span> <span class='ocrx_word' id='word_1_490' title='bbox 3627 3311 3716 3379; x_wconf 77' lang='grc' dir='ltr'><strong>ἐμά</strong></span> 
     </span>
    </p>
   </div>
   <div class='ocr_carea' id='block_1_66' title="bbox 464 3412 2050 3486">
    <p class='ocr_par' dir='ltr' id='par_1_66' title="bbox 464 3412 2050 3486">
     <span class='ocr_line' id='line_1_66' title="bbox 464 3412 2050 3486; baseline 0.006 -22"><span class='ocrx_word' id='word_1_491' title='bbox 464 3412 634 3480; x_wconf 84' lang='lat' dir='ltr'><strong>seipse</strong></span> <span class='ocrx_word' id='word_1_492' title='bbox 656 3414 696 3466; x_wconf 79' lang='grc'>⁸.</span> <span class='ocrx_word' id='word_1_493' title='bbox 729 3412 837 3469; x_wconf 89' lang='lat' dir='ltr'><strong>Et:</strong></span> <span class='ocrx_word' id='word_1_494' title='bbox 873 3414 1069 3471; x_wconf 84' lang='lat' dir='ltr'><strong>Omnia</strong></span> <span class='ocrx_word' id='word_1_495' title='bbox 1117 3430 1235 3486; x_wconf 72' lang='lat' dir='ltr'><strong>qua:</strong></span> <span class='ocrx_word' id='word_1_496' title='bbox 1274 3414 1460 3470; x_wconf 84' lang='lat' dir='ltr'><strong>Patris</strong></span> <span class='ocrx_word' id='word_1_497' title='bbox 1502 3425 1650 3480; x_wconf 77' lang='lat' dir='ltr'><strong>sunt,</strong></span> <span class='ocrx_word' id='word_1_498' title='bbox 1704 3434 1822 3471; x_wconf 88' lang='lat' dir='ltr'><strong>mea</strong></span> <span class='ocrx_word' id='word_1_499' title='bbox 1864 3420 2050 3474; x_wconf 84' lang='lat' dir='ltr'><strong>sunt&quot;.</strong></span> 
     </span>
    </p>
   </div>
   <div class='ocr_carea' id='block_1_67' title="bbox 2161 3418 2341 3483">
    <p class='ocr_par' dir='ltr' id='par_1_67' title="bbox 2161 3418 2341 3483">
     <span class='ocr_line' id='line_1_67' title="bbox 2161 3418 2341 3483; baseline -0.011 -12"><span class='ocrx_word' id='word_1_500' title='bbox 2161 3418 2310 3471; x_wconf 86' lang='grc' dir='ltr'>ἐστιν</span> <span class='ocrx_word' id='word_1_501' title='bbox 2325 3432 2341 3483; x_wconf 89' lang='grc'>;</span> 
     </span>
    </p>
   </div>
   <div class='ocr_carea' id='block_1_68' title="bbox 464 3498 3710 3580">
    <p class='ocr_par' dir='ltr' id='par_1_68' title="bbox 464 3498 3710 3580">
     <span class='ocr_line' id='line_1_68' title="bbox 464 3498 3710 3580; baseline -0.002 -20"><span class='ocrx_word' id='word_1_502' title='bbox 464 3506 607 3574; x_wconf 83' lang='lat' dir='ltr'><strong>Quid</strong></span> <span class='ocrx_word' id='word_1_503' title='bbox 632 3515 717 3564; x_wconf 87' lang='lat' dir='ltr'><strong>est</strong></span> <span class='ocrx_word' id='word_1_504' title='bbox 745 3510 925 3565; x_wconf 72' lang='lat' dir='ltr'><strong>autem</strong></span> <span class='ocrx_word' id='word_1_505' title='bbox 960 3509 1115 3574; x_wconf 85' lang='lat' dir='ltr'><strong>illud,</strong></span> <span class='ocrx_word' id='word_1_506' title='bbox 1154 3525 1272 3580; x_wconf 72' lang='lat' dir='ltr'><strong>qua:</strong></span> <span class='ocrx_word' id='word_1_507' title='bbox 1306 3508 1490 3563; x_wconf 81' lang='lat' dir='ltr'><strong>Patris</strong></span> <span class='ocrx_word' id='word_1_508' title='bbox 1521 3518 1670 3575; x_wconf 84' lang='lat' dir='ltr'><strong>sunt,</strong></span> <span class='ocrx_word' id='word_1_509' title='bbox 1704 3508 1834 3577; x_wconf 79' lang='lat' dir='ltr'><strong>nisi,</strong></span> <span class='ocrx_word' id='word_1_510' title='bbox 1878 3509 2343 3579; x_wconf 83' lang='lat' dir='ltr'><strong>quemadmodum</strong></span> <span class='ocrx_word' id='word_1_511' title='bbox 2378 3508 2522 3563; x_wconf 87' lang='lat' dir='ltr'><strong>Deus</strong></span> <span class='ocrx_word' id='word_1_512' title='bbox 2567 3515 2651 3563; x_wconf 86' lang='lat' dir='ltr'><strong>est</strong></span> <span class='ocrx_word' id='word_1_513' title='bbox 2679 3505 2863 3573; x_wconf 90' lang='lat' dir='ltr'><strong>Pater,</strong></span> <span class='ocrx_word' id='word_1_514' title='bbox 2922 3506 3001 3561; x_wconf 90' lang='lat' dir='ltr'><strong>ita</strong></span> <span class='ocrx_word' id='word_1_515' title='bbox 3049 3505 3195 3563; x_wconf 89' lang='lat' dir='ltr'><strong>Deus</strong></span> <span class='ocrx_word' id='word_1_516' title='bbox 3230 3521 3396 3575; x_wconf 89' lang='lat' dir='ltr'><strong>sum;</strong></span> <span class='ocrx_word' id='word_1_517' title='bbox 3443 3512 3515 3570; x_wconf 85' lang='lat' dir='ltr'><strong>et,</strong></span> <span class='ocrx_word' id='word_1_518' title='bbox 3546 3510 3599 3557; x_wconf 92' lang='lat' dir='ltr'><strong>ut</strong></span> <span class='ocrx_word' id='word_1_519' title='bbox 3622 3498 3710 3552; x_wconf 69' lang='lat' dir='ltr'><strong>vita</strong></span> 
     </span>
    </p>
   </div>
   <div class='ocr_carea' id='block_1_69' title="bbox 462 3597 2942 3670">
    <p class='ocr_par' dir='ltr' id='par_1_69' title="bbox 462 3597 2942 3670">
     <span class='ocr_line' id='line_1_69' title="bbox 462 3597 2942 3670; baseline -0.002 -14"><span class='ocrx_word' id='word_1_520' title='bbox 462 3610 549 3656; x_wconf 83' lang='lat' dir='ltr'><strong>cst</strong></span> <span class='ocrx_word' id='word_1_521' title='bbox 585 3598 765 3665; x_wconf 87' lang='lat' dir='ltr'><strong>Pater,</strong></span> <span class='ocrx_word' id='word_1_522' title='bbox 796 3600 877 3655; x_wconf 92' lang='lat' dir='ltr'><strong>sic</strong></span> <span class='ocrx_word' id='word_1_523' title='bbox 901 3614 1002 3670; x_wconf 85' lang='lat' dir='ltr'><strong>ego</strong></span> <span class='ocrx_word' id='word_1_524' title='bbox 1027 3599 1139 3656; x_wconf 89' lang='lat' dir='ltr'><strong>vita</strong></span> <span class='ocrx_word' id='word_1_525' title='bbox 1165 3614 1287 3655; x_wconf 88' lang='lat' dir='ltr'><strong>sum</strong></span> <span class='ocrx_word' id='word_1_526' title='bbox 1313 3619 1326 3654; x_wconf 94' lang='lat'><strong>:</strong></span> <span class='ocrx_word' id='word_1_527' title='bbox 1351 3597 1692 3669; x_wconf 89' lang='lat' dir='ltr'><strong>proindeque</strong></span> <span class='ocrx_word' id='word_1_528' title='bbox 1717 3600 1903 3654; x_wconf 89' lang='lat' dir='ltr'><strong>omnia</strong></span> <span class='ocrx_word' id='word_1_529' title='bbox 1929 3616 2053 3670; x_wconf 76' lang='lat' dir='ltr'><strong>qua:</strong></span> <span class='ocrx_word' id='word_1_530' title='bbox 2086 3600 2268 3657; x_wconf 87' lang='lat' dir='ltr'><strong>Patris</strong></span> <span class='ocrx_word' id='word_1_531' title='bbox 2294 3599 2401 3655; x_wconf 90' lang='lat' dir='ltr'><strong>mei</strong></span> <span class='ocrx_word' id='word_1_532' title='bbox 2428 3606 2578 3662; x_wconf 88' lang='lat' dir='ltr'><strong>sunt,</strong></span> <span class='ocrx_word' id='word_1_533' title='bbox 2614 3611 2734 3652; x_wconf 87' lang='lat' dir='ltr'><strong>mea</strong></span> <span class='ocrx_word' id='word_1_534' title='bbox 2766 3597 2942 3653; x_wconf 87' lang='lat' dir='ltr'><strong>sunt?</strong></span> 
     </span>
    </p>
   </div>
   <div class='ocr_carea' id='block_1_70' title="bbox 536 3687 2054 3761">
    <p class='ocr_par' dir='ltr' id='par_1_70' title="bbox 536 3687 2054 3761">
     <span class='ocr_line' id='line_1_70' title="bbox 536 3687 2054 3761; baseline 0 -16"><span class='ocrx_word' id='word_1_535' title='bbox 536 3690 605 3745; x_wconf 83' lang='lat' dir='ltr'><strong>V.</strong></span> <span class='ocrx_word' id='word_1_536' title='bbox 651 3689 866 3747; x_wconf 82' lang='lat' dir='ltr'><strong>Videsis</strong></span> <span class='ocrx_word' id='word_1_537' title='bbox 899 3690 1088 3761; x_wconf 84' lang='lat' dir='ltr'><strong>igitur,</strong></span> <span class='ocrx_word' id='word_1_538' title='bbox 1130 3705 1164 3745; x_wconf 91' lang='grc' dir='ltr'><strong>ο</strong></span> <span class='ocrx_word' id='word_1_539' title='bbox 1215 3687 1455 3754; x_wconf 87' lang='lat' dir='ltr'><strong>Sabelli,</strong></span> <span class='ocrx_word' id='word_1_540' title='bbox 1506 3703 1571 3743; x_wconf 90' lang='lat' dir='ltr'><strong>ac</strong></span> <span class='ocrx_word' id='word_1_541' title='bbox 1608 3688 1900 3758; x_wconf 73' lang='lat' dir='ltr'><strong>diligenter</strong></span> <span class='ocrx_word' id='word_1_542' title='bbox 1941 3691 2054 3745; x_wconf 90' lang='lat' dir='ltr'><strong>ani-</strong></span> 
     </span>
    </p>
   </div>
   <div class='ocr_carea' id='block_1_71' title="bbox 466 3779 2053 3852">
    <p class='ocr_par' dir='ltr' id='par_1_71' title="bbox 466 3779 2053 3852">
     <span class='ocr_line' id='line_1_71' title="bbox 466 3779 2053 3852; baseline -0.002 -14"><span class='ocrx_word' id='word_1_543' title='bbox 466 3783 783 3848; x_wconf 83' lang='lat' dir='ltr'><strong>madverte;</strong></span> <span class='ocrx_word' id='word_1_544' title='bbox 827 3781 977 3852; x_wconf 88' lang='lat' dir='ltr'><strong>aperi</strong></span> <span class='ocrx_word' id='word_1_545' title='bbox 1016 3780 1201 3836; x_wconf 91' lang='lat' dir='ltr'><strong>cordis</strong></span> <span class='ocrx_word' id='word_1_546' title='bbox 1237 3779 1451 3844; x_wconf 89' lang='lat' dir='ltr'><strong>oculos,</strong></span> <span class='ocrx_word' id='word_1_547' title='bbox 1484 3793 1661 3848; x_wconf 88' lang='lat' dir='ltr'><strong>neque</strong></span> <span class='ocrx_word' id='word_1_548' title='bbox 1694 3793 1874 3834; x_wconf 81' lang='lat' dir='ltr'><strong>caecus</strong></span> <span class='ocrx_word' id='word_1_549' title='bbox 1902 3787 2053 3848; x_wconf 90' lang='lat' dir='ltr'><strong>esto;</strong></span> 
     </span>
    </p>
   </div>
   <div class='ocr_carea' id='block_1_72' title="bbox 466 3869 2056 3948">
    <p class='ocr_par' dir='ltr' id='par_1_72' title="bbox 466 3869 2056 3948">
     <span class='ocr_line' id='line_1_72' title="bbox 466 3869 2056 3948; baseline -0.002 -20"><span class='ocrx_word' id='word_1_550' title='bbox 466 3875 554 3929; x_wconf 78' lang='lat' dir='ltr'><strong>fac</strong></span> <span class='ocrx_word' id='word_1_551' title='bbox 584 3881 643 3927; x_wconf 91' lang='lat' dir='ltr'><strong>ut</strong></span> <span class='ocrx_word' id='word_1_552' title='bbox 669 3879 785 3936; x_wconf 86' lang='lat' dir='ltr'><strong>tua,</strong></span> <span class='ocrx_word' id='word_1_553' title='bbox 821 3881 1160 3943; x_wconf 86' lang='lat' dir='ltr'><strong>tuorumque</strong></span> <span class='ocrx_word' id='word_1_554' title='bbox 1188 3887 1344 3927; x_wconf 89' lang='lat' dir='ltr'><strong>mens</strong></span> <span class='ocrx_word' id='word_1_555' title='bbox 1369 3886 1495 3926; x_wconf 91' lang='lat' dir='ltr'><strong>cum</strong></span> <span class='ocrx_word' id='word_1_556' title='bbox 1527 3877 1719 3948; x_wconf 71' lang='lat' dir='ltr'><strong>sancto</strong></span> <span class='ocrx_word' id='word_1_557' title='bbox 1751 3869 1962 3926; x_wconf 86' lang='lat' dir='ltr'><strong>Joanne</strong></span> <span class='ocrx_word' id='word_1_558' title='bbox 1987 3869 2056 3925; x_wconf 89' lang='lat' dir='ltr'><strong>ad</strong></span> 
     </span>
    </p>
   </div>
   <div class='ocr_carea' id='block_1_73' title="bbox 464 3962 2056 4045">
    <p class='ocr_par' dir='ltr' id='par_1_73' title="bbox 464 3962 2056 4045">
     <span class='ocr_line' id='line_1_73' title="bbox 464 3962 2056 4045; baseline -0.003 -23"><span class='ocrx_word' id='word_1_559' title='bbox 464 3965 760 4022; x_wconf 57' lang='lat' dir='ltr'><strong>Joelanem</strong></span> <span class='ocrx_word' id='word_1_560' title='bbox 792 3964 1105 4020; x_wconf 70' lang='lat' dir='ltr'><strong>conveniat.</strong></span> <span class='ocrx_word' id='word_1_561' title='bbox 1131 3965 1309 4020; x_wconf 89' lang='lat' dir='ltr'><strong>Aures</strong></span> <span class='ocrx_word' id='word_1_562' title='bbox 1339 3971 1465 4018; x_wconf 91' lang='lat' dir='ltr'><strong>tuas</strong></span> <span class='ocrx_word' id='word_1_563' title='bbox 1488 3963 1659 4033; x_wconf 88' lang='lat' dir='ltr'><strong>aperi,</strong></span> <span class='ocrx_word' id='word_1_564' title='bbox 1685 3971 1737 4017; x_wconf 91' lang='lat' dir='ltr'><strong>et</strong></span> <span class='ocrx_word' id='word_1_565' title='bbox 1762 3962 1906 4045; x_wconf 74' lang='lat' dir='ltr'><strong>hanc</strong></span> <span class='ocrx_word' id='word_1_566' title='bbox 1930 3976 2056 4032; x_wconf 87' lang='lat' dir='ltr'><strong>pro-</strong></span> 
     </span>
    </p>
   </div>
   <div class='ocr_carea' id='block_1_74' title="bbox 467 4054 2059 4132">
    <p class='ocr_par' dir='ltr' id='par_1_74' title="bbox 467 4054 2059 4132">
     <span class='ocr_line' id='line_1_74' title="bbox 467 4054 2059 4132; baseline -0.003 -19"><span class='ocrx_word' id='word_1_567' title='bbox 467 4060 645 4132; x_wconf 63' lang='lat' dir='ltr'><strong>pheta;</strong></span> <span class='ocrx_word' id='word_1_568' title='bbox 674 4073 861 4114; x_wconf 86' lang='lat' dir='ltr'><strong>vocem</strong></span> <span class='ocrx_word' id='word_1_569' title='bbox 896 4057 1094 4113; x_wconf 77' lang='lat' dir='ltr'><strong>exaudi</strong></span> <span class='ocrx_word' id='word_1_570' title='bbox 1123 4074 1137 4111; x_wconf 91' lang='lat'><strong>:</strong></span> <span class='ocrx_word' id='word_1_571' title='bbox 1172 4055 1285 4128; x_wconf 85' lang='lat' dir='ltr'><strong>Ego</strong></span> <span class='ocrx_word' id='word_1_572' title='bbox 1324 4071 1425 4112; x_wconf 79' lang='lat' dir='ltr'><strong>vox</strong></span> <span class='ocrx_word' id='word_1_573' title='bbox 1464 4055 1750 4111; x_wconf 81' lang='lat' dir='ltr'><strong>clamantis</strong></span> <span class='ocrx_word' id='word_1_574' title='bbox 1790 4056 1844 4109; x_wconf 89' lang='lat' dir='ltr'><strong>in</strong></span> <span class='ocrx_word' id='word_1_575' title='bbox 1881 4054 2059 4110; x_wconf 84' lang='lat' dir='ltr'><strong>deser-</strong></span> 
     </span>
    </p>
   </div>
   <div class='ocr_carea' id='block_1_75' title="bbox 468 4148 2059 4220">
    <p class='ocr_par' dir='ltr' id='par_1_75' title="bbox 468 4148 2059 4220">
     <span class='ocr_line' id='line_1_75' title="bbox 468 4148 2059 4220; baseline -0.003 -13"><span class='ocrx_word' id='word_1_576' title='bbox 468 4164 521 4207; x_wconf 85' lang='lat' dir='ltr'><strong>to</strong></span> <span class='ocrx_word' id='word_1_577' title='bbox 538 4154 580 4208; x_wconf 81' lang='grc'><strong>⁸.</strong></span> <span class='ocrx_word' id='word_1_578' title='bbox 608 4151 749 4206; x_wconf 83' lang='lat' dir='ltr'><strong>Audi</strong></span> <span class='ocrx_word' id='word_1_579' title='bbox 783 4151 1188 4208; x_wconf 77' lang='lat' dir='ltr'><strong>Praecursorem</strong></span> <span class='ocrx_word' id='word_1_580' title='bbox 1221 4149 1459 4217; x_wconf 89' lang='lat' dir='ltr'><strong>Domini,</strong></span> <span class='ocrx_word' id='word_1_581' title='bbox 1496 4150 1589 4220; x_wconf 89' lang='lat' dir='ltr'><strong>qui</strong></span> <span class='ocrx_word' id='word_1_582' title='bbox 1624 4149 1852 4220; x_wconf 82' lang='lat' dir='ltr'><strong>angelus</strong></span> <span class='ocrx_word' id='word_1_583' title='bbox 1879 4148 2059 4219; x_wconf 87' lang='lat' dir='ltr'><strong>appel-</strong></span> 
     </span>
    </p>
   </div>
   <div class='ocr_carea' id='block_1_76' title="bbox 467 4241 2060 4314">
    <p class='ocr_par' dir='ltr' id='par_1_76' title="bbox 467 4241 2060 4314">
     <span class='ocr_line' id='line_1_76' title="bbox 467 4241 2060 4314; baseline -0.003 -15"><span class='ocrx_word' id='word_1_584' title='bbox 467 4244 569 4301; x_wconf 91' lang='lat' dir='ltr'><strong>lari</strong></span> <span class='ocrx_word' id='word_1_585' title='bbox 597 4243 819 4309; x_wconf 89' lang='lat' dir='ltr'><strong>meruit,</strong></span> <span class='ocrx_word' id='word_1_586' title='bbox 846 4242 1114 4314; x_wconf 90' lang='lat' dir='ltr'><strong>Spiritum</strong></span> <span class='ocrx_word' id='word_1_587' title='bbox 1156 4248 1408 4297; x_wconf 87' lang='lat' dir='ltr'><strong>sanetum</strong></span> <span class='ocrx_word' id='word_1_588' title='bbox 1443 4256 1512 4296; x_wconf 75' lang='lat' dir='ltr'><strong>ex</strong></span> <span class='ocrx_word' id='word_1_589' title='bbox 1545 4250 1703 4296; x_wconf 90' lang='lat' dir='ltr'><strong>utero</strong></span> <span class='ocrx_word' id='word_1_590' title='bbox 1740 4241 1935 4296; x_wconf 86' lang='lat' dir='ltr'><strong>matris</strong></span> <span class='ocrx_word' id='word_1_591' title='bbox 1973 4255 2060 4295; x_wconf 89' lang='lat' dir='ltr'><strong>ae-</strong></span> 
     </span>
    </p>
   </div>
   <div class='ocr_carea' id='block_1_77' title="bbox 467 4331 2058 4406">
    <p class='ocr_par' dir='ltr' id='par_1_77' title="bbox 467 4331 2058 4406">
     <span class='ocr_line' id='line_1_77' title="bbox 467 4331 2058 4406; baseline -0.002 -15"><span class='ocrx_word' id='word_1_592' title='bbox 467 4337 633 4406; x_wconf 84' lang='lat' dir='ltr'><strong>cepit,</strong></span> <span class='ocrx_word' id='word_1_593' title='bbox 661 4345 716 4392; x_wconf 85' lang='lat' dir='ltr'><strong>et</strong></span> <span class='ocrx_word' id='word_1_594' title='bbox 741 4335 910 4391; x_wconf 83' lang='lat' dir='ltr'><strong>Maria</strong></span> <span class='ocrx_word' id='word_1_595' title='bbox 941 4338 1186 4390; x_wconf 89' lang='lat' dir='ltr'><strong>intrante</strong></span> <span class='ocrx_word' id='word_1_596' title='bbox 1223 4333 1469 4388; x_wconf 87' lang='lat' dir='ltr'><strong>subsiliit</strong></span> <span class='ocrx_word' id='word_1_597' title='bbox 1490 4334 1534 4387; x_wconf 79' lang='lat'><strong>’.</strong></span> <span class='ocrx_word' id='word_1_598' title='bbox 1582 4331 1687 4399; x_wconf 81' lang='lat' dir='ltr'><strong>Qui</strong></span> <span class='ocrx_word' id='word_1_599' title='bbox 1719 4347 1843 4389; x_wconf 88' lang='lat' dir='ltr'><strong>cum</strong></span> <span class='ocrx_word' id='word_1_600' title='bbox 1877 4332 2058 4388; x_wconf 90' lang='lat' dir='ltr'><strong>adhuc</strong></span> 
     </span>
    </p>
   </div>
   <div class='ocr_carea' id='block_1_78' title="bbox 468 4424 2054 4496">
    <p class='ocr_par' dir='ltr' id='par_1_78' title="bbox 468 4424 2054 4496">
     <span class='ocr_line' id='line_1_78' title="bbox 468 4424 2054 4496; baseline -0.004 -12"><span class='ocrx_word' id='word_1_601' title='bbox 468 4429 662 4484; x_wconf 85' lang='lat' dir='ltr'><strong>matris</strong></span> <span class='ocrx_word' id='word_1_602' title='bbox 697 4434 854 4484; x_wconf 89' lang='lat' dir='ltr'><strong>utero</strong></span> <span class='ocrx_word' id='word_1_603' title='bbox 898 4426 1302 4492; x_wconf 89' lang='lat' dir='ltr'><strong>contineretur,</strong></span> <span class='ocrx_word' id='word_1_604' title='bbox 1355 4424 1573 4481; x_wconf 90' lang='lat' dir='ltr'><strong>Domini</strong></span> <span class='ocrx_word' id='word_1_605' title='bbox 1621 4424 1705 4480; x_wconf 91' lang='lat' dir='ltr'><strong>sui</strong></span> <span class='ocrx_word' id='word_1_606' title='bbox 1746 4425 2054 4496; x_wconf 84' lang='lat' dir='ltr'><strong>ingressum</strong></span> 
     </span>
    </p>
   </div>
   <div class='ocr_carea' id='block_1_79' title="bbox 2231 3642 3711 3760">
    <p class='ocr_par' dir='ltr' id='par_1_79' title="bbox 2231 3642 3711 3760">
     <span class='ocr_line' id='line_1_79' title="bbox 2231 3642 3711 3760; baseline -0.009 -17"><span class='ocrx_word' id='word_1_607' title='bbox 3049 3687 3146 3740; x_wconf 78' lang='grc' dir='ltr'><strong>καὶ</strong></span> <span class='ocrx_word' id='word_1_608' title='bbox 3172 3688 3449 3742; x_wconf 69' lang='grc' dir='ltr'><strong>κατανόει⁹</strong></span> <span class='ocrx_word' id='word_1_609' title='bbox 3488 3642 3711 3745; x_wconf 47' lang='grc' dir='ltr'>διάνοδξον</span> 
     </span>
    </p>
   </div>
   <div class='ocr_carea' id='block_1_80' title="bbox 2162 3771 3709 3855">
    <p class='ocr_par' dir='ltr' id='par_1_80' title="bbox 2162 3771 3709 3855">
     <span class='ocr_line' id='line_1_80' title="bbox 2162 3771 3709 3855; baseline -0.009 -18"><span class='ocrx_word' id='word_1_610' title='bbox 2162 3782 2224 3837; x_wconf 75' lang='grc' dir='ltr'>τὸ</span> <span class='ocrx_word' id='word_1_611' title='bbox 2254 3783 2409 3855; x_wconf 80' lang='grc' dir='ltr'>ὄμμα</span> <span class='ocrx_word' id='word_1_612' title='bbox 2448 3781 2550 3853; x_wconf 84' lang='grc' dir='ltr'>τῆς</span> <span class='ocrx_word' id='word_1_613' title='bbox 2593 3780 2821 3853; x_wconf 77' lang='grc' dir='ltr'>καρδίας</span> <span class='ocrx_word' id='word_1_614' title='bbox 2860 3799 2976 3847; x_wconf 89' lang='grc' dir='ltr'>σου,</span> <span class='ocrx_word' id='word_1_615' title='bbox 3015 3781 3112 3836; x_wconf 64' lang='grc' dir='ltr'><strong>κα)⁵</strong></span> <span class='ocrx_word' id='word_1_616' title='bbox 3141 3783 3216 3854; x_wconf 84' lang='grc' dir='ltr'>μὴ</span> <span class='ocrx_word' id='word_1_617' title='bbox 3257 3782 3532 3836; x_wconf 82' lang='grc' dir='ltr'>ἀϐλὲπτει·</span> <span class='ocrx_word' id='word_1_618' title='bbox 3560 3771 3709 3829; x_wconf 83' lang='grc' dir='ltr'>συνελ-</span> 
     </span>
    </p>
   </div>
   <div class='ocr_carea' id='block_1_81' title="bbox 2164 3864 3710 3945">
    <p class='ocr_par' dir='ltr' id='par_1_81' title="bbox 2164 3864 3710 3945">
     <span class='ocr_line' id='line_1_81' title="bbox 2164 3864 3710 3945; baseline -0.006 -17"><span class='ocrx_word' id='word_1_619' title='bbox 2164 3873 2307 3928; x_wconf 82' lang='grc' dir='ltr'>θέτω</span> <span class='ocrx_word' id='word_1_620' title='bbox 2348 3875 2382 3945; x_wconf 81' lang='grc' dir='ltr'><strong>ἡ</strong></span> <span class='ocrx_word' id='word_1_621' title='bbox 2434 3864 2645 3927; x_wconf 77' lang='grc' dir='ltr'>διάνοια</span> <span class='ocrx_word' id='word_1_622' title='bbox 2675 3889 2770 3926; x_wconf 86' lang='grc' dir='ltr'><strong>σου</strong></span> <span class='ocrx_word' id='word_1_623' title='bbox 2805 3872 2902 3926; x_wconf 74' lang='grc' dir='ltr'><strong>καὶ</strong></span> <span class='ocrx_word' id='word_1_624' title='bbox 2940 3872 3050 3927; x_wconf 87' lang='grc' dir='ltr'>τῶν</span> <span class='ocrx_word' id='word_1_625' title='bbox 3099 3873 3205 3927; x_wconf 79' lang='grc' dir='ltr'><strong>ὑπὸ</strong></span> <span class='ocrx_word' id='word_1_626' title='bbox 3251 3873 3349 3927; x_wconf 82' lang='grc' dir='ltr'><strong>σοῦ</strong></span> <span class='ocrx_word' id='word_1_627' title='bbox 3387 3866 3710 3942; x_wconf 79' lang='grc' dir='ltr'>ἠπατημένων</span> 
     </span>
    </p>
   </div>
   <div class='ocr_carea' id='block_1_82' title="bbox 2176 3952 3709 4039">
    <p class='ocr_par' dir='ltr' id='par_1_82' title="bbox 2176 3952 3709 4039">
     <span class='ocr_line' id='line_1_82' title="bbox 2176 3952 3709 4039; baseline -0.008 -17"><span class='ocrx_word' id='word_1_628' title='bbox 2176 3967 2398 4037; x_wconf 85' lang='grc' dir='ltr'>Ἰωάννῃ</span> <span class='ocrx_word' id='word_1_629' title='bbox 2433 3965 2511 4037; x_wconf 83' lang='grc' dir='ltr'>τῷ</span> <span class='ocrx_word' id='word_1_630' title='bbox 2539 3965 2680 4037; x_wconf 84' lang='grc' dir='ltr'>ἁγίῳ</span> <span class='ocrx_word' id='word_1_631' title='bbox 2713 3967 2793 4031; x_wconf 86' lang='grc' dir='ltr'><strong>είς</strong></span> <span class='ocrx_word' id='word_1_632' title='bbox 2821 3966 2914 4020; x_wconf 83' lang='grc' dir='ltr'><strong>τὸν</strong></span> <span class='ocrx_word' id='word_1_633' title='bbox 2964 3965 3255 4039; x_wconf 80' lang='grc' dir='ltr'>Ἰορδάνην.</span> <span class='ocrx_word' id='word_1_634' title='bbox 3297 3968 3511 4033; x_wconf 77' lang='grc' dir='ltr'>’Δνοιγε</span> <span class='ocrx_word' id='word_1_635' title='bbox 3538 3961 3597 4015; x_wconf 78' lang='grc' dir='ltr'>τὰ</span> <span class='ocrx_word' id='word_1_636' title='bbox 3617 3952 3709 4012; x_wconf 82' lang='grc' dir='ltr'><strong>ὧτά</strong></span> 
     </span>
    </p>
   </div>
   <div class='ocr_carea' id='block_1_83' title="bbox 2166 4054 3708 4132">
    <p class='ocr_par' dir='ltr' id='par_1_83' title="bbox 2166 4054 3708 4132">
     <span class='ocr_line' id='line_1_83' title="bbox 2166 4054 3708 4132; baseline -0.008 -17"><span class='ocrx_word' id='word_1_637' title='bbox 2166 4078 2285 4126; x_wconf 80' lang='grc' dir='ltr'>σου,</span> <span class='ocrx_word' id='word_1_638' title='bbox 2332 4059 2428 4113; x_wconf 72' lang='grc' dir='ltr'>καὶ</span> <span class='ocrx_word' id='word_1_639' title='bbox 2474 4058 2641 4113; x_wconf 76' lang='grc' dir='ltr'>ἄκουε</span> <span class='ocrx_word' id='word_1_640' title='bbox 2688 4057 2792 4129; x_wconf 75' lang='grc' dir='ltr'>τῆς</span> <span class='ocrx_word' id='word_1_641' title='bbox 2833 4059 3019 4130; x_wconf 82' lang='grc' dir='ltr'>φωνῆς</span> <span class='ocrx_word' id='word_1_642' title='bbox 3044 4058 3139 4112; x_wconf 88' lang='grc' dir='ltr'><strong>τοῦ</strong></span> <span class='ocrx_word' id='word_1_643' title='bbox 3170 4060 3449 4132; x_wconf 75' lang='grc' dir='ltr'>προφήτου</span> <span class='ocrx_word' id='word_1_644' title='bbox 3476 4054 3708 4122; x_wconf 85' lang='grc' dir='ltr'>λέγοντος·</span> 
     </span>
    </p>
   </div>
   <div class='ocr_carea' id='block_1_84' title="bbox 2176 4137 3708 4220">
    <p class='ocr_par' dir='ltr' id='par_1_84' title="bbox 2176 4137 3708 4220">
     <span class='ocr_line' id='line_1_84' title="bbox 2176 4137 3708 4220; baseline -0.01 -15"><span class='ocrx_word' id='word_1_645' title='bbox 2176 4149 2327 4220; x_wconf 76' lang='grc' dir='ltr'><strong>Ἐγὼ</strong></span> <span class='ocrx_word' id='word_1_646' title='bbox 2375 4148 2546 4219; x_wconf 72' lang='grc' dir='ltr'>φωνὴ</span> <span class='ocrx_word' id='word_1_647' title='bbox 2592 4146 2864 4216; x_wconf 81' lang='grc' dir='ltr'>,βοῶντος</span> <span class='ocrx_word' id='word_1_648' title='bbox 2915 4149 2985 4202; x_wconf 82' lang='grc' dir='ltr'><strong>ἐν</strong></span> <span class='ocrx_word' id='word_1_649' title='bbox 3033 4148 3111 4219; x_wconf 77' lang='grc' dir='ltr'>τῇ</span> <span class='ocrx_word' id='word_1_650' title='bbox 3155 4149 3374 4219; x_wconf 79' lang='grc' dir='ltr'>ἐρήμῳ.</span> <span class='ocrx_word' id='word_1_651' title='bbox 3418 4147 3599 4200; x_wconf 80' lang='grc' dir='ltr'>Ἀκουε</span> <span class='ocrx_word' id='word_1_652' title='bbox 3634 4137 3708 4192; x_wconf 77' lang='grc' dir='ltr'><strong>τοῦ</strong></span> 
     </span>
    </p>
   </div>
   <div class='ocr_carea' id='block_1_85' title="bbox 2165 4235 3705 4314">
    <p class='ocr_par' dir='ltr' id='par_1_85' title="bbox 2165 4235 3705 4314">
     <span class='ocr_line' id='line_1_85' title="bbox 2165 4235 3705 4314; baseline -0.008 -17"><span class='ocrx_word' id='word_1_653' title='bbox 2165 4242 2485 4314; x_wconf 87' lang='grc' dir='ltr'>Προδρόμου</span> <span class='ocrx_word' id='word_1_654' title='bbox 2519 4243 2749 4312; x_wconf 81' lang='grc' dir='ltr'>Κυρίου,</span> <span class='ocrx_word' id='word_1_655' title='bbox 2790 4241 2887 4296; x_wconf 85' lang='grc' dir='ltr'><strong>τοῦ</strong></span> <span class='ocrx_word' id='word_1_656' title='bbox 2919 4242 3153 4313; x_wconf 84' lang='grc' dir='ltr'>ἀγγέλου</span> <span class='ocrx_word' id='word_1_657' title='bbox 3185 4240 3596 4308; x_wconf 80' lang='grc' dir='ltr'>καταξιωθέντος</span> <span class='ocrx_word' id='word_1_658' title='bbox 3614 4235 3705 4287; x_wconf 90' lang='grc' dir='ltr'>ὀνο-</span> 
     </span>
    </p>
   </div>
   <div class='ocr_carea' id='block_1_86' title="bbox 2169 4322 3705 4403">
    <p class='ocr_par' dir='ltr' id='par_1_86' title="bbox 2169 4322 3705 4403">
     <span class='ocr_line' id='line_1_86' title="bbox 2169 4322 3705 4403; baseline -0.005 -20"><span class='ocrx_word' id='word_1_659' title='bbox 2169 4329 2468 4401; x_wconf 83' lang='grc' dir='ltr'>μασθῆναι,</span> <span class='ocrx_word' id='word_1_660' title='bbox 2494 4328 2590 4383; x_wconf 81' lang='grc' dir='ltr'><strong>τοῦ</strong></span> <span class='ocrx_word' id='word_1_661' title='bbox 2621 4330 2731 4383; x_wconf 81' lang='grc' dir='ltr'><strong>ἀπὸ</strong></span> <span class='ocrx_word' id='word_1_662' title='bbox 2755 4330 2966 4395; x_wconf 85' lang='grc' dir='ltr'>κοιλίας</span> <span class='ocrx_word' id='word_1_663' title='bbox 2996 4330 3202 4403; x_wconf 82' lang='grc' dir='ltr'>μητρὸς</span> <span class='ocrx_word' id='word_1_664' title='bbox 3234 4331 3485 4394; x_wconf 79' lang='grc' dir='ltr'>λαϐόντος</span> <span class='ocrx_word' id='word_1_665' title='bbox 3517 4322 3705 4392; x_wconf 76' lang='grc' dir='ltr'>Πνεῦμα</span> 
     </span>
    </p>
   </div>
   <div class='ocr_carea' id='block_1_87' title="bbox 2167 4412 3707 4497">
    <p class='ocr_par' dir='ltr' id='par_1_87' title="bbox 2167 4412 3707 4497">
     <span class='ocr_line' id='line_1_87' title="bbox 2167 4412 3707 4497; baseline 0 -23"><span class='ocrx_word' id='word_1_666' title='bbox 2167 4420 2345 4488; x_wconf 71' lang='grc' dir='ltr'>ἅγιον,</span> <span class='ocrx_word' id='word_1_667' title='bbox 2390 4420 2487 4474; x_wconf 79' lang='grc' dir='ltr'>καὶ</span> <span class='ocrx_word' id='word_1_668' title='bbox 2532 4422 2928 4493; x_wconf 79' lang='grc' dir='ltr'>σκιρτήσαντος</span> <span class='ocrx_word' id='word_1_669' title='bbox 2953 4425 3020 4495; x_wconf 79' lang='grc' dir='ltr'>τῇ</span> <span class='ocrx_word' id='word_1_670' title='bbox 3060 4424 3250 4496; x_wconf 83' lang='grc' dir='ltr'>εἰσόδῳ</span> <span class='ocrx_word' id='word_1_671' title='bbox 3292 4426 3393 4497; x_wconf 86' lang='grc' dir='ltr'>τῆς</span> <span class='ocrx_word' id='word_1_672' title='bbox 3419 4420 3635 4492; x_wconf 59' lang='grc' dir='ltr'>Μαρίας</span> <span class='ocrx_word' id='word_1_673' title='bbox 3660 4412 3707 4474; x_wconf 79' lang='grc' dir='ltr'><strong>ὃς</strong></span> 
     </span>
    </p>
   </div>
   <div class='ocr_carea' id='block_1_88' title="bbox 469 4507 2057 4594">
    <p class='ocr_par' dir='ltr' id='par_1_88' title="bbox 469 4514 2056 4594">
     <span class='ocr_line' id='line_1_88' title="bbox 469 4514 2056 4594; baseline -0.004 -17"><span class='ocrx_word' id='word_1_674' title='bbox 469 4523 713 4594; x_wconf 80' lang='lat' dir='ltr'><strong>agnovit,</strong></span> <span class='ocrx_word' id='word_1_675' title='bbox 750 4531 805 4577; x_wconf 88' lang='lat' dir='ltr'><strong>et</strong></span> <span class='ocrx_word' id='word_1_676' title='bbox 843 4519 1083 4587; x_wconf 70' lang='lat' dir='ltr'><strong>exsiliit;</strong></span> <span class='ocrx_word' id='word_1_677' title='bbox 1120 4517 1210 4573; x_wconf 90' lang='lat' dir='ltr'><strong>eui</strong></span> <span class='ocrx_word' id='word_1_678' title='bbox 1253 4516 1649 4589; x_wconf 79' lang='lat' dir='ltr'><strong>patefaciendae</strong></span> <span class='ocrx_word' id='word_1_679' title='bbox 1680 4514 1852 4571; x_wconf 86' lang='lat' dir='ltr'><strong>divini</strong></span> <span class='ocrx_word' id='word_1_680' title='bbox 1894 4514 2056 4571; x_wconf 79' lang='lat' dir='ltr'><strong>Verbi</strong></span> 
     </span>
    </p>
   </div>
   <div class='ocr_carea' id='block_1_89' title="bbox 2160 4507 3705 4594">
    <p class='ocr_par' dir='ltr' id='par_1_89' title="bbox 2162 4507 3705 4590">
     <span class='ocr_line' id='line_1_89' title="bbox 2162 4507 3705 4590; baseline 0.003 -22"><span class='ocrx_word' id='word_1_681' title='bbox 2162 4514 2304 4585; x_wconf 74' lang='grc' dir='ltr'>ἔγνω</span> <span class='ocrx_word' id='word_1_682' title='bbox 2333 4516 2413 4568; x_wconf 78' lang='grc' dir='ltr'>ἔτι</span> <span class='ocrx_word' id='word_1_683' title='bbox 2438 4517 2496 4572; x_wconf 81' lang='grc' dir='ltr'>ὲν</span> <span class='ocrx_word' id='word_1_684' title='bbox 2522 4517 2702 4590; x_wconf 79' lang='grc' dir='ltr'>κοιλίᾳ</span> <span class='ocrx_word' id='word_1_685' title='bbox 2730 4518 2993 4590; x_wconf 83' lang='grc' dir='ltr'>ὑπάρχων</span> <span class='ocrx_word' id='word_1_686' title='bbox 3020 4519 3226 4575; x_wconf 75' lang='grc' dir='ltr'>εἴσοδον</span> <span class='ocrx_word' id='word_1_687' title='bbox 3249 4519 3345 4575; x_wconf 89' lang='grc' dir='ltr'><strong>τοῦ</strong></span> <span class='ocrx_word' id='word_1_688' title='bbox 3385 4519 3507 4574; x_wconf 79' lang='grc' dir='ltr'>ἰδίου</span> <span class='ocrx_word' id='word_1_689' title='bbox 3532 4507 3705 4567; x_wconf 73' lang='grc' dir='ltr'>Δεσπό⁴</span> 
     </span>
    </p>
   </div>
   <div class='ocr_carea' id='block_1_90' title="bbox 468 4605 2060 4685">
    <p class='ocr_par' dir='ltr' id='par_1_90' title="bbox 468 4605 2060 4685">
     <span class='ocr_line' id='line_1_90' title="bbox 468 4605 2060 4685; baseline -0.004 -16"><span class='ocrx_word' id='word_1_690' title='bbox 468 4610 899 4685; x_wconf 71' lang='lat' dir='ltr'><strong>praedicationis,</strong></span> <span class='ocrx_word' id='word_1_691' title='bbox 943 4608 1425 4682; x_wconf 58' lang='lat' dir='ltr'><strong>praeparandaque</strong></span> <span class='ocrx_word' id='word_1_692' title='bbox 1468 4605 1684 4662; x_wconf 89' lang='lat' dir='ltr'><strong>Domini</strong></span> <span class='ocrx_word' id='word_1_693' title='bbox 1715 4607 1818 4663; x_wconf 76' lang='lat' dir='ltr'><strong>via:</strong></span> <span class='ocrx_word' id='word_1_694' title='bbox 1855 4622 2060 4663; x_wconf 88' lang='lat' dir='ltr'><strong>munus</strong></span> 
     </span>
    </p>
   </div>
   <div class='ocr_carea' id='block_1_91' title="bbox 468 4700 2059 4772">
    <p class='ocr_par' dir='ltr' id='par_1_91' title="bbox 468 4700 2059 4772">
     <span class='ocr_line' id='line_1_91' title="bbox 468 4700 2059 4772; baseline -0.003 -9"><span class='ocrx_word' id='word_1_695' title='bbox 468 4716 557 4765; x_wconf 87' lang='lat' dir='ltr'><strong>est</strong></span> <span class='ocrx_word' id='word_1_696' title='bbox 587 4719 938 4760; x_wconf 90' lang='lat' dir='ltr'><strong>concessum.</strong></span> <span class='ocrx_word' id='word_1_697' title='bbox 987 4703 1203 4758; x_wconf 86' lang='lat' dir='ltr'><strong>Adhibe</strong></span> <span class='ocrx_word' id='word_1_698' title='bbox 1253 4702 1386 4756; x_wconf 85' lang='lat' dir='ltr'><strong>huic</strong></span> <span class='ocrx_word' id='word_1_699' title='bbox 1441 4700 1626 4766; x_wconf 86' lang='lat' dir='ltr'><strong>tidem,</strong></span> <span class='ocrx_word' id='word_1_700' title='bbox 1671 4716 1776 4757; x_wconf 88' lang='lat' dir='ltr'><strong>nec</strong></span> <span class='ocrx_word' id='word_1_701' title='bbox 1817 4716 1849 4755; x_wconf 90' lang='lat' dir='ltr'><strong>a</strong></span> <span class='ocrx_word' id='word_1_702' title='bbox 1887 4715 2059 4772; x_wconf 88' lang='lat' dir='ltr'><strong>scopo</strong></span> 
     </span>
    </p>
   </div>
   <div class='ocr_carea' id='block_1_92' title="bbox 467 4793 2055 4864">
    <p class='ocr_par' dir='ltr' id='par_1_92' title="bbox 467 4793 2055 4864">
     <span class='ocr_line' id='line_1_92' title="bbox 467 4793 2055 4864; baseline -0.008 -7"><span class='ocrx_word' id='word_1_703' title='bbox 467 4797 721 4857; x_wconf 88' lang='lat' dir='ltr'><strong>veritatis</strong></span> <span class='ocrx_word' id='word_1_704' title='bbox 739 4797 983 4853; x_wconf 87' lang='lat' dir='ltr'><strong>aberres.</strong></span> <span class='ocrx_word' id='word_1_705' title='bbox 1014 4793 1157 4850; x_wconf 87' lang='lat' dir='ltr'><strong>Ecce</strong></span> <span class='ocrx_word' id='word_1_706' title='bbox 1177 4794 1277 4849; x_wconf 92' lang='lat' dir='ltr'><strong>tibi</strong></span> <span class='ocrx_word' id='word_1_707' title='bbox 1300 4795 1680 4850; x_wconf 87' lang='lat' dir='ltr'><strong>testimonium</strong></span> <span class='ocrx_word' id='word_1_708' title='bbox 1708 4793 1799 4849; x_wconf 89' lang='lat' dir='ltr'><strong>ille</strong></span> <span class='ocrx_word' id='word_1_709' title='bbox 1830 4793 2055 4864; x_wconf 71' lang='lat' dir='ltr'><strong>prmbet.</strong></span> 
     </span>
    </p>
   </div>
   <div class='ocr_carea' id='block_1_93' title="bbox 468 4882 2060 4965">
    <p class='ocr_par' dir='ltr' id='par_1_93' title="bbox 468 4882 2060 4965">
     <span class='ocr_line' id='line_1_93' title="bbox 468 4882 2060 4965; baseline -0.007 -16"><span class='ocrx_word' id='word_1_710' title='bbox 468 4896 527 4949; x_wconf 89' lang='lat' dir='ltr'><strong>ln</strong></span> <span class='ocrx_word' id='word_1_711' title='bbox 555 4892 750 4965; x_wconf 89' lang='lat' dir='ltr'><strong>primis</strong></span> <span class='ocrx_word' id='word_1_712' title='bbox 776 4904 901 4946; x_wconf 84' lang='lat' dir='ltr'><strong>cum</strong></span> <span class='ocrx_word' id='word_1_713' title='bbox 932 4887 1225 4944; x_wconf 88' lang='lat' dir='ltr'><strong>Dominum</strong></span> <span class='ocrx_word' id='word_1_714' title='bbox 1254 4902 1414 4943; x_wconf 91' lang='lat' dir='ltr'><strong>suum</strong></span> <span class='ocrx_word' id='word_1_715' title='bbox 1441 4900 1747 4958; x_wconf 84' lang='lat' dir='ltr'><strong>agnoscens</strong></span> <span class='ocrx_word' id='word_1_716' title='bbox 1774 4885 1849 4939; x_wconf 89' lang='lat' dir='ltr'><strong>ita</strong></span> <span class='ocrx_word' id='word_1_717' title='bbox 1879 4882 2060 4955; x_wconf 86' lang='lat' dir='ltr'><strong>loqui—</strong></span> 
     </span>
    </p>
   </div>
   <div class='ocr_carea' id='block_1_94' title="bbox 469 4976 2049 5058">
    <p class='ocr_par' dir='ltr' id='par_1_94' title="bbox 469 4976 2049 5058">
     <span class='ocr_line' id='line_1_94' title="bbox 469 4976 2049 5058; baseline -0.006 -14"><span class='ocrx_word' id='word_1_718' title='bbox 469 4990 560 5044; x_wconf 88' lang='lat' dir='ltr'><strong>t‘ur</strong></span> <span class='ocrx_word' id='word_1_719' title='bbox 589 5009 602 5044; x_wconf 92' lang='lat'><strong>:</strong></span> <span class='ocrx_word' id='word_1_720' title='bbox 629 4986 740 5058; x_wconf 88' lang='lat' dir='ltr'><strong>Ego</strong></span> <span class='ocrx_word' id='word_1_721' title='bbox 767 4998 815 5042; x_wconf 89' lang='lat' dir='ltr'><strong>te</strong></span> <span class='ocrx_word' id='word_1_722' title='bbox 838 5002 968 5058; x_wconf 86' lang='lat' dir='ltr'><strong>opus</strong></span> <span class='ocrx_word' id='word_1_723' title='bbox 998 4984 1182 5053; x_wconf 80' lang='lat' dir='ltr'><strong>habeo,</strong></span> <span class='ocrx_word' id='word_1_724' title='bbox 1209 4992 1259 5038; x_wconf 91' lang='lat' dir='ltr'><strong>et</strong></span> <span class='ocrx_word' id='word_1_725' title='bbox 1296 4992 1351 5037; x_wconf 90' lang='lat' dir='ltr'><strong>tu</strong></span> <span class='ocrx_word' id='word_1_726' title='bbox 1376 4982 1517 5037; x_wconf 85' lang='lat' dir='ltr'><strong>venis</strong></span> <span class='ocrx_word' id='word_1_727' title='bbox 1552 4980 1622 5035; x_wconf 88' lang='lat' dir='ltr'><strong>ad</strong></span> <span class='ocrx_word' id='word_1_728' title='bbox 1646 4995 1727 5035; x_wconf 86' lang='lat' dir='ltr'><strong>me</strong></span> <span class='ocrx_word' id='word_1_729' title='bbox 1746 4980 1812 5037; x_wconf 82' lang='grc'>¹⁰.</span> <span class='ocrx_word' id='word_1_730' title='bbox 1844 4976 2049 5034; x_wconf 86' lang='lat' dir='ltr'><strong>Deinde</strong></span> 
     </span>
    </p>
   </div>
   <div class='ocr_carea' id='block_1_95' title="bbox 467 5072 2061 5145">
    <p class='ocr_par' dir='ltr' id='par_1_95' title="bbox 467 5072 2061 5145">
     <span class='ocr_line' id='line_1_95' title="bbox 467 5072 2061 5145; baseline -0.008 -8"><span class='ocrx_word' id='word_1_731' title='bbox 467 5096 595 5137; x_wconf 88' lang='lat' dir='ltr'><strong>cum</strong></span> <span class='ocrx_word' id='word_1_732' title='bbox 628 5080 895 5135; x_wconf 85' lang='lat' dir='ltr'><strong>dixisset:</strong></span> <span class='ocrx_word' id='word_1_733' title='bbox 930 5078 1059 5134; x_wconf 85' lang='lat' dir='ltr'><strong>Siue</strong></span> <span class='ocrx_word' id='word_1_734' title='bbox 1097 5077 1277 5141; x_wconf 88' lang='lat' dir='ltr'><strong>modo,</strong></span> <span class='ocrx_word' id='word_1_735' title='bbox 1302 5086 1359 5130; x_wconf 88' lang='lat' dir='ltr'><strong>ut</strong></span> <span class='ocrx_word' id='word_1_736' title='bbox 1386 5075 1672 5145; x_wconf 87' lang='lat' dir='ltr'><strong>impleatur</strong></span> <span class='ocrx_word' id='word_1_737' title='bbox 1697 5073 1867 5127; x_wconf 80' lang='lat' dir='ltr'><strong>omnis</strong></span> <span class='ocrx_word' id='word_1_738' title='bbox 1891 5072 2061 5142; x_wconf 83' lang='lat' dir='ltr'><strong>justi-</strong></span> 
     </span>
    </p>
   </div>
   <div class='ocr_carea' id='block_1_96' title="bbox 468 5164 2056 5242">
    <p class='ocr_par' dir='ltr' id='par_1_96' title="bbox 468 5164 2056 5242">
     <span class='ocr_line' id='line_1_96' title="bbox 468 5164 2056 5242; baseline -0.007 -14"><span class='ocrx_word' id='word_1_739' title='bbox 468 5176 582 5237; x_wconf 90' lang='lat' dir='ltr'><strong>tia;</strong></span> <span class='ocrx_word' id='word_1_740' title='bbox 607 5182 661 5228; x_wconf 91' lang='lat' dir='ltr'><strong>et</strong></span> <span class='ocrx_word' id='word_1_741' title='bbox 682 5172 864 5227; x_wconf 80' lang='lat' dir='ltr'><strong>abillo</strong></span> <span class='ocrx_word' id='word_1_742' title='bbox 885 5170 1199 5242; x_wconf 85' lang='lat' dir='ltr'><strong>baptizatus</strong></span> <span class='ocrx_word' id='word_1_743' title='bbox 1231 5175 1399 5236; x_wconf 87' lang='lat' dir='ltr'><strong>esset,</strong></span> <span class='ocrx_word' id='word_1_744' title='bbox 1422 5165 1669 5222; x_wconf 87' lang='lat' dir='ltr'><strong>divinum</strong></span> <span class='ocrx_word' id='word_1_745' title='bbox 1694 5164 1863 5221; x_wconf 78' lang='lat' dir='ltr'><strong>refert</strong></span> <span class='ocrx_word' id='word_1_746' title='bbox 1882 5164 2056 5219; x_wconf 88' lang='lat' dir='ltr'><strong>Evan-</strong></span> 
     </span>
    </p>
   </div>
   <div class='ocr_carea' id='block_1_97' title="bbox 469 5254 2052 5337">
    <p class='ocr_par' dir='ltr' id='par_1_97' title="bbox 469 5254 2052 5337">
     <span class='ocr_line' id='line_1_97' title="bbox 469 5254 2052 5337; baseline -0.007 -16"><span class='ocrx_word' id='word_1_747' title='bbox 469 5262 669 5337; x_wconf 87' lang='lat' dir='ltr'><strong>gelium</strong></span> <span class='ocrx_word' id='word_1_748' title='bbox 708 5263 973 5319; x_wconf 78' lang='lat' dir='ltr'><strong>Joannem</strong></span> <span class='ocrx_word' id='word_1_749' title='bbox 1019 5260 1106 5317; x_wconf 87' lang='lat' dir='ltr'><strong>his</strong></span> <span class='ocrx_word' id='word_1_750' title='bbox 1144 5259 1326 5317; x_wconf 86' lang='lat' dir='ltr'><strong>verbis</strong></span> <span class='ocrx_word' id='word_1_751' title='bbox 1365 5257 1741 5315; x_wconf 90' lang='lat' dir='ltr'><strong>testimonium</strong></span> <span class='ocrx_word' id='word_1_752' title='bbox 1787 5254 2007 5312; x_wconf 85' lang='lat' dir='ltr'><strong>dedisse</strong></span> <span class='ocrx_word' id='word_1_753' title='bbox 2038 5274 2052 5310; x_wconf 94' lang='lat'><strong>:</strong></span> 
     </span>
    </p>
   </div>
   <div class='ocr_carea' id='block_1_98' title="bbox 472 5348 2057 5426">
    <p class='ocr_par' dir='ltr' id='par_1_98' title="bbox 472 5348 2057 5426">
     <span class='ocr_line' id='line_1_98' title="bbox 472 5348 2057 5426; baseline -0.007 -14"><span class='ocrx_word' id='word_1_754' title='bbox 472 5359 732 5426; x_wconf 86' lang='lat' dir='ltr'><strong>Quoniam</strong></span> <span class='ocrx_word' id='word_1_755' title='bbox 773 5356 942 5425; x_wconf 87' lang='lat' dir='ltr'><strong>aperti</strong></span> <span class='ocrx_word' id='word_1_756' title='bbox 973 5350 1096 5408; x_wconf 79' lang='lat' dir='ltr'><strong>sunt</strong></span> <span class='ocrx_word' id='word_1_757' title='bbox 1124 5351 1261 5417; x_wconf 76' lang='lat' dir='ltr'><strong>caeli,</strong></span> <span class='ocrx_word' id='word_1_758' title='bbox 1303 5360 1353 5406; x_wconf 88' lang='lat' dir='ltr'><strong>et</strong></span> <span class='ocrx_word' id='word_1_759' title='bbox 1383 5350 1489 5406; x_wconf 83' lang='lat' dir='ltr'><strong>vidi</strong></span> <span class='ocrx_word' id='word_1_760' title='bbox 1517 5348 1778 5405; x_wconf 79' lang='lat' dir='ltr'><strong>Spiritum</strong></span> <span class='ocrx_word' id='word_1_761' title='bbox 1813 5358 2057 5402; x_wconf 84' lang='lat' dir='ltr'><strong>sanctum</strong></span> 
     </span>
    </p>
   </div>
   <div class='ocr_carea' id='block_1_99' title="bbox 472 5441 2056 5516">
    <p class='ocr_par' dir='ltr' id='par_1_99' title="bbox 472 5441 2056 5516">
     <span class='ocr_line' id='line_1_99' title="bbox 472 5441 2056 5516; baseline -0.006 -12"><span class='ocrx_word' id='word_1_762' title='bbox 472 5451 525 5504; x_wconf 86' lang='lat' dir='ltr'><strong>in</strong></span> <span class='ocrx_word' id='word_1_763' title='bbox 571 5449 740 5516; x_wconf 85' lang='lat' dir='ltr'><strong>specie</strong></span> <span class='ocrx_word' id='word_1_764' title='bbox 785 5450 1045 5502; x_wconf 75' lang='lat' dir='ltr'><strong>columba:</strong></span> <span class='ocrx_word' id='word_1_765' title='bbox 1093 5446 1511 5508; x_wconf 79' lang='lat' dir='ltr'><strong>descendentem,</strong></span> <span class='ocrx_word' id='word_1_766' title='bbox 1563 5451 1614 5497; x_wconf 89' lang='lat' dir='ltr'><strong>et</strong></span> <span class='ocrx_word' id='word_1_767' title='bbox 1664 5442 1952 5496; x_wconf 77' lang='lat' dir='ltr'><strong>venientem</strong></span> <span class='ocrx_word' id='word_1_768' title='bbox 2000 5441 2056 5495; x_wconf 93' lang='lat' dir='ltr'><strong>in</strong></span> 
     </span>
    </p>
   </div>
   <div class='ocr_carea' id='block_1_100' title="bbox 474 5532 2062 5611">
    <p class='ocr_par' dir='ltr' id='par_1_100' title="bbox 474 5532 2062 5611">
     <span class='ocr_line' id='line_1_100' title="bbox 474 5532 2062 5611; baseline -0.008 -13"><span class='ocrx_word' id='word_1_769' title='bbox 474 5544 640 5611; x_wconf 79' lang='lat' dir='ltr'><strong>ipsum</strong></span> <span class='ocrx_word' id='word_1_770' title='bbox 662 5541 726 5595; x_wconf 71' lang='grc' dir='ltr'>υ.</span> <span class='ocrx_word' id='word_1_771' title='bbox 766 5539 834 5594; x_wconf 85' lang='lat' dir='ltr'><strong>Et</strong></span> <span class='ocrx_word' id='word_1_772' title='bbox 865 5555 965 5595; x_wconf 76' lang='lat' dir='ltr'><strong>eoa:</strong></span> <span class='ocrx_word' id='word_1_773' title='bbox 992 5539 1055 5593; x_wconf 87' lang='lat' dir='ltr'><strong>de</strong></span> <span class='ocrx_word' id='word_1_774' title='bbox 1089 5542 1219 5594; x_wconf 71' lang='lat' dir='ltr'><strong>caelo</strong></span> <span class='ocrx_word' id='word_1_775' title='bbox 1250 5555 1269 5594; x_wconf 92' lang='lat'><strong>:</strong></span> <span class='ocrx_word' id='word_1_776' title='bbox 1310 5536 1413 5591; x_wconf 88' lang='lat' dir='ltr'><strong>Hic</strong></span> <span class='ocrx_word' id='word_1_777' title='bbox 1442 5545 1520 5591; x_wconf 85' lang='lat' dir='ltr'><strong>est</strong></span> <span class='ocrx_word' id='word_1_778' title='bbox 1569 5535 1749 5589; x_wconf 84' lang='lat' dir='ltr'><strong>Filius</strong></span> <span class='ocrx_word' id='word_1_779' title='bbox 1793 5550 1940 5588; x_wconf 78' lang='lat' dir='ltr'><strong>meus</strong></span> <span class='ocrx_word' id='word_1_780' title='bbox 1983 5532 2062 5586; x_wconf 87' lang='lat' dir='ltr'><strong>di-</strong></span> 
     </span>
    </p>
   </div>
   <div class='ocr_carea' id='block_1_101' title="bbox 475 5625 2058 5702">
    <p class='ocr_par' dir='ltr' id='par_1_101' title="bbox 475 5625 2058 5702">
     <span class='ocr_line' id='line_1_101' title="bbox 475 5625 2058 5702; baseline -0.008 -10"><span class='ocrx_word' id='word_1_781' title='bbox 475 5635 659 5698; x_wconf 80' lang='lat' dir='ltr'><strong>lectus,</strong></span> <span class='ocrx_word' id='word_1_782' title='bbox 705 5633 760 5686; x_wconf 87' lang='lat' dir='ltr'><strong>in</strong></span> <span class='ocrx_word' id='word_1_783' title='bbox 796 5647 895 5702; x_wconf 86' lang='lat' dir='ltr'><strong>quo</strong></span> <span class='ocrx_word' id='word_1_784' title='bbox 930 5630 1061 5684; x_wconf 78' lang='lat' dir='ltr'><strong>milii</strong></span> <span class='ocrx_word' id='word_1_785' title='bbox 1093 5631 1387 5701; x_wconf 87' lang='lat' dir='ltr'><strong>complacui</strong></span> <span class='ocrx_word' id='word_1_786' title='bbox 1413 5631 1478 5686; x_wconf 79' lang='grc'>¹¹.</span> <span class='ocrx_word' id='word_1_787' title='bbox 1509 5626 1643 5682; x_wconf 88' lang='lat' dir='ltr'><strong>Erat</strong></span> <span class='ocrx_word' id='word_1_788' title='bbox 1675 5635 1789 5682; x_wconf 88' lang='lat' dir='ltr'><strong>tum</strong></span> <span class='ocrx_word' id='word_1_789' title='bbox 1830 5626 1885 5681; x_wconf 92' lang='lat' dir='ltr'><strong>in</strong></span> <span class='ocrx_word' id='word_1_790' title='bbox 1917 5625 2058 5681; x_wconf 71' lang='lat' dir='ltr'><strong>cmlo</strong></span> 
     </span>
    </p>
   </div>
   <div class='ocr_carea' id='block_1_102' title="bbox 2161 4599 3697 4686">
    <p class='ocr_par' dir='ltr' id='par_1_102' title="bbox 2161 4599 3697 4686">
     <span class='ocr_line' id='line_1_102' title="bbox 2161 4599 3697 4686; baseline -0.002 -24"><span class='ocrx_word' id='word_1_791' title='bbox 2161 4626 2279 4673; x_wconf 87' lang='grc' dir='ltr'>του,</span> <span class='ocrx_word' id='word_1_792' title='bbox 2324 4608 2418 4663; x_wconf 76' lang='grc' dir='ltr'><strong>καὶ</strong></span> <span class='ocrx_word' id='word_1_793' title='bbox 2462 4610 2721 4681; x_wconf 84' lang='grc' dir='ltr'>ἐσκίρτα·</span> <span class='ocrx_word' id='word_1_794' title='bbox 2746 4604 2792 4680; x_wconf 80' lang='grc' dir='ltr'>ᾧ</span> <span class='ocrx_word' id='word_1_795' title='bbox 2817 4612 2971 4685; x_wconf 86' lang='grc' dir='ltr'>ἐδόθη</span> <span class='ocrx_word' id='word_1_796' title='bbox 3002 4612 3062 4666; x_wconf 84' lang='grc' dir='ltr'><strong>τὸ</strong></span> <span class='ocrx_word' id='word_1_797' title='bbox 3099 4614 3324 4686; x_wconf 83' lang='grc' dir='ltr'>μήνυμα</span> <span class='ocrx_word' id='word_1_798' title='bbox 3349 4612 3440 4667; x_wconf 86' lang='grc' dir='ltr'><strong>τοῦ</strong></span> <span class='ocrx_word' id='word_1_799' title='bbox 3468 4599 3697 4682; x_wconf 71' lang='grc' dir='ltr'>προκηρύ-</span> 
     </span>
    </p>
   </div>
   <div class='ocr_carea' id='block_1_103' title="bbox 2161 4690 3700 4775">
    <p class='ocr_par' dir='ltr' id='par_1_103' title="bbox 2161 4690 3700 4775">
     <span class='ocr_line' id='line_1_103' title="bbox 2161 4690 3700 4775; baseline -0.02 -2"><span class='ocrx_word' id='word_1_800' title='bbox 2161 4716 2393 4771; x_wconf 68' lang='grc' dir='ltr'>Υματοςν</span> <span class='ocrx_word' id='word_1_801' title='bbox 2425 4702 2520 4757; x_wconf 71' lang='grc' dir='ltr'>καὶ</span> <span class='ocrx_word' id='word_1_802' title='bbox 2545 4704 2578 4774; x_wconf 83' lang='grc' dir='ltr'>ἡ</span> <span class='ocrx_word' id='word_1_803' title='bbox 2617 4702 2908 4774; x_wconf 78' lang='grc' dir='ltr'>ἑτοιμασία</span> <span class='ocrx_word' id='word_1_804' title='bbox 2950 4705 3049 4775; x_wconf 70' lang='grc' dir='ltr'>τῆς</span> <span class='ocrx_word' id='word_1_805' title='bbox 3077 4703 3199 4758; x_wconf 84' lang='grc' dir='ltr'>ὁδοῦ</span> <span class='ocrx_word' id='word_1_806' title='bbox 3226 4705 3319 4758; x_wconf 86' lang='grc' dir='ltr'><strong>τοῦ</strong></span> <span class='ocrx_word' id='word_1_807' title='bbox 3360 4701 3570 4774; x_wconf 81' lang='grc' dir='ltr'>Κυρίου.</span> <span class='ocrx_word' id='word_1_808' title='bbox 3597 4690 3700 4747; x_wconf 83' lang='grc' dir='ltr'>Πεί·</span> 
     </span>
    </p>
   </div>
   <div class='ocr_carea' id='block_1_104' title="bbox 2164 4786 3693 4866">
    <p class='ocr_par' dir='ltr' id='par_1_104' title="bbox 2164 4786 3693 4866">
     <span class='ocr_line' id='line_1_104' title="bbox 2164 4786 3693 4866; baseline 0.004 -20"><span class='ocrx_word' id='word_1_809' title='bbox 2164 4792 2323 4866; x_wconf 89' lang='grc' dir='ltr'>σθητι</span> <span class='ocrx_word' id='word_1_810' title='bbox 2361 4794 2532 4866; x_wconf 80' lang='grc' dir='ltr'>αὐτῷ,</span> <span class='ocrx_word' id='word_1_811' title='bbox 2564 4795 2660 4849; x_wconf 72' lang='grc' dir='ltr'>καὶ</span> <span class='ocrx_word' id='word_1_812' title='bbox 2690 4797 2752 4849; x_wconf 85' lang='grc' dir='ltr'>οὐ</span> <span class='ocrx_word' id='word_1_813' title='bbox 2784 4795 3067 4860; x_wconf 76' lang='grc' dir='ltr'>διαπέσοις</span> <span class='ocrx_word' id='word_1_814' title='bbox 3097 4797 3204 4851; x_wconf 80' lang='grc' dir='ltr'>ἀπὸ</span> <span class='ocrx_word' id='word_1_815' title='bbox 3243 4796 3338 4851; x_wconf 90' lang='grc' dir='ltr'><strong>τοῦ</strong></span> <span class='ocrx_word' id='word_1_816' title='bbox 3374 4790 3564 4851; x_wconf 85' lang='grc' dir='ltr'>σκοποῦ</span> <span class='ocrx_word' id='word_1_817' title='bbox 3595 4786 3693 4852; x_wconf 56' lang='grc' dir='ltr'><strong>ἄλη</strong></span> 
     </span>
    </p>
   </div>
   <div class='ocr_carea' id='block_1_105' title="bbox 2164 4875 3699 4961">
    <p class='ocr_par' dir='ltr' id='par_1_105' title="bbox 2164 4875 3699 4961">
     <span class='ocr_line' id='line_1_105' title="bbox 2164 4875 3699 4961; baseline -0.005 -22"><span class='ocrx_word' id='word_1_818' title='bbox 2164 4885 2337 4950; x_wconf 88' lang='grc' dir='ltr'>θείας.</span> <span class='ocrx_word' id='word_1_819' title='bbox 2379 4886 2513 4941; x_wconf 78' lang='grc' dir='ltr'>Ἰδοὺ</span> <span class='ocrx_word' id='word_1_820' title='bbox 2542 4886 2654 4959; x_wconf 89' lang='grc' dir='ltr'>γὰρ</span> <span class='ocrx_word' id='word_1_821' title='bbox 2681 4888 2844 4952; x_wconf 80' lang='grc' dir='ltr'>αὐτὸς</span> <span class='ocrx_word' id='word_1_822' title='bbox 2878 4891 3148 4961; x_wconf 83' lang='grc' dir='ltr'>μαρτυρεῖ</span> <span class='ocrx_word' id='word_1_823' title='bbox 3175 4888 3368 4959; x_wconf 79' lang='grc' dir='ltr'>λέγων,</span> <span class='ocrx_word' id='word_1_824' title='bbox 3403 4885 3599 4959; x_wconf 85' lang='grc' dir='ltr'>πρῶτον</span> <span class='ocrx_word' id='word_1_825' title='bbox 3623 4875 3699 4947; x_wconf 65' lang='grc' dir='ltr'><strong>μὲν</strong></span> 
     </span>
    </p>
   </div>
   <div class='ocr_carea' id='block_1_106' title="bbox 2164 4972 3695 5052">
    <p class='ocr_par' dir='ltr' id='par_1_106' title="bbox 2164 4972 3695 5052">
     <span class='ocr_line' id='line_1_106' title="bbox 2164 4972 3695 5052; baseline 0.005 -20"><span class='ocrx_word' id='word_1_826' title='bbox 2164 4979 2257 5032; x_wconf 81' lang='grc' dir='ltr'><strong>τὸν</strong></span> <span class='ocrx_word' id='word_1_827' title='bbox 2285 4979 2564 5051; x_wconf 80' lang='grc' dir='ltr'>Δεσπότην</span> <span class='ocrx_word' id='word_1_828' title='bbox 2592 4979 2787 5033; x_wconf 88' lang='grc' dir='ltr'>ἐαυτοῦ</span> <span class='ocrx_word' id='word_1_829' title='bbox 2814 4980 3089 5049; x_wconf 77' lang='grc' dir='ltr'>ἐπιγνοὺς.</span> <span class='ocrx_word' id='word_1_830' title='bbox 3120 4982 3202 5036; x_wconf 82' lang='grc' dir='ltr'><strong>ὅτι</strong></span> <span class='ocrx_word' id='word_1_831' title='bbox 3225 4981 3375 5052; x_wconf 72' lang='grc' dir='ltr'>Ἐγὼ</span> <span class='ocrx_word' id='word_1_832' title='bbox 3396 4978 3504 5036; x_wconf 80' lang='grc' dir='ltr'><strong>σοῦ</strong></span> <span class='ocrx_word' id='word_1_833' title='bbox 3527 4972 3695 5044; x_wconf 69' lang='grc' dir='ltr'>χρείαν</span> 
     </span>
    </p>
   </div>
   <div class='ocr_carea' id='block_1_107' title="bbox 2165 5060 3701 5144">
    <p class='ocr_par' dir='ltr' id='par_1_107' title="bbox 2165 5060 3701 5144">
     <span class='ocr_line' id='line_1_107' title="bbox 2165 5060 3701 5144; baseline -0.024 12"><span class='ocrx_word' id='word_1_834' title='bbox 2165 5070 2306 5141; x_wconf 67' lang='grc' dir='ltr'><strong>ἔχων</strong></span> <span class='ocrx_word' id='word_1_835' title='bbox 2338 5071 2437 5127; x_wconf 68' lang='grc' dir='ltr'><strong>καὶ</strong></span> <span class='ocrx_word' id='word_1_836' title='bbox 2472 5072 2554 5127; x_wconf 82' lang='grc' dir='ltr'>σὺ</span> <span class='ocrx_word' id='word_1_837' title='bbox 2585 5074 2736 5143; x_wconf 67' lang='grc' dir='ltr'>ἔρχι(</span> <span class='ocrx_word' id='word_1_838' title='bbox 2766 5074 2920 5141; x_wconf 78' lang='grc' dir='ltr'>πρός</span> <span class='ocrx_word' id='word_1_839' title='bbox 2949 5090 3048 5144; x_wconf 79' lang='grc' dir='ltr'><strong>με.</strong></span> <span class='ocrx_word' id='word_1_840' title='bbox 3096 5076 3208 5129; x_wconf 68' lang='grc' dir='ltr'><strong>Καὶ</strong></span> <span class='ocrx_word' id='word_1_841' title='bbox 3249 5075 3344 5128; x_wconf 81' lang='grc' dir='ltr'><strong>τοῦ</strong></span> <span class='ocrx_word' id='word_1_842' title='bbox 3373 5072 3603 5142; x_wconf 75' lang='grc' dir='ltr'>Σωτῆρος</span> <span class='ocrx_word' id='word_1_843' title='bbox 3627 5060 3701 5115; x_wconf 74' lang='grc' dir='ltr'><strong>λέ-</strong></span> 
     </span>
    </p>
   </div>
   <div class='ocr_carea' id='block_1_108' title="bbox 2161 5161 3701 5237">
    <p class='ocr_par' dir='ltr' id='par_1_108' title="bbox 2161 5161 3701 5237">
     <span class='ocr_line' id='line_1_108' title="bbox 2161 5161 3701 5237; baseline -0.005 -19"><span class='ocrx_word' id='word_1_844' title='bbox 2161 5180 2369 5234; x_wconf 67' lang='grc' dir='ltr'>γοντος*</span> <span class='ocrx_word' id='word_1_845' title='bbox 2400 5165 2577 5234; x_wconf 68' lang='grc' dir='ltr'>Ἄφες</span> <span class='ocrx_word' id='word_1_846' title='bbox 2612 5164 2767 5234; x_wconf 79' lang='grc' dir='ltr'>ἄρτι,</span> <span class='ocrx_word' id='word_1_847' title='bbox 2806 5165 2967 5233; x_wconf 81' lang='grc' dir='ltr'>ὅπως</span> <span class='ocrx_word' id='word_1_848' title='bbox 3007 5166 3298 5237; x_wconf 74' lang='grc' dir='ltr'>πληρωθῇ</span> <span class='ocrx_word' id='word_1_849' title='bbox 3327 5167 3486 5224; x_wconf 77' lang='grc' dir='ltr'>πᾶσα</span> <span class='ocrx_word' id='word_1_850' title='bbox 3513 5161 3701 5215; x_wconf 80' lang='grc' dir='ltr'>δικαιο-</span> 
     </span>
    </p>
   </div>
   <div class='ocr_carea' id='block_1_109' title="bbox 2164 5252 3694 5328">
    <p class='ocr_par' dir='ltr' id='par_1_109' title="bbox 2164 5252 3694 5328">
     <span class='ocr_line' id='line_1_109' title="bbox 2164 5252 3694 5328; baseline 0.003 -18"><span class='ocrx_word' id='word_1_851' title='bbox 2164 5257 2347 5324; x_wconf 86' lang='grc' dir='ltr'>σύνη·</span> <span class='ocrx_word' id='word_1_852' title='bbox 2379 5257 2474 5310; x_wconf 76' lang='grc' dir='ltr'>καὶ</span> <span class='ocrx_word' id='word_1_853' title='bbox 2517 5257 2684 5311; x_wconf 78' lang='grc' dir='ltr'>αὐτοῦ</span> <span class='ocrx_word' id='word_1_854' title='bbox 2716 5256 3110 5328; x_wconf 81' lang='grc' dir='ltr'>βαπτισθέντος</span> <span class='ocrx_word' id='word_1_855' title='bbox 3136 5259 3229 5312; x_wconf 83' lang='grc' dir='ltr'>ὑπ’</span> <span class='ocrx_word' id='word_1_856' title='bbox 3258 5258 3440 5323; x_wconf 85' lang='grc' dir='ltr'>αὑτοῦ,</span> <span class='ocrx_word' id='word_1_857' title='bbox 3484 5252 3551 5317; x_wconf 84' lang='grc' dir='ltr'>ὥς</span> <span class='ocrx_word' id='word_1_858' title='bbox 3590 5260 3694 5317; x_wconf 69' lang='grc' dir='ltr'><strong>φηω</strong></span> 
     </span>
    </p>
   </div>
   <div class='ocr_carea' id='block_1_110' title="bbox 2163 5332 3689 5422">
    <p class='ocr_par' dir='ltr' id='par_1_110' title="bbox 2163 5332 3689 5422">
     <span class='ocr_line' id='line_1_110' title="bbox 2163 5332 3689 5422; baseline -0.001 -20"><span class='ocrx_word' id='word_1_859' title='bbox 2163 5349 2225 5402; x_wconf 85' lang='grc' dir='ltr'><strong>τὸ</strong></span> <span class='ocrx_word' id='word_1_860' title='bbox 2250 5348 2391 5402; x_wconf 87' lang='grc' dir='ltr'>θεῖον</span> <span class='ocrx_word' id='word_1_861' title='bbox 2420 5350 2773 5419; x_wconf 81' lang='grc' dir='ltr'>Εὐαγγέλιον,</span> <span class='ocrx_word' id='word_1_862' title='bbox 2813 5349 2895 5403; x_wconf 82' lang='grc' dir='ltr'>ὅτι</span> <span class='ocrx_word' id='word_1_863' title='bbox 2939 5348 3325 5422; x_wconf 82' lang='grc' dir='ltr'>ἐμαρτύρησεν</span> <span class='ocrx_word' id='word_1_864' title='bbox 3366 5347 3596 5411; x_wconf 82' lang='grc' dir='ltr'>Ἰωάννης</span> <span class='ocrx_word' id='word_1_865' title='bbox 3621 5332 3689 5388; x_wconf 81' lang='grc' dir='ltr'><strong>λέ⁸</strong></span> 
     </span>
    </p>
   </div>
   <div class='ocr_carea' id='block_1_111' title="bbox 2165 5432 3690 5513">
    <p class='ocr_par' dir='ltr' id='par_1_111' title="bbox 2165 5432 3690 5513">
     <span class='ocr_line' id='line_1_111' title="bbox 2165 5432 3690 5513; baseline 0.005 -19"><span class='ocrx_word' id='word_1_866' title='bbox 2165 5457 2299 5510; x_wconf 75' lang='grc' dir='ltr'><strong>γων⁸</strong></span> <span class='ocrx_word' id='word_1_867' title='bbox 2333 5442 2465 5495; x_wconf 84' lang='grc' dir='ltr'>Ὅτι</span> <span class='ocrx_word' id='word_1_868' title='bbox 2506 5444 2888 5513; x_wconf 76' lang='grc' dir='ltr'>ἠνοίχθησαν</span> <span class='ocrx_word' id='word_1_869' title='bbox 2928 5447 2983 5498; x_wconf 78' lang='grc' dir='ltr'>οἱ</span> <span class='ocrx_word' id='word_1_870' title='bbox 3013 5445 3283 5513; x_wconf 80' lang='grc' dir='ltr'>οὐρανοὶ,</span> <span class='ocrx_word' id='word_1_871' title='bbox 3328 5444 3425 5497; x_wconf 78' lang='grc' dir='ltr'>καὶ</span> <span class='ocrx_word' id='word_1_872' title='bbox 3466 5432 3690 5500; x_wconf 65' lang='grc' dir='ltr'>τεθέαμω</span> 
     </span>
    </p>
   </div>
   <div class='ocr_carea' id='block_1_112' title="bbox 2166 5522 3692 5605">
    <p class='ocr_par' dir='ltr' id='par_1_112' title="bbox 2166 5522 3692 5605">
     <span class='ocr_line' id='line_1_112' title="bbox 2166 5522 3692 5605; baseline 0.003 -19"><span class='ocrx_word' id='word_1_873' title='bbox 2166 5531 2234 5586; x_wconf 86' lang='grc' dir='ltr'>τὸ</span> <span class='ocrx_word' id='word_1_874' title='bbox 2264 5533 2510 5603; x_wconf 83' lang='grc' dir='ltr'>Πνεῦμα</span> <span class='ocrx_word' id='word_1_875' title='bbox 2539 5534 2604 5588; x_wconf 81' lang='grc' dir='ltr'>τὸ</span> <span class='ocrx_word' id='word_1_876' title='bbox 2634 5534 2808 5604; x_wconf 72' lang='grc' dir='ltr'>ἄτιον</span> <span class='ocrx_word' id='word_1_877' title='bbox 2831 5535 2903 5589; x_wconf 85' lang='grc' dir='ltr'><strong>ἐν</strong></span> <span class='ocrx_word' id='word_1_878' title='bbox 2921 5533 3067 5589; x_wconf 75' lang='grc' dir='ltr'>εῖδει</span> <span class='ocrx_word' id='word_1_879' title='bbox 3092 5534 3444 5605; x_wconf 82' lang='grc' dir='ltr'>περιστερᾶς</span> <span class='ocrx_word' id='word_1_880' title='bbox 3463 5522 3692 5591; x_wconf 55' lang='grc' dir='ltr'>κατερκά</span> 
     </span>
    </p>
   </div>
   <div class='ocr_carea' id='block_1_113' title="bbox 2160 5611 3690 5698">
    <p class='ocr_par' dir='ltr' id='par_1_113' title="bbox 2160 5611 3690 5698">
     <span class='ocr_line' id='line_1_113' title="bbox 2160 5611 3690 5698; baseline 0.003 -19"><span class='ocrx_word' id='word_1_881' title='bbox 2160 5642 2371 5696; x_wconf 80' lang='grc' dir='ltr'>μενον,</span> <span class='ocrx_word' id='word_1_882' title='bbox 2411 5626 2510 5680; x_wconf 78' lang='grc' dir='ltr'>καὶ</span> <span class='ocrx_word' id='word_1_883' title='bbox 2552 5626 2883 5698; x_wconf 78' lang='grc' dir='ltr'>ἐρχόμενον</span> <span class='ocrx_word' id='word_1_884' title='bbox 2925 5628 3019 5683; x_wconf 81' lang='grc' dir='ltr'><strong>ἐπ’</strong></span> <span class='ocrx_word' id='word_1_885' title='bbox 3056 5630 3266 5684; x_wconf 86' lang='grc' dir='ltr'>αὐτόν.</span> <span class='ocrx_word' id='word_1_886' title='bbox 3320 5628 3426 5684; x_wconf 78' lang='grc' dir='ltr'><strong>Καὶ</strong></span> <span class='ocrx_word' id='word_1_887' title='bbox 3465 5616 3610 5695; x_wconf 68' lang='grc' dir='ltr'>φωνὴ</span> <span class='ocrx_word' id='word_1_888' title='bbox 3638 5611 3690 5663; x_wconf 63' lang='grc' dir='ltr'><strong>ἐκ</strong></span> 
     </span>
    </p>
   </div>
   <div class='ocr_carea' id='block_1_114' title="bbox 553 5728 2057 5823">
    <p class='ocr_par' dir='ltr' id='par_1_114' title="bbox 553 5749 2018 5823">
     <span class='ocr_line' id='line_1_114' title="bbox 553 5749 2018 5823; baseline -0.005 -13"><span class='ocrx_word' id='word_1_889' title='bbox 553 5760 569 5791; x_wconf 71' lang='grc' dir='ltr'><strong>ι</strong></span> <span class='ocrx_word' id='word_1_890' title='bbox 607 5751 802 5810; x_wconf 82' lang='lat' dir='ltr'><strong>Matth.</strong></span> <span class='ocrx_word' id='word_1_891' title='bbox 836 5751 1013 5823; x_wconf 48' lang='lat' dir='ltr'><strong>Lg&quot;.</strong></span> <span class='ocrx_word' id='word_1_892' title='bbox 1053 5755 1115 5823; x_wconf 18' lang='grc' dir='ltr'><strong>ἑξ</strong></span> <span class='ocrx_word' id='word_1_893' title='bbox 1150 5753 1288 5823; x_wconf 84' lang='lat' dir='ltr'><strong>Agg.</strong></span> <span class='ocrx_word' id='word_1_894' title='bbox 1327 5768 1387 5809; x_wconf 84' lang='grc' dir='ltr'><strong>ιι.</strong></span> <span class='ocrx_word' id='word_1_895' title='bbox 1420 5752 1512 5823; x_wconf 41' lang='lat'><strong>6.“</strong></span> <span class='ocrx_word' id='word_1_896' title='bbox 1552 5752 1572 5782; x_wconf 90' lang='grc'>³</span> <span class='ocrx_word' id='word_1_897' title='bbox 1606 5749 1769 5823; x_wconf 75' lang='lat' dir='ltr'><strong>Joan.</strong></span> <span class='ocrx_word' id='word_1_898' title='bbox 1807 5767 1868 5823; x_wconf 61' lang='grc' dir='ltr'><strong>ιι,</strong></span> <span class='ocrx_word' id='word_1_899' title='bbox 1911 5750 2018 5823; x_wconf 38' lang='grc'><strong>5-0.-</strong></span> 
     </span>
    </p>
   </div>
   <div class='ocr_carea' id='block_1_115' title="bbox 2160 5728 3671 5823">
    <p class='ocr_par' dir='ltr' id='par_1_115' title="bbox 2160 5728 3671 5823">
     <span class='ocr_line' id='line_1_115' title="bbox 2160 5728 3671 5823; baseline -0.005 -21"><span class='ocrx_word' id='word_1_900' title='bbox 2160 5748 2324 5823; x_wconf 72' lang='lat' dir='ltr'><strong>latth.</strong></span> <span class='ocrx_word' id='word_1_901' title='bbox 2380 5766 2575 5819; x_wconf 71' lang='lat' dir='ltr'><strong>xxvm,</strong></span> <span class='ocrx_word' id='word_1_902' title='bbox 2610 5750 2720 5823; x_wconf 38' lang='lat'><strong>19.</strong></span> <span class='ocrx_word' id='word_1_903' title='bbox 2774 5748 2987 5823; x_wconf 13' lang='lat' dir='ltr'><strong>l‘VJoan.</strong></span> <span class='ocrx_word' id='word_1_904' title='bbox 3020 5766 3130 5823; x_wconf 63' lang='lat' dir='ltr'><strong>xiv,</strong></span> <span class='ocrx_word' id='word_1_905' title='bbox 3160 5748 3250 5805; x_wconf 69' lang='lat'><strong>28.</strong></span> <span class='ocrx_word' id='word_1_906' title='bbox 3323 5745 3519 5823; x_wconf 17' lang='lat' dir='ltr'><strong>A‘_,J_oan.</strong></span> <span class='ocrx_word' id='word_1_907' title='bbox 3552 5728 3671 5823; x_wconf 53' lang='lat' dir='ltr'><strong>v.22</strong></span> 
     </span>
    </p>
   </div>
   <div class='ocr_carea' id='block_1_116' title="bbox 478 5818 2479 5892">
    <p class='ocr_par' dir='ltr' id='par_1_116' title="bbox 478 5818 2479 5892">
     <span class='ocr_line' id='line_1_116' title="bbox 478 5818 2479 5892; baseline -0.003 -9"><span class='ocrx_word' id='word_1_908' title='bbox 478 5827 499 5859; x_wconf 85' lang='grc'>⁷</span> <span class='ocrx_word' id='word_1_909' title='bbox 535 5828 694 5883; x_wconf 81' lang='lat' dir='ltr'><strong>Joan.</strong></span> <span class='ocrx_word' id='word_1_910' title='bbox 721 5820 970 5884; x_wconf 59' lang='lat'><strong>“11,10.</strong></span> <span class='ocrx_word' id='word_1_911' title='bbox 1050 5819 1072 5852; x_wconf 84' lang='grc'><strong><em>⁸</em></strong></span> <span class='ocrx_word' id='word_1_912' title='bbox 1102 5818 1328 5892; x_wconf 61' lang='grc' dir='ltr'>ὶεξιῖἰι,</span> <span class='ocrx_word' id='word_1_913' title='bbox 1359 5823 1428 5887; x_wconf 75' lang='lat'><strong>3;</strong></span> <span class='ocrx_word' id='word_1_914' title='bbox 1466 5820 1657 5875; x_wconf 82' lang='lat' dir='ltr'><strong>Matth.</strong></span> <span class='ocrx_word' id='word_1_915' title='bbox 1685 5834 1767 5888; x_wconf 83' lang='lat' dir='ltr'><strong>In,</strong></span> <span class='ocrx_word' id='word_1_916' title='bbox 1805 5821 1859 5876; x_wconf 80' lang='grc'>5.</span> <span class='ocrx_word' id='word_1_917' title='bbox 1936 5820 1958 5851; x_wconf 83' lang='grc'><strong>⁹</strong></span> <span class='ocrx_word' id='word_1_918' title='bbox 1995 5818 2131 5875; x_wconf 90' lang='lat' dir='ltr'><strong>Luc.</strong></span> <span class='ocrx_word' id='word_1_919' title='bbox 2165 5820 2330 5892; x_wconf 72' lang='lat'><strong>&quot;.28</strong></span> <span class='ocrx_word' id='word_1_920' title='bbox 2358 5837 2479 5892; x_wconf 87' lang='lat' dir='ltr'><strong>sqq.</strong></span> 
     </span>
    </p>
   </div>
   <div class='ocr_carea' id='block_1_117' title="bbox 1051 5890 2312 5965">
    <p class='ocr_par' dir='ltr' id='par_1_117' title="bbox 1051 5890 2312 5965">
     <span class='ocr_line' id='line_1_117' title="bbox 1051 5890 2312 5965; baseline 0 -19"><span class='ocrx_word' id='word_1_921' title='bbox 1051 5892 1095 5923; x_wconf 82' lang='lat'>&quot;</span> <span class='ocrx_word' id='word_1_922' title='bbox 1132 5890 1190 5948; x_wconf 61' lang='grc' dir='ltr'><strong>ιτ.</strong></span> <span class='ocrx_word' id='word_1_923' title='bbox 1232 5892 1390 5964; x_wconf 79' lang='grc' dir='ltr'>ὁμοῦ,</span> <span class='ocrx_word' id='word_1_924' title='bbox 1444 5908 1543 5965; x_wconf 90' lang='lat' dir='ltr'><strong>pro</strong></span> <span class='ocrx_word' id='word_1_925' title='bbox 1594 5893 1750 5959; x_wconf 76' lang='grc' dir='ltr'>ὅπου,</span> <span class='ocrx_word' id='word_1_926' title='bbox 1794 5892 1876 5947; x_wconf 74' lang='lat' dir='ltr'><strong>vel</strong></span> <span class='ocrx_word' id='word_1_927' title='bbox 1909 5908 2147 5963; x_wconf 81' lang='lat' dir='ltr'><strong>cxpung.</strong></span> <span class='ocrx_word' id='word_1_928' title='bbox 2181 5891 2312 5965; x_wconf 82' lang='grc' dir='ltr'>γάρ.</span> 
     </span>
    </p>
   </div>
   <div class='ocr_carea' id='block_1_118' title="bbox 477 5892 971 5956">
    <p class='ocr_par' dir='ltr' id='par_1_118' title="bbox 477 5892 971 5956">
     <span class='ocr_line' id='line_1_118' title="bbox 477 5892 971 5956; baseline -0.012 -2"><span class='ocrx_word' id='word_1_929' title='bbox 477 5897 518 5932; x_wconf 76' lang='grc'><strong>⁸³</strong></span> <span class='ocrx_word' id='word_1_930' title='bbox 540 5894 735 5954; x_wconf 67' lang='lat' dir='ltr'><strong>Matth.</strong></span> <span class='ocrx_word' id='word_1_931' title='bbox 766 5907 851 5956; x_wconf 83' lang='lat' dir='ltr'><strong>In,</strong></span> <span class='ocrx_word' id='word_1_932' title='bbox 884 5892 971 5948; x_wconf 79' lang='grc' dir='ltr'><strong>Π.</strong></span> 
     </span>
    </p>
   </div>
   <div class='ocr_carea' id='block_1_119' title="bbox 2596 5796 3741 5893">
    <p class='ocr_par' dir='ltr' id='par_1_119' title="bbox 2596 5796 3741 5893">
     <span class='ocr_line' id='line_1_119' title="bbox 2596 5796 3741 5893; baseline 0.017 -20"><span class='ocrx_word' id='word_1_933' title='bbox 2596 5796 2987 5891; x_wconf 64' lang='grc' dir='ltr'>ιῖν”ιιαιιιῖ.“ἷιῖζ</span> <span class='ocrx_word' id='word_1_934' title='bbox 3020 5796 3250 5893; x_wconf 45' lang='lat' dir='ltr'><strong>illi};</strong></span> <span class='ocrx_word' id='word_1_935' title='bbox 3320 5796 3531 5873; x_wconf 62' lang='grc' dir='ltr'>η”ιιῦέιιιι</span> <span class='ocrx_word' id='word_1_936' title='bbox 3558 5796 3591 5873; x_wconf 60' lang='grc' dir='ltr'><strong><em>εἰ</em></strong></span> <span class='ocrx_word' id='word_1_937' title='bbox 3617 5796 3683 5857; x_wconf 64' lang='grc'><strong>⁵³*</strong></span> <span class='ocrx_word' id='word_1_938' title='bbox 3730 5880 3741 5886; x_wconf 89' lang='grc'><strong>.</strong></span> 
     </span>
    </p>
   </div>
  </div>
