4046 6486
595 368 732 423 1039

1982 366 2039 419 S.
2088 361 2428 420 EPIPHANII

3673 375 3776 431 1060

597 493 732 547 tum,
764 491 813 538 et
842 482 1046 538 Filium
1085 482 1312 537 hominis
1340 491 1569 536 stantem
1597 496 1628 534 a
1662 479 1864 535 dextris
1891 478 1989 534 Dei
2014 480 2074 535 ‘?
2105 478 2187 534 Tu

2295 480 2385 533 καὶ
2428 479 2557 543 τοὺς
2593 481 2677 533 σοὶ
2730 480 3164 544 ὑπακούσαντας,
3209 482 3444 535 ἐκπεσὼν
3466 484 3551 553 τῆς
3579 486 3706 553 ἁγίας
3724 491 3785 542 πί-

595 591 745 642 vero,
791 576 945 631 rudis
996 577 1050 629 in
1080 576 1333 629 omnibus
1384 580 1547 641 atque
1592 572 1859 641 imperite,
1904 585 2005 627 nec
2048 571 2182 640 quid

2292 588 2462 634 στεως
2489 570 2586 641 τῆς
2613 570 2706 624 τοῦ
2734 570 2866 624 Θεοῦ
2897 570 3172 642 ἀληθείας.

598 686 767 727 sacra:
793 672 1011 726 Littera:
1035 672 1324 739 loquantur
1363 669 1689 739 intelligens,
1718 667 2037 738 tibimetipsi
2072 682 2136 723 ac
2166 666 2277 723 tuis
2314 667 2780 723 auscultatoribus
2812 666 2984 736 magis
3029 665 3210 721 fraudi
3262 668 3428 732 fuisti,
3461 669 3574 725 dum
3603 688 3627 725 a
3650 688 3786 729 sat-ur

599 772 789 818 sancta
818 764 1015 818 divina:
1041 763 1288 819 veritatis
1315 763 1418 818 ﬁde
1452 762 1669 832 longius
1689 761 1962 818 excidisti.

670 852 780 908 Vll.
815 855 1025 909 Etenim
1073 855 1253 924 reipsa
1298 853 1517 924 quidem
1566 854 1670 907 hoc
1721 853 1813 909 ille
1853 853 1989 908 dixit
2025 871 2038 908 :
2078 851 2191 922 Ego

600 963 713 1001 sum
742 948 965 1016 primus,
990 956 1039 1001 et
1077 964 1170 1018 ego
1199 948 1481 1014 posterior,
1518 954 1569 1001 et
1607 955 1803 1015 prmter
1842 962 1922 1001 me
1972 962 2073 999 non
2113 955 2192 1001 est

600 1040 738 1094 alius
768 1042 811 1093 ².
855 1038 1120 1094 Nimirum
1162 1040 1350 1111 plures
1396 1038 1470 1093 dii
1506 1054 1848 1109 nequaquam
1880 1039 2188 1105 exsistunt;

598 1130 691 1184 sed
724 1147 865 1185 unus
898 1118 1163 1185 duntaitat
1206 1132 1415 1201 primus
1449 1144 1514 1184 ac
1557 1130 1852 1201 posterior,
1884 1129 2066 1194 Pater,
2100 1129 2191 1184 Fi-

600 1222 704 1277 lius
733 1232 785 1277 et
818 1220 1053 1293 Spiritus
1092 1230 1339 1278 sanctus.
1374 1221 1493 1276 Non
1546 1230 1606 1276 ut
1648 1222 1901 1278 confusio
1940 1223 2189 1293 quaedam

600 1311 842 1369 Trinitas
888 1314 978 1368 illa
1019 1315 1110 1379 sit,
1162 1321 1255 1367 aut
1283 1310 1351 1376 ah
1380 1314 1591 1370 unitate
1636 1329 1735 1369 sua
1781 1314 2049 1381 discreta;
2093 1316 2190 1369 sed

601 1403 759 1459 Pater
804 1421 932 1461 vere
962 1404 1161 1460 Filium
1209 1407 1430 1477 genuit;
1476 1414 1529 1461 et
1576 1404 1748 1461 Filius
1783 1423 1907 1463 vere
1952 1423 1983 1461 a
2030 1406 2192 1462 Patre

602 1495 849 1565 genitus,
900 1497 955 1550 in
994 1511 1228 1567 persona
1281 1513 1380 1552 sua
1431 1497 1761 1561 subsistens,
1815 1499 1954 1553 initii
2009 1498 2190 1554 omnis

602 1602 798 1657 expers
831 1602 894 1643 ac
931 1590 1214 1659 temporis.
1246 1589 1377 1643 Item
1423 1588 1661 1659 Spiritus
1709 1594 1935 1646 sanctus
1971 1607 2002 1645 a
2029 1588 2191 1645 Patre

602 1687 657 1733 et
682 1678 840 1744 Filio,
869 1688 923 1736 et
952 1681 1138 1736 eadem
1166 1681 1447 1736 divinitate
1472 1682 1731 1751 praeditus
1760 1698 1788 1736 a
1819 1680 1978 1737 Patre
2004 1696 2190 1752 proce-

604 1771 685 1826 dit
708 1771 748 1836 ³,
777 1780 833 1826 et
863 1787 893 1826 a
922 1771 1054 1827 Filio
1084 1787 1300 1843 semper
1329 1773 1528 1841 accipit
1553 1771 1603 1836 ἰ;
1637 1788 1780 1826 unus
1809 1768 1950 1827 Deus
1981 1772 2190 1843 primus

604 1879 667 1918 ac
713 1866 1006 1936 posterior.
1053 1856 1221 1921 Porro
1270 1866 1496 1921 alterius
1535 1867 1821 1936 cujusdam
1864 1864 2066 1936 negotii
2101 1862 2196 1918 ad-

604 1955 948 2012 ministrandi
973 1957 1167 2027 gratia,
1203 1965 1367 2028 atque
1406 1973 1470 2013 ex
1506 1958 1791 2028 ipsiusmet
1825 1958 2030 2015 Christi
2070 1974 2194 2029 per-

605 2061 739 2101 sona
788 2047 854 2102 ad
900 2064 1023 2104 eum
1078 2050 1299 2105 modum
1338 2051 1575 2107 canitur.
1623 2052 1760 2106 Cum
1814 2060 1993 2107 autem
2034 2051 2196 2107 Jcsus

603 2137 856 2195 Christus
879 2139 1141 2196 Dominus
1165 2151 1352 2197 noster
1384 2156 1758 2213 smpenumero
1788 2145 2073 2213 prophetis
2107 2158 2199 2212 ap-

606 2230 867 2298 paruerit,
893 2238 946 2285 et
970 2232 1259 2288 adventum
1289 2249 1447 2289 suum
1479 2237 1834 2299 nuntiaverit,
1861 2251 1925 2291 ac
1947 2235 2196 2290 nonnulli

605 2320 827 2376 minime
866 2322 1018 2376 illum
1063 2325 1385 2394 receperint,
1430 2327 1523 2397 qui
1577 2327 1809 2382 alterum
1859 2327 1982 2381 loco
2023 2327 2198 2398 ipsius

603 2419 1009 2480 exspectarent.
1043 2412 1251 2469 ldcirco
1287 2418 1354 2470 ad
1397 2432 1493 2473 cos
1523 2418 1614 2487 qui
1645 2419 2064 2473 simulacrorum
2110 2434 2199 2474 su-

606 2501 1025 2569 perstitionihus
1064 2503 1327 2574 implicati
1363 2514 1546 2571 erant,
1592 2523 1656 2562 ac
1690 2509 1916 2563 deorum
1958 2510 2200 2565 multitu-

613 2592 798 2647 dinem
863 2593 918 2646 in
974 2594 1158 2649 orbem
1196 2603 1465 2652 terrarum
1500 2599 1839 2664 invexerant,
1870 2616 1939 2655 ne
1979 2601 2197 2655 attoniti

605 2688 660 2736 et
685 2684 1005 2740 aberrantes
1030 2684 1287 2741 Israelita
1318 2687 1783 2755 Amorrhzeorum,
1809 2690 2195 2759 Chettaeorum,

605 2775 1059 2840 Chananteorum,
1086 2776 1516 2843 Phcrcsasornm,
1552 2779 1857 2843 Evagorum,
1882 2781 2197 2851 Cergesmo-

606 2878 753 2928 rum,
792 2862 1189 2933 Jehusaaorum,
1223 2865 1575 2923 Arucaeorum
1597 2910 1612 2936 ,
1666 2869 2090 2924 Assannatorum
2123 2870 2201 2925 si-

607 2955 849 3009 mulacra
897 2957 1161 3024 colerent,
1210 2960 1669 3029 quemadmodum
1715 2961 2035 3031 praedictum
2088 2962 2197 3017 illis

606 3042 804 3099 iuerat.
836 3044 1049 3117 Quippe
1070 3057 1122 3102 et
1144 3047 1478 3121 Beelphegor
1504 3050 1827 3118 adorarunt,
1856 3061 1911 3107 et
1930 3050 2196 3121 ‘Chamos,

604 3144 659 3192 et
679 3137 978 3204 Astartem,
1004 3150 1058 3195 et
1087 3139 1393 3207 Mazuroth,
1427 3150 1481 3197 et
1514 3142 1731 3209 Neaste,
1761 3153 1814 3200 et
1851 3144 2194 3211 Beelzebath,

605 3237 911 3303 cazteraque
956 3233 1251 3288 simulacra
1300 3236 1564 3306 gentium.
1601 3234 1895 3306 Propterea
1933 3237 2195 3296 Dominus

604 3324 679 3378 ita
712 3326 925 3380 locutus
955 3334 1039 3381 est
1068 3344 1081 3380 :
1114 3325 1225 3397 Ego
1252 3344 1369 3381 sum
1409 3329 1500 3398 qui
1542 3344 1656 3381 sum
1689 3329 1742 3394 ';
1781 3327 1892 3400 Ego
1933 3346 2051 3384 sum
2080 3331 2196 3399 pri-

606 3431 722 3468 mus
753 3428 799 3470 et
826 3418 1151 3484 posterior“.
1191 3417 1312 3484 Quo
1360 3419 1483 3473 illos
1524 3418 1688 3489 519
1733 3420 1983 3477 conﬁctis
2016 3422 2196 3492 genti-

610 3506 739 3559 lium
774 3507 970 3563 fabulis
1014 3518 1314 3575 revocaret,
1356 3526 1478 3581 qua:
1519 3512 1745 3567 deorum
1792 3513 2195 3569 multitudinem

608 3608 670 3647 ιέ
678 3608 805 3646 nera
816 3602 909 3648 ntu
918 3611 963 3650 Γ.

677 3684 834 3750 Quod
887 3695 1068 3741 autem
1117 3687 1316 3760 Filium
1363 3690 1654 3746 Dominum
1704 3700 1959 3750 nostrum
2007 3695 2194 3752 Iesum

605 3775 886 3831 Christum
945 3779 1251 3834 venientem
1307 3783 1647 3853 repudiaturi
1699 3783 1901 3855 forent,
1958 3788 2074 3843 hare
2127 3788 2195 3844 ad

604 3867 823 3925 Iudaeos
848 3869 1010 3925 verba
1038 3870 1163 3926 fecit
1188 3889 1200 3925 :
1227 3871 1339 3944 Ego
1363 3891 1480 3928 sum
1512 3876 1713 3945 primus
1735 3887 1784 3931 et
1811 3880 2127 3934 novissimus
2150 3881 2193 3935 ⁷.

610 3959 823 4016 Primus
845 3961 1074 4025 scilicet,
1115 3963 1207 4033 qui
1235 3962 1344 4019 huc
1379 3980 1546 4021 carne
1587 3968 1847 4037 praeditus
1875 3968 2114 4034 advenit,
2142 3978 2197 4026 et

604 4052 904 4110 novissime
932 4065 1197 4112 venturus
1233 4056 1482 4128 judicare
1520 4061 1671 4116 vivos
1701 4071 1754 4116 et
1788 4071 2053 4119 mortuos.
2090 4062 2193 4129 Qui

603 4144 823 4215 quidem
852 4148 907 4201 in
941 4162 1106 4204 cruce
1139 4165 1337 4220 passus
1382 4164 1445 4206 ac
1491 4152 1759 4223 sepultus,
1790 4163 1952 4225 atque
1993 4154 2196 4209 excita-

606 4245 697 4291 tus
746 4251 776 4290 a
824 4240 1075 4305 mortuis,
1118 4256 1244 4295 cum
1282 4240 1473 4298 eodem
1512 4259 1742 4314 corpore
1784 4245 1840 4299 in
1879 4245 2076 4300 cmlum
2111 4252 2197 4299 est

603 4326 839 4396 gloriose
895 4330 1211 4397 subvectus,
1257 4343 1311 4387 et
1360 4332 1427 4387 ad
1472 4348 1587 4389 sure
1628 4335 1930 4391 divinitatis
1961 4335 2192 4406 gloriam

604 4427 915 4488 cooptatus,
954 4437 1017 4475 ac
1064 4437 1205 4477 novo
1254 4424 1545 4494 splendore
1591 4428 1966 4492 collustratus,
1993 4435 2050 4481 ut
2097 4444 2195 4483 ne-

2364 846 2438 898 Z'.
2482 845 2627 917 Ἕφη
2684 845 2792 915 γὰρ
2821 844 2898 906 ὡς
2951 844 3169 915 ἀληθῶς
3196 864 3209 876 ·
3406 852 3512 919 εἰμι
3540 854 3570 905 ό
3596 855 3787 924 πρῶτες,

2295 938 2394 992 καί
2442 936 2557 1007 ἐγώ
2617 940 2733 1006 εἰμι
2786 939 2820 992 d
2858 937 3011 1007 μετὰ
3038 939 3244 1005 ταῦτα,
3283 942 3378 995 καὶ
3405 944 3665 1014 πλήγμου
3709 953 3788 1005 οὐκ

2294 1031 2471 1085 ἔστιν
2492 1030 2711 1098 ἔτερος.
2757 1031 2846 1095 Ὠς
2880 1031 3098 1103 ἀληθῶς
3129 1031 3237 1104 γὰρ
3259 1034 3360 1088 οὐκ
3389 1036 3487 1089 εἰσί
3512 1038 3669 1094 πολλοὶ
3692 1042 3789 1107 θεοὶ,

2296 1122 2409 1174 ἀλλ’
2439 1116 2679 1205 εἷςΘεδς
2710 1125 2740 1177 ό
2798 1123 3038 1194 πρῶτος,
3088 1125 3182 1178 καὶ
3203 1125 3233 1177 ό
3269 1126 3402 1195 μετὰ
3434 1127 3605 1194 ταῦτα,
3632 1132 3788 1205 Πατὴρ,

2296 1211 2391 1264 καί
2430 1204 2578 1274 Υἱὸς,
2630 1212 2727 1266 καὶ
2776 1212 2930 1281 ἅγιον
2974 1213 3217 1285 Πνεῦμα,
3260 1217 3320 1268 οὐ
3349 1218 3614 1290 συναλοιφὴ
3638 1204 3791 1293 οὖσαίὴ

2295 1303 2485 1375 Τριὰς,
2517 1304 2638 1358 οὐδὲ
2663 1304 2975 1379 διῃρημένη
3008 1309 3108 1378 τῆς
3142 1307 3342 1379 ἑαυτῆς
3368 1312 3672 1384 ταυτότητος,
3696 1315 3793 1368 ἀλλὰ

2294 1396 2484 1468 Πατὴρ
2516 1396 2731 1468 ἀληθῶς
2754 1399 3023 1469 γεννήσας
3048 1397 3198 1464 Υῑδν,
3241 1400 3336 1453 καὶ
3362 1400 3480 1466 Tib;
3513 1403 3694 1473 ἀληθῶς
3708 1423 3796 1474 γενο

2295 1486 2480 1558 νηθείς
2514 1490 2579 1543 ὲκ
2610 1488 2823 1562 Πατρὺς
2850 1490 3215 1554 ὲνυπόστατος
3232 1492 3474 1564 ἀνάρχως
3487 1496 3570 1548 καὶ
3592 1497 3795 1567 ἀχρόνως*

2296 1578 2389 1631 καὶ
2442 1578 2668 1649 Πνεῦμα
2728 1579 2883 1648 ἅγιον
2937 1579 3154 1649 ἀληθῶς
3200 1582 3265 1634 ὲκ
3326 1583 3526 1654 Πατρὸς
3564 1586 3644 1638 καὶ
3685 1586 3798 1650 Υίοῦ,

2294 1669 2394 1740 τῆς
2431 1670 2604 1739 αὐτῆς
2633 1670 2906 1741 θεότητος,
2946 1674 3012 1725 ὲκ
3043 1673 3259 1744 Πατρὸς
3311 1674 3800 1747 ἐκπορευόμενον,καὶ

2297 1762 2392 1815 τοῦ
2425 1762 2555 1815 Υἰοῦ
2614 1763 2892 1833 λαμϐάνον
2950 1766 3058 1831 ἀεὶ,
3113 1760 3193 1831 εἷς
3219 1767 3348 1830 Θεὸς
3388 1771 3415 1822 ὁ
3449 1769 3654 1841 πρῶτος,
3680 1772 3752 1825 καί
3781 1774 3801 1822 ὁ

2302 1854 2440 1925 μετὰ
2465 1854 2655 1911 ταῦτα,
2691 1855 2891 1919 Ἀλλης
2928 1857 2987 1910 δὲ
3028 1856 3189 1911 πάλιν
3234 1858 3398 1913 ἕνεκα
3424 1862 3711 1932 οἰκονομίας,
3735 1866 3803 1916 καί

2299 1946 2407 1998 ἀπὸ
2432 1945 2729 2016 προσώπου
2755 1947 2811 1999 δὲ
2839 1948 3007 2001 αὑτοῦ
3052 1949 3145 2002 τοῦ
3191 1950 3428 2021 Χριστοῦ
3465 1953 3629 2024 ᾄδεται
3660 1954 3799 2017 οὕτως.

2297 2035 2466 2091 Πάλιν
2515 2039 2705 2110 ἐπειδὴ
2739 2039 2999 2103 πολλάκις
3041 2042 3071 2094 ὁ
3106 2040 3307 2113 Κύριος
3331 2044 3485 2115 ἡμῶν
3516 2046 3687 2116 Ἰησοῦς
3711 2048 3804 2116 Χρε-

2299 2129 2423 2193 στὸς
2468 2131 2679 2202 πέφηνε
2740 2135 2855 2196 τοῖς
2902 2135 3231 2205 προφήταις,
3272 2137 3366 2189 καὶ
3423 2139 3706 2209 κατήγγειλε
3736 2139 3803 2209 τὴν

2300 2223 2493 2277 ἑαυτοῦ
2532 2226 2832 2298 παρουσίαν
2873 2225 3117 2291 ἔσεσθαι,
3154 2229 3298 2293 τινὲς
3343 2229 3403 2282 δὲ
3441 2231 3589 2284 αὐτὸν
3617 2232 3698 2284 οὐκ
3721 2231 3803 2283 ἐδέ-

2299 2314 2479 2381 ξαντο,
2506 2316 2918 2387 προσδοκῶντες
2966 2317 3152 2389 ἕτερον
3188 2319 3305 2371 ἀντ’
3339 2320 3521 2375 αὑτοῦ.
3575 2322 3669 2374 Καὶ
3710 2321 3805 2392 πρὸς

2303 2401 2403 2472 μὲν
2431 2403 2558 2466 τοὺς
2606 2403 3008 2474 δεισιδαίμονας
3037 2405 3150 2460 τῶν
3185 2407 3445 2471 εἰδώλων,
3476 2410 3562 2464 καὶ
3586 2410 3808 2464 πολυθεῖαν

2298 2494 2376 2565 τῷ
2405 2497 2596 2567 κόσμῳ
2633 2498 3046 2569 εἰσαγηοχότας,
3082 2499 3170 2554 ἵνα
3204 2499 3279 2572 μὴ
3310 2501 3653 2570 ἐκπλαγέντες
3676 2505 3715 2555 οἱ
3734 2504 3809 2555 υἱοὶ

2312 2586 2550 2660 Ἰσραὴλ,
2576 2588 2671 2642 καὶ
2685 2591 3071 2662 ἐκτραπέντες,
3098 2592 3167 2645 τὰ
3187 2591 3382 2646 εἴδωλα
3404 2594 3506 2648 τῶν
3520 2594 3809 2666 Ἀμορραίων,

2301 2681 2394 2734 καὶ
2428 2682 2730 2745 Χετταίων,
2766 2684 2862 2736 καὶ
2908 2684 3251 2748 Χαναναίων,
3298 2687 3398 2740 καὶ
3428 2687 3713 2759 Φερεζαίων,
3746 2688 3810 2739 καί

2300 2773 2536 2838 Εὐαίων,
2558 2773 2656 2827 καὶ
2678 2773 3044 2845 Γεργεσαίων,
3075 2777 3167 2829 καὶ
3195 2776 3550 2843 Ἰεϐουσαίων,
3571 2780 3653 2832 καί
3679 2780 3810 2847 Ἀρου-

2302 2863 2492 2929 καίων,
2517 2865 2611 2918 καὶ
2659 2867 3029 2920 Ἀσσανναίων
3053 2870 3528 2942 προσκυνήσωσιν,
3560 2870 3627 2933 ὡς
3648 2871 3722 2924 καί
3745 2868 3812 2920 αὖ·

2300 2957 2412 3019 τοῖς
2428 2957 2854 3027 προεφητεύετο.
2880 2959 3195 3031 Προσεκύνη
3204 2978 3302 3014 σαν
3324 2961 3438 3035 γὰρ
3452 2962 3528 3033 τῷ
3546 2961 3812 3031 Βεελσεγὼρ.

2301 3046 2490 3118 καὶτῷ
2514 3048 2742 3119 Χαμῶς,
2772 3050 2865 3103 καὶ
2881 3052 2946 3121 τῇ
2984 3051 3276 3125 Ἀστάρτῃ,
3303 3053 3400 3106 καὶ
3423 3058 3530 3117 τοῖς
3557 3050 3811 3123 Μαζωρὼθ,

2300 3139 2395 3191 καὶ
2436 3142 2549 3203 τοῖς
2591 3140 2843 3205 Νεασθῶ,
2895 3143 2989 3195 καὶ
3027 3141 3105 3213 τῷ
3139 3141 3466 3212 Βεελζεῶθ,
3503 3146 3588 3199 καὶ
3615 3147 3708 3207 soi;
3739 3143 3817 3194 λα-

2301 3233 2421 3293 ποίς
2453 3231 2691 3295 εἰδώλοις
2714 3232 2825 3287 τῶν
2852 3233 3048 3287 ἐθνῶν.
3087 3233 3179 3287 Διὸ
3208 3235 3301 3288 καί¹
3325 3235 3512 3305 ἔλεγεν
3536 3236 3675 3299 αὐτὸς
3696 3234 3719 3286 ὁ
3737 3234 3817 3286 Κλ-

2301 3341 2416 3395 ριος
2438 3337 2455 3354 ·
2485 3324 2632 3395 Ἐγώ
2659 3329 2773 3395 ειμι
2797 3330 2829 3380 d
2858 3326 2975 3381 ὧν·
3020 3325 3167 3397 Ἐγὼ
3206 3331 3238 3382 ό
3264 3330 3518 3397 πρῶτος,
3552 3329 3637 3385 καί
3661 3332 3689 3383 ό
3711 3328 3820 3396 μετὰ

2297 3415 2486 3469 ταῦτα
2510 3434 2522 3445 ·
2548 3417 2635 3470 ἵνα
2687 3418 2886 3481 αὐτοὺς
2936 3420 3257 3493 ἀποστρέψῃ
3298 3421 3405 3492 τῆς
3436 3422 3540 3475 τῶν
3576 3418 3817 3490 ἐθνομύθων

2299 3506 2527 3577 πλάνης,
2566 3508 2676 3563 τῶν
2707 3509 3157 3581 προσκυνούντων
3186 3513 3286 3583 τὴν
3315 3512 3614 3567 πολυθεῖαν.

2227 1826 2269 1880 Β

2225 3181 2267 3237 C

2368 3681 2478 3734 Καὶ
2511 3683 2696 3755 ἐπειδὴ
2725 3683 2950 3756 ἔμελλον
2984 3688 3086 3760 τὴν
3112 3692 3424 3762 παρουσίαν
3453 3690 3609 3746 αύτοῦ
3628 3689 3708 3745 τοῦ
3728 3686 3821 3742 Titi

2297 3770 2635 3827 ἀπωθεῖσθαι
2682 3775 2778 3828 τοῦ
2815 3774 3015 3848 Κυρίου
3065 3780 3222 3851 ἡμῶν
3264 3780 3444 3853 ’1ησοῦ
3489 3780 3715 3854 Χριστοῦ,
3746 3777 3819 3847 itm

2299 3865 2435 3937 πρὸς
2456 3867 2585 3930 τοὺς
2633 3864 2921 3933 Ἰουδαίους
2946 3886 2960 3900 ⁸
3032 3873 3181 3943 Ἐγώ
3203 3878 3325 3946 εἰμι
3376 3881 3413 3931 o'
3456 3875 3683 3947 πρῶτος,
3707 3873 3822 3928 καὶὸ

2290 3959 2443 4027 μετὰ
2468 3960 2675 4015 ταῦτα.
2714 3962 2773 4015 '0
2805 3963 3020 4035 πρῶτος
3059 3968 3117 4020 ὲν
3152 3968 3316 4040 σαρκί
3346 3969 3694 4040 ἐπιδημήσας,
3717 3962 3822 4018 καὶὸ

2302 4052 2440 4120 μετὰ
2466 4051 2642 4106 ταῦτα
2669 4053 2998 4125 ἐρχόμενος
3022 4057 3216 4126 κρῖναι
3248 4056 3472 4128 ζῶντας
3493 4060 3587 4115 καὶ
3609 4056 3821 4127 νεκρούς*

2297 4141 2390 4194 ἐπὶ
2408 4142 2487 4211 τῷ
2522 4145 2742 4216 σταυρῷ
2780 4146 3085 4213 πεπονθὼς,
3117 4150 3211 4203 καὶ
3257 4151 3477 4220 ταφεὶς,
3509 4150 3598 4204 καὶ
3619 4145 3820 4205 ἀναστὰς.

2297 4234 2355 4285 ὲν
2386 4233 2511 4306 δόξῃ
2544 4235 2643 4305 μὲν
2697 4238 2754 4291 ὲν
2808 4239 2959 4310 αὐτῷ
3000 4241 3078 4313 τῷ
3147 4242 3359 4314 σώματι
3400 4241 3726 4315 ἀναληφθεὶς,
3770 4240 3826 4300 εἰς

2296 4322 2455 4389 δόξαν
2505 4326 2562 4380 δὲ
2600 4327 2702 4399 τῆς
2757 4330 2924 4384 αὑτοῦ
2972 4332 3224 4404 θεότητος
3256 4334 3565 4402 ένωθέντος,
3613 4334 3695 4389 καὶ
3734 4348 3823 4400 eat-

2298 4412 2641 4485 δρυνθέντος,
2687 4419 2781 4472 καὶ
2811 4421 3011 4491 μηκέτι
3048 4424 3154 4476 ὑπὸ
3182 4425 3327 4497 ἁφὴν
3355 4427 3723 4499 ἐμπίπτοντος,
3742 4419 3828 4475 νυνῖ

603 4521 1124 4583 quecontrectotur
1172 4518 1429 4587 amplius,
1484 4534 1669 4589 neque.
1730 4529 1961 4574 mortem
2014 4520 2188 4589 possit

2301 4506 2500 4576 μηκέτι
2523 4507 2755 4563 θανάτου
2788 4514 3128 4591 μετέχοντος.
3181 4518 3430 4588 Ἀνέστη
3466 4521 3595 4591 γὰρ,
3618 4518 3686 4581 ὥς
3707 4528 3827 4584 φησιν

602 4601 897 4657 sustinere.
935 4603 1181 4659 Surrexit
1227 4609 1389 4676 enim,
1424 4610 1500 4662 ait
1532 4608 1818 4679 Scriptura
1835 4612 1876 4673 ',
1914 4609 2194 4677 Christus;

605 4708 748 4747 mors
780 4694 862 4747 illi
902 4694 1045 4748 ultra
1091 4713 1193 4750 non
1234 4697 1616 4764 dominabitur,
1665 4701 1844 4773 inquit
1880 4702 2193 4772 Apostolus.

606 4783 682 4839 Ac
710 4785 835 4840 vide
862 4803 1026 4857 quam
1057 4797 1252 4844 exacta
1283 4789 1581 4863 Scriptura:
1614 4796 1756 4849 ratio
1785 4804 2017 4864 constet,
2049 4806 2197 4853 tuto-

602 4892 711 4950 que
742 4878 973 4934 deducat
1004 4879 1302 4949 hominem,
1331 4897 1398 4937 ne
1446 4884 1499 4937 in
1549 4886 1869 4940 alterutram
1910 4902 1940 4940 a
1970 4890 2197 4945 veritate

605 4974 816 5038 partem
854 4970 1091 5032 excidat,
1126 4979 1186 5024 ut
1209 4988 1334 5026 eum
1365 4973 1509 5028 illius
1539 4991 1692 5031 mens
1721 4976 1906 5044 plures
1931 4977 2032 5033 sibi
2065 4977 2197 5035 deos

604 5059 857 5131 efﬁngere
908 5063 1162 5128 voluerit,
1220 5065 1406 5119 statim
1466 5066 1597 5119 illud
1663 5068 1899 5122 audiat:
1943 5068 2198 5123 Dominus

603 5147 746 5204 Deus
788 5160 908 5206 tuus
956 5170 1092 5208 unus
1145 5156 1301 5210 est’.
1337 5156 1472 5217 Cum
1524 5168 1705 5213 autem
1756 5161 1986 5214 alterum
2041 5161 2200 5215 Chri-

603 5249 768 5309 stum,
804 5253 1000 5313 praeter
1029 5262 1153 5301 eum
1186 5248 1279 5317 qui
1312 5248 1424 5318 jam
1463 5251 1703 5315 advenit,
1739 5253 1944 5321 posteri
1979 5253 2197 5308 lsraelis

601 5336 1070 5401 exspectaverint,
1131 5337 1355 5392 audiant
1405 5341 1690 5396 vicissim:
1728 5341 1837 5412 Ego
1885 5344 2108 5412 primus,
2142 5355 2191 5397 et

603 5436 694 5489 ego
724 5426 1073 5492 novissimus;
1101 5438 1151 5484 et
1184 5433 1329 5502 :Ego
1361 5449 1477 5485 sum
1505 5438 1550 5487 A
1577 5443 1626 5487 et
1647 5436 1694 5486 Ω
1727 5434 1790 5488 ιο.
1822 5437 1887 5499 Α,
1918 5435 2190 5499 videlicet,

606 5514 750 5579 quod
788 5516 1043 5576 deorsum
1071 5525 1316 5593 respicit,
1346 5533 1399 5580 et
1432 5526 1473 5578 Ω
1505 5569 1518 5591 ,
1545 5529 1690 5598 quod
1742 5545 1964 5584 sursum
1998 5530 2195 5585 obver-

684 5682 861 5770 ‘AAAct.
897 5705 995 5770 vi},
1026 5695 1156 5770 55;
1194 5699 1214 5729 ²
1239 5696 1343 5754 lsa.
1371 5717 1517 5768 κων,
1549 5704 1599 5756 6.
1678 5705 1699 5736 ³
1726 5704 1883 5761 Joan.
1910 5723 2001 5770 xv,
2031 5706 2118 5759 9.8.

617 5743 638 5773 ⁷
658 5746 763 5806 lsa.
794 5772 904 5823 XLI,
930 5743 994 5816 6.,
1029 5743 1450 5836 'i'nouifii,

2294 4599 2326 4668 ἢ
2364 4598 2574 4671 Γραφὴν
2628 4604 2661 4655 δ
2711 4604 2994 4673 Χριστός·
3043 4609 3308 4677 Θάνατος
3336 4613 3525 4666 αὐτοῦ
3552 4608 3732 4666 οὐκέτι
3761 4621 3830 4658 aur

2287 4691 2540 4757 ριεύσει,
2591 4696 2755 4763 φησὶν
2787 4699 2815 4750 ὁ
2852 4698 3192 4763 ’Δπόστολος.
3235 4700 3347 4754 Καὶ
3378 4702 3482 4773 ὅρα
3513 4700 3679 4767 πῶςή
3710 4694 3829 4767 ἀκρί-

2306 4792 2429 4846 ϐεια
2474 4793 2757 4865 κυριεύει,
2814 4792 2905 4845 καὶ
2957 4791 3139 4863 ὁδηγεῖ
3173 4793 3264 4846 τὸν
3310 4794 3616 4867 ἄνθροιητον,
3673 4791 3749 4845 ἵνα
3779 4786 3832 4857 μὴ

2303 4885 2513 4956 ἐκπέσῃ
2540 4885 2682 4938 κατὰ
2708 4883 2951 4955 θατέρων
2978 4884 3088 4937 τῶν
3119 4884 3219 4956 τῆς
3240 4886 3497 4957 ἀληθείας
3536 4883 3731 4957 μερῶν·
3754 4881 3831 4935 ἶνα,

2305 4977 2436 5030 ὅταν
2483 4975 2581 5045 μὲν
2614 4974 2898 5047 βουληθείη
2930 4977 2960 5029 ό
2986 4976 3111 5040 νοῦς
3142 4977 3432 5031 πολυθεταν
3467 4971 3834 5055 ἐξεργάσασθαι.

2297 5066 2529 5140 ἀκούσῃ,
2586 5068 2669 5120 ὅτι
2714 5067 2929 5135 Κύριος
2953 5070 2985 5121 ό
3009 5070 3156 5135 Θεός
3178 5086 3295 5123 σου
3326 5066 3412 5136 εἷς
3441 5071 3642 5124 ἐστιν·
3670 5068 3778 5118 ὅταν
3796 5060 3837 5112 δὲ

2296 5159 2531 5230 Χριστὸν
2564 5159 2752 5230 ἓτερον
2776 5158 2927 5231 παρὰ
2960 5160 3052 5213 τὸν
3080 5160 3304 5216 ἐλθόντα
3334 5163 3439 5215 uio).
3474 5158 3684 5231 Ἰσραὴλ
3710 5165 3839 5224 προσ·

2295 5253 2619 5324 δοκήσωσιν,
2670 5251 2978 5307 ἀκούσωσιν
2995 5270 3008 5283 ο
3052 5253 3241 5323 Ἑγὼό
3265 5252 3520 5324 πρῶτος,
3562 5253 3658 5306 καὶ
3684 5244 3837 5317 ὀμετά

2298 5344 2523 5397 ταῦτα·
2573 5344 2692 5408 καὶ,
2745 5343 2890 5413 Ἐγώ
2942 5347 3055 5413 εἰμι
3081 5345 3146 5397 τὸ
3176 5348 3223 5400 Α
3264 5345 3360 5398 καί
3400 5344 3579 5398 τόΩ·
3623 5340 3677 5395 τὸ
3725 5338 3763 5390 Α
3792 5330 3835 5384 τδ

2303 5439 2452 5490 κάτω
2514 5435 2732 5506 βλέπον,
2773 5437 2863 5490 καὶ
2898 5438 2957 5489 τὸ
2994 5437 3035 5488 Ω
3098 5436 3158 5490 τὸ
3202 5436 3316 5490 ἄνω
3374 5436 3602 5506 βλέπον·
3632 5434 3710 5486 ἵνα
3736 5428 3838 5492 τλη-

2307 5530 2452 5601 ρωθῇ
2493 5531 2552 5583 τὸ
2582 5530 2905 5602 εἰρημένον·
2944 5529 3007 5581 Ὀ
3058 5530 3338 5597 καταϐὰς,
3390 5531 3577 5595 αὐτός
3629 5527 3777 5579 ἐστιν
3813 5516 3837 5567 ό

2228 5707 2247 5738 ⁸
2272 5706 2429 5760 Joan.
2465 5724 2571 5772 xvt,
2610 5707 2692 5773 14,
2733 5708 2818 5762 l5.
2928 5706 2949 5737 ⁸
2978 5706 3153 5762 Exod.
3185 5722 3267 5773 tu,
3301 5709 3378 5762 Η.
3461 5708 3480 5734 "
3517 5706 3613 5759 lsa.
3652 5692 3835 5764 xttv,6~

1559 5775 1580 5805 ’
1609 5774 1765 5831 Deut.
1794 5794 1866 5844 vt,
1899 5779 1950 5831 4.
2034 5779 2076 5808 ²⁰
2109 5777 2276 5847 Apoc.
2309 5794 2346 5843 ι,
2373 5782 2423 5831 8.
