  <div class='ocr_page' id='page_1' title='image "/cluster/home/n/w/nwhite01/storage/ocr_20150623/41:no.1/coo.31924054869387/538.png"; bbox 0 0 4046 6424; ppageno 0'>
   <div class='ocr_carea' id='block_1_1' title="bbox 290 391 429 446">
    <p class='ocr_par' dir='ltr' id='par_1_1' title="bbox 290 391 429 446">
     <span class='ocr_line' id='line_1_1' title="bbox 290 391 429 446; baseline 0.014 -2"><span class='ocrx_word' id='word_1_1' title='bbox 290 391 429 446; x_wconf 80' lang='grc' dir='ltr'><strong><em>1ου1</em></strong></span> 
     </span>
    </p>
   </div>
   <div class='ocr_carea' id='block_1_2' title="bbox 994 385 2934 451">
    <p class='ocr_par' dir='ltr' id='par_1_2' title="bbox 994 385 2934 451">
     <span class='ocr_line' id='line_1_2' title="bbox 994 385 2934 451; baseline -0.005 -2"><span class='ocrx_word' id='word_1_2' title='bbox 994 393 1365 451; x_wconf 75' lang='lat' dir='ltr'><strong><em>ADVERSUS</em></strong></span> <span class='ocrx_word' id='word_1_3' title='bbox 1402 388 1752 447; x_wconf 66' lang='lat' dir='ltr'><strong><em>IIIERESES</em></strong></span> <span class='ocrx_word' id='word_1_4' title='bbox 1786 389 1918 446; x_wconf 84' lang='lat' dir='ltr'><strong><em>LIB.</em></strong></span> <span class='ocrx_word' id='word_1_5' title='bbox 1961 387 2006 443; x_wconf 93' lang='lat' dir='ltr'><strong><em>Il</em></strong></span> <span class='ocrx_word' id='word_1_6' title='bbox 2045 385 2210 444; x_wconf 80' lang='lat' dir='ltr'><strong><em>TOM.</em></strong></span> <span class='ocrx_word' id='word_1_7' title='bbox 2255 385 2296 443; x_wconf 92' lang='lat' dir='ltr'><strong><em>I.</em></strong></span> <span class='ocrx_word' id='word_1_8' title='bbox 2336 419 2401 428; x_wconf 98' lang='lat'>—</span> <span class='ocrx_word' id='word_1_9' title='bbox 2432 385 2706 442; x_wconf 65' lang='lat' dir='ltr'><strong><em>HERES.</em></strong></span> <span class='ocrx_word' id='word_1_10' title='bbox 2749 385 2934 443; x_wconf 73' lang='lat' dir='ltr'>LXIII.</span> 
     </span>
    </p>
   </div>
   <div class='ocr_carea' id='block_1_3' title="bbox 3439 387 3578 446">
    <p class='ocr_par' dir='ltr' id='par_1_3' title="bbox 3439 387 3578 446">
     <span class='ocr_line' id='line_1_3' title="bbox 3439 387 3578 446; baseline -0.036 0"><span class='ocrx_word' id='word_1_11' title='bbox 3439 387 3578 446; x_wconf 69' lang='grc'><strong><em>1062</em></strong></span> 
     </span>
    </p>
   </div>
   <div class='ocr_carea' id='block_1_4' title="bbox 284 499 1876 584">
    <p class='ocr_par' dir='ltr' id='par_1_4' title="bbox 284 503 1876 576">
     <span class='ocr_line' id='line_1_4' title="bbox 284 503 1876 576; baseline -0.006 -8"><span class='ocrx_word' id='word_1_12' title='bbox 284 505 519 574; x_wconf 77' lang='grc' dir='ltr'><strong><em>ἀναϐὰς</em></strong></span> <span class='ocrx_word' id='word_1_13' title='bbox 541 505 820 576; x_wconf 79' lang='grc' dir='ltr'><strong><em>ὑπεράνω</em></strong></span> <span class='ocrx_word' id='word_1_14' title='bbox 853 505 1059 575; x_wconf 80' lang='grc' dir='ltr'><em>πάσης</em></span> <span class='ocrx_word' id='word_1_15' title='bbox 1077 507 1292 576; x_wconf 81' lang='grc' dir='ltr'>ἀρχῆς,</span> <span class='ocrx_word' id='word_1_16' title='bbox 1315 503 1411 561; x_wconf 79' lang='grc' dir='ltr'><strong><em>καὶ</em></strong></span> <span class='ocrx_word' id='word_1_17' title='bbox 1427 507 1719 572; x_wconf 72' lang='grc' dir='ltr'>ἐξουσίας</span> <span class='ocrx_word' id='word_1_18' title='bbox 1739 547 1752 570; x_wconf 93' lang='grc'><strong><em>,</em></strong></span> <span class='ocrx_word' id='word_1_19' title='bbox 1777 505 1876 560; x_wconf 74' lang='grc' dir='ltr'>καί</span> 
     </span>
    </p>
   </div>
   <div class='ocr_carea' id='block_1_5' title="bbox 1981 499 3573 584">
    <p class='ocr_par' dir='ltr' id='par_1_5' title="bbox 1983 499 3573 584">
     <span class='ocr_line' id='line_1_5' title="bbox 1983 499 3573 584; baseline 0.001 -26"><span class='ocrx_word' id='word_1_20' title='bbox 1983 507 2130 558; x_wconf 88' lang='lat' dir='ltr'><strong><em>titur.</em></strong></span> <span class='ocrx_word' id='word_1_21' title='bbox 2163 501 2234 556; x_wconf 92' lang='lat' dir='ltr'><strong><em>Ut</em></strong></span> <span class='ocrx_word' id='word_1_22' title='bbox 2270 509 2326 558; x_wconf 84' lang='lat' dir='ltr'><strong><em>et</em></strong></span> <span class='ocrx_word' id='word_1_23' title='bbox 2355 501 2490 556; x_wconf 91' lang='lat' dir='ltr'><strong><em>illud</em></strong></span> <span class='ocrx_word' id='word_1_24' title='bbox 2533 502 2826 584; x_wconf 78' lang='lat' dir='ltr'><strong><em>impleatur</em></strong></span> <span class='ocrx_word' id='word_1_25' title='bbox 2853 520 2866 556; x_wconf 92' lang='lat'>:</span> <span class='ocrx_word' id='word_1_26' title='bbox 2901 499 3006 568; x_wconf 85' lang='lat' dir='ltr'><strong><em>Qui</em></strong></span> <span class='ocrx_word' id='word_1_27' title='bbox 3036 499 3324 566; x_wconf 77' lang='lat' dir='ltr'><strong><em>descendit,</em></strong></span> <span class='ocrx_word' id='word_1_28' title='bbox 3356 503 3470 572; x_wconf 87' lang='lat' dir='ltr'><strong><em>ipse</em></strong></span> <span class='ocrx_word' id='word_1_29' title='bbox 3493 513 3573 559; x_wconf 84' lang='lat' dir='ltr'><strong><em>est</em></strong></span> 
     </span>
    </p>
   </div>
   <div class='ocr_carea' id='block_1_6' title="bbox 283 597 1872 672">
    <p class='ocr_par' dir='ltr' id='par_1_6' title="bbox 283 597 1872 672">
     <span class='ocr_line' id='line_1_6' title="bbox 283 597 1872 672; baseline -0.004 -15"><span class='ocrx_word' id='word_1_30' title='bbox 283 602 665 672; x_wconf 80' lang='grc' dir='ltr'><strong><em>κυριότητος,</em></strong></span> <span class='ocrx_word' id='word_1_31' title='bbox 697 598 795 653; x_wconf 77' lang='grc' dir='ltr'><strong><em>καὶ</em></strong></span> <span class='ocrx_word' id='word_1_32' title='bbox 833 599 1064 666; x_wconf 80' lang='grc' dir='ltr'>παντὸς</span> <span class='ocrx_word' id='word_1_33' title='bbox 1092 601 1386 670; x_wconf 77' lang='grc' dir='ltr'>ὀνόματος</span> <span class='ocrx_word' id='word_1_34' title='bbox 1411 597 1872 668; x_wconf 73' lang='grc' dir='ltr'><strong><em>ὀνομαζομένου.</em></strong></span> 
     </span>
    </p>
   </div>
   <div class='ocr_carea' id='block_1_7' title="bbox 284 689 1880 762">
    <p class='ocr_par' dir='ltr' id='par_1_7' title="bbox 284 689 1880 762">
     <span class='ocr_line' id='line_1_7' title="bbox 284 689 1880 762; baseline -0.003 -15"><span class='ocrx_word' id='word_1_35' title='bbox 284 694 404 747; x_wconf 85' lang='lat' dir='ltr'><strong><em>Kal</em></strong></span> <span class='ocrx_word' id='word_1_36' title='bbox 443 693 530 745; x_wconf 78' lang='grc' dir='ltr'>ἵνα</span> <span class='ocrx_word' id='word_1_37' title='bbox 579 691 708 744; x_wconf 83' lang='grc' dir='ltr'>ὅταν</span> <span class='ocrx_word' id='word_1_38' title='bbox 749 691 980 762; x_wconf 84' lang='grc' dir='ltr'><strong><em>νομίσῃς</em></strong></span> <span class='ocrx_word' id='word_1_39' title='bbox 1011 691 1098 744; x_wconf 84' lang='grc' dir='ltr'><strong><em>διὰ</em></strong></span> <span class='ocrx_word' id='word_1_40' title='bbox 1145 691 1208 744; x_wconf 79' lang='grc' dir='ltr'>τὸ</span> <span class='ocrx_word' id='word_1_41' title='bbox 1239 691 1541 762; x_wconf 83' lang='grc' dir='ltr'><strong><em>εἰρηκέναι,</em></strong></span> <span class='ocrx_word' id='word_1_42' title='bbox 1583 689 1732 760; x_wconf 78' lang='grc' dir='ltr'><strong><em>Ἐγώ</em></strong></span> <span class='ocrx_word' id='word_1_43' title='bbox 1762 693 1880 759; x_wconf 81' lang='grc' dir='ltr'><strong><em>ειμι</em></strong></span> 
     </span>
    </p>
   </div>
   <div class='ocr_carea' id='block_1_8' title="bbox 283 778 1878 850">
    <p class='ocr_par' dir='ltr' id='par_1_8' title="bbox 283 778 1878 850">
     <span class='ocr_line' id='line_1_8' title="bbox 283 778 1878 850; baseline -0.004 -13"><span class='ocrx_word' id='word_1_44' title='bbox 283 787 321 837; x_wconf 81' lang='grc' dir='ltr'><em>ὀ</em></span> <span class='ocrx_word' id='word_1_45' title='bbox 382 781 636 850; x_wconf 72' lang='grc' dir='ltr'>πρῶτος,</span> <span class='ocrx_word' id='word_1_46' title='bbox 694 780 794 836; x_wconf 78' lang='grc' dir='ltr'>καί</span> <span class='ocrx_word' id='word_1_47' title='bbox 840 784 872 834; x_wconf 92' lang='lat' dir='ltr'><strong><em>o&#39;</em></strong></span> <span class='ocrx_word' id='word_1_48' title='bbox 911 781 1056 850; x_wconf 83' lang='grc' dir='ltr'>μετὰ</span> <span class='ocrx_word' id='word_1_49' title='bbox 1091 782 1312 836; x_wconf 81' lang='grc' dir='ltr'>ταῦτα’</span> <span class='ocrx_word' id='word_1_50' title='bbox 1345 781 1460 846; x_wconf 72' lang='grc' dir='ltr'>καὶ,</span> <span class='ocrx_word' id='word_1_51' title='bbox 1494 779 1641 849; x_wconf 80' lang='grc' dir='ltr'><strong><em>Ἐγώ</em></strong></span> <span class='ocrx_word' id='word_1_52' title='bbox 1664 783 1782 849; x_wconf 75' lang='grc' dir='ltr'>εἰμι</span> <span class='ocrx_word' id='word_1_53' title='bbox 1811 778 1878 831; x_wconf 84' lang='grc' dir='ltr'>τὸ</span> 
     </span>
    </p>
   </div>
   <div class='ocr_carea' id='block_1_9' title="bbox 282 870 1878 942">
    <p class='ocr_par' dir='ltr' id='par_1_9' title="bbox 282 870 1878 942">
     <span class='ocr_line' id='line_1_9' title="bbox 282 870 1878 942; baseline -0.004 -14"><span class='ocrx_word' id='word_1_54' title='bbox 282 880 366 928; x_wconf 79' lang='grc' dir='ltr'><strong><em>Α·</em></strong></span> <span class='ocrx_word' id='word_1_55' title='bbox 402 874 519 934; x_wconf 75' lang='grc' dir='ltr'>καὶ,</span> <span class='ocrx_word' id='word_1_56' title='bbox 583 870 728 942; x_wconf 67' lang='grc' dir='ltr'><strong><em>Ἐγώ</em></strong></span> <span class='ocrx_word' id='word_1_57' title='bbox 751 874 868 942; x_wconf 80' lang='grc' dir='ltr'>εἰμι</span> <span class='ocrx_word' id='word_1_58' title='bbox 891 873 960 926; x_wconf 82' lang='grc' dir='ltr'>τὸ</span> <span class='ocrx_word' id='word_1_59' title='bbox 989 875 1064 928; x_wconf 81' lang='grc' dir='ltr'><strong><em>Ω’</em></strong></span> <span class='ocrx_word' id='word_1_60' title='bbox 1103 875 1218 939; x_wconf 76' lang='grc' dir='ltr'>καὶ,</span> <span class='ocrx_word' id='word_1_61' title='bbox 1248 873 1464 941; x_wconf 79' lang='grc' dir='ltr'>Κύριος</span> <span class='ocrx_word' id='word_1_62' title='bbox 1503 874 1534 924; x_wconf 85' lang='grc' dir='ltr'><em>ό</em></span> <span class='ocrx_word' id='word_1_63' title='bbox 1569 870 1714 935; x_wconf 82' lang='grc' dir='ltr'>Θεός</span> <span class='ocrx_word' id='word_1_64' title='bbox 1761 883 1878 922; x_wconf 85' lang='grc' dir='ltr'><strong><em>σου</em></strong></span> 
     </span>
    </p>
   </div>
   <div class='ocr_carea' id='block_1_10' title="bbox 281 961 1880 1035">
    <p class='ocr_par' dir='ltr' id='par_1_10' title="bbox 281 961 1880 1035">
     <span class='ocr_line' id='line_1_10' title="bbox 281 961 1880 1035; baseline -0.003 -17"><span class='ocrx_word' id='word_1_65' title='bbox 281 961 378 1032; x_wconf 83' lang='grc' dir='ltr'>εἷς</span> <span class='ocrx_word' id='word_1_66' title='bbox 405 965 538 1019; x_wconf 86' lang='grc' dir='ltr'>ἐστι</span> <span class='ocrx_word' id='word_1_67' title='bbox 563 981 577 993; x_wconf 86' lang='grc'>·</span> <span class='ocrx_word' id='word_1_68' title='bbox 605 966 701 1018; x_wconf 78' lang='grc' dir='ltr'>καὶ</span> <span class='ocrx_word' id='word_1_69' title='bbox 717 965 798 1018; x_wconf 86' lang='grc' dir='ltr'>ὄτι</span> <span class='ocrx_word' id='word_1_70' title='bbox 853 963 1003 1035; x_wconf 71' lang='grc' dir='ltr'><strong><em>Ἐγώ</em></strong></span> <span class='ocrx_word' id='word_1_71' title='bbox 1024 969 1138 1034; x_wconf 84' lang='grc' dir='ltr'>είμι</span> <span class='ocrx_word' id='word_1_72' title='bbox 1166 963 1322 1026; x_wconf 80' lang='grc' dir='ltr'>όῶν,</span> <span class='ocrx_word' id='word_1_73' title='bbox 1372 966 1457 1018; x_wconf 78' lang='grc' dir='ltr'>ἵνα</span> <span class='ocrx_word' id='word_1_74' title='bbox 1493 963 1568 1034; x_wconf 79' lang='grc' dir='ltr'><strong>μή</strong></span> <span class='ocrx_word' id='word_1_75' title='bbox 1603 979 1692 1026; x_wconf 87' lang='grc' dir='ltr'><strong><em>τις</em></strong></span> <span class='ocrx_word' id='word_1_76' title='bbox 1719 963 1880 1032; x_wconf 83' lang='grc' dir='ltr'>ἀρνή-</span> 
     </span>
    </p>
   </div>
   <div class='ocr_carea' id='block_1_11' title="bbox 286 1051 1878 1126">
    <p class='ocr_par' dir='ltr' id='par_1_11' title="bbox 286 1051 1878 1126">
     <span class='ocr_line' id='line_1_11' title="bbox 286 1051 1878 1126; baseline -0.003 -17"><span class='ocrx_word' id='word_1_77' title='bbox 286 1074 455 1126; x_wconf 83' lang='grc' dir='ltr'>σηται</span> <span class='ocrx_word' id='word_1_78' title='bbox 483 1058 574 1110; x_wconf 83' lang='grc' dir='ltr'><strong><em>τὸν</em></strong></span> <span class='ocrx_word' id='word_1_79' title='bbox 601 1055 750 1120; x_wconf 84' lang='grc' dir='ltr'>Υἱὸν,</span> <span class='ocrx_word' id='word_1_80' title='bbox 780 1057 874 1110; x_wconf 71' lang='lat' dir='ltr'><strong><em>xal</em></strong></span> <span class='ocrx_word' id='word_1_81' title='bbox 896 1057 956 1110; x_wconf 76' lang='grc' dir='ltr'>τὸ</span> <span class='ocrx_word' id='word_1_82' title='bbox 994 1057 1150 1125; x_wconf 73' lang='grc' dir='ltr'>ἅγιον</span> <span class='ocrx_word' id='word_1_83' title='bbox 1175 1055 1403 1126; x_wconf 77' lang='grc' dir='ltr'><strong><em>Πνεῦμα</em></strong></span> <span class='ocrx_word' id='word_1_84' title='bbox 1428 1096 1442 1120; x_wconf 94' lang='grc'><strong><em>,</em></strong></span> <span class='ocrx_word' id='word_1_85' title='bbox 1476 1053 1564 1106; x_wconf 71' lang='grc' dir='ltr'><strong><em>διὰ</em></strong></span> <span class='ocrx_word' id='word_1_86' title='bbox 1589 1051 1747 1104; x_wconf 79' lang='grc' dir='ltr'>τοῦτό</span> <span class='ocrx_word' id='word_1_87' title='bbox 1777 1068 1878 1122; x_wconf 80' lang='grc' dir='ltr'><strong><em>φη-</em></strong></span> 
     </span>
    </p>
   </div>
   <div class='ocr_carea' id='block_1_12' title="bbox 287 1141 1881 1218">
    <p class='ocr_par' dir='ltr' id='par_1_12' title="bbox 287 1141 1881 1218">
     <span class='ocr_line' id='line_1_12' title="bbox 287 1141 1881 1218; baseline -0.006 -16"><span class='ocrx_word' id='word_1_88' title='bbox 287 1166 378 1202; x_wconf 88' lang='grc' dir='ltr'><strong><em>σιν</em></strong></span> <span class='ocrx_word' id='word_1_89' title='bbox 398 1168 410 1179; x_wconf 96' lang='grc'><strong>·</strong></span> <span class='ocrx_word' id='word_1_90' title='bbox 451 1149 504 1202; x_wconf 89' lang='grc' dir='ltr'><strong>Ὀ</strong></span> <span class='ocrx_word' id='word_1_91' title='bbox 530 1147 732 1216; x_wconf 80' lang='grc' dir='ltr'>Πατήρ</span> <span class='ocrx_word' id='word_1_92' title='bbox 747 1167 862 1218; x_wconf 87' lang='grc' dir='ltr'><strong><em>μου</em></strong></span> <span class='ocrx_word' id='word_1_93' title='bbox 882 1147 1095 1218; x_wconf 77' lang='grc' dir='ltr'>μείζὶον</span> <span class='ocrx_word' id='word_1_94' title='bbox 1105 1166 1224 1218; x_wconf 89' lang='grc' dir='ltr'><strong><em>μου</em></strong></span> <span class='ocrx_word' id='word_1_95' title='bbox 1247 1147 1382 1200; x_wconf 82' lang='grc' dir='ltr'>ἐστι</span> <span class='ocrx_word' id='word_1_96' title='bbox 1396 1164 1409 1176; x_wconf 90' lang='grc'><strong>·</strong></span> <span class='ocrx_word' id='word_1_97' title='bbox 1434 1143 1552 1209; x_wconf 75' lang='grc' dir='ltr'>καὶ,</span> <span class='ocrx_word' id='word_1_98' title='bbox 1579 1143 1701 1198; x_wconf 80' lang='grc' dir='ltr'><strong><em>Ἵνα</em></strong></span> <span class='ocrx_word' id='word_1_99' title='bbox 1719 1141 1881 1212; x_wconf 77' lang='grc' dir='ltr'><strong><em>γινώ-</em></strong></span> 
     </span>
    </p>
   </div>
   <div class='ocr_carea' id='block_1_13' title="bbox 279 1233 1879 1310">
    <p class='ocr_par' dir='ltr' id='par_1_13' title="bbox 279 1233 1879 1310">
     <span class='ocr_line' id='line_1_13' title="bbox 279 1233 1879 1310; baseline -0.006 -16"><span class='ocrx_word' id='word_1_100' title='bbox 279 1241 488 1294; x_wconf 81' lang='grc' dir='ltr'>σκωσι</span> <span class='ocrx_word' id='word_1_101' title='bbox 513 1255 588 1295; x_wconf 84' lang='grc' dir='ltr'><strong><em>σε</em></strong></span> <span class='ocrx_word' id='word_1_102' title='bbox 618 1243 724 1294; x_wconf 82' lang='grc' dir='ltr'><strong><em>τὸν</em></strong></span> <span class='ocrx_word' id='word_1_103' title='bbox 754 1241 945 1310; x_wconf 79' lang='grc' dir='ltr'><em>μόνον</em></span> <span class='ocrx_word' id='word_1_104' title='bbox 973 1239 1265 1304; x_wconf 73' lang='grc' dir='ltr'><strong><em>ἀληθινὸν</em></strong></span> <span class='ocrx_word' id='word_1_105' title='bbox 1297 1236 1464 1300; x_wconf 80' lang='grc' dir='ltr'>Θεὸν,</span> <span class='ocrx_word' id='word_1_106' title='bbox 1507 1233 1605 1288; x_wconf 77' lang='grc' dir='ltr'>καί</span> <span class='ocrx_word' id='word_1_107' title='bbox 1639 1233 1712 1286; x_wconf 73' lang='grc' dir='ltr'><strong><em>ὃν·</em></strong></span> <span class='ocrx_word' id='word_1_108' title='bbox 1765 1233 1879 1286; x_wconf 86' lang='grc' dir='ltr'><strong><em>ἀπ-</em></strong></span> 
     </span>
    </p>
   </div>
   <div class='ocr_carea' id='block_1_14' title="bbox 282 1324 1880 1402">
    <p class='ocr_par' dir='ltr' id='par_1_14' title="bbox 282 1324 1880 1402">
     <span class='ocr_line' id='line_1_14' title="bbox 282 1324 1880 1402; baseline -0.007 -14"><span class='ocrx_word' id='word_1_109' title='bbox 282 1333 572 1399; x_wconf 81' lang='grc' dir='ltr'>έστειλας</span> <span class='ocrx_word' id='word_1_110' title='bbox 599 1333 844 1400; x_wconf 60' lang='grc' dir='ltr'><strong><em>Ἰησοῦς⁸</em></strong></span> <span class='ocrx_word' id='word_1_111' title='bbox 867 1331 1144 1399; x_wconf 80' lang='grc' dir='ltr'>Χριστόν.</span> <span class='ocrx_word' id='word_1_112' title='bbox 1166 1331 1278 1402; x_wconf 80' lang='grc' dir='ltr'><strong>Οὐχ</strong></span> <span class='ocrx_word' id='word_1_113' title='bbox 1303 1329 1384 1384; x_wconf 77' lang='grc' dir='ltr'>ὅτι</span> <span class='ocrx_word' id='word_1_114' title='bbox 1407 1329 1505 1382; x_wconf 81' lang='grc' dir='ltr'>οὐκ</span> <span class='ocrx_word' id='word_1_115' title='bbox 1527 1327 1672 1380; x_wconf 75' lang='grc' dir='ltr'>ἐστιν</span> <span class='ocrx_word' id='word_1_116' title='bbox 1705 1324 1880 1388; x_wconf 78' lang='grc' dir='ltr'>ὁΥἱδς</span> 
     </span>
    </p>
   </div>
   <div class='ocr_carea' id='block_1_15' title="bbox 281 1417 1876 1498">
    <p class='ocr_par' dir='ltr' id='par_1_15' title="bbox 281 1417 1876 1498">
     <span class='ocr_line' id='line_1_15' title="bbox 281 1417 1876 1498; baseline -0.007 -17"><span class='ocrx_word' id='word_1_117' title='bbox 281 1427 541 1498; x_wconf 74' lang='grc' dir='ltr'>ἀληθινὸς</span> <span class='ocrx_word' id='word_1_118' title='bbox 575 1426 706 1488; x_wconf 79' lang='grc' dir='ltr'><strong><em>Θεός</em></strong></span> <span class='ocrx_word' id='word_1_119' title='bbox 725 1442 737 1454; x_wconf 91' lang='grc'><strong>·</strong></span> <span class='ocrx_word' id='word_1_120' title='bbox 767 1424 880 1478; x_wconf 80' lang='grc' dir='ltr'>ἀλλ’</span> <span class='ocrx_word' id='word_1_121' title='bbox 905 1426 994 1478; x_wconf 90' lang='grc' dir='ltr'><strong><em>ῖνα</em></strong></span> <span class='ocrx_word' id='word_1_122' title='bbox 1027 1425 1107 1488; x_wconf 85' lang='grc' dir='ltr'><strong><em>είς</em></strong></span> <span class='ocrx_word' id='word_1_123' title='bbox 1144 1423 1272 1494; x_wconf 89' lang='grc' dir='ltr'>μίαν</span> <span class='ocrx_word' id='word_1_124' title='bbox 1303 1420 1543 1490; x_wconf 72' lang='grc' dir='ltr'>ἐνότητσῒ</span> <span class='ocrx_word' id='word_1_125' title='bbox 1561 1419 1744 1490; x_wconf 78' lang='grc' dir='ltr'><strong><em>ἀγάγῃ</em></strong></span> <span class='ocrx_word' id='word_1_126' title='bbox 1775 1417 1876 1488; x_wconf 80' lang='grc' dir='ltr'>τὴν</span> 
     </span>
    </p>
   </div>
   <div class='ocr_carea' id='block_1_16' title="bbox 175 1509 1876 1593">
    <p class='ocr_par' dir='ltr' id='par_1_16' title="bbox 175 1509 1876 1593">
     <span class='ocr_line' id='line_1_16' title="bbox 175 1509 1876 1593; baseline -0.006 -20"><span class='ocrx_word' id='word_1_127' title='bbox 175 1583 196 1593; x_wconf 46' lang='grc' dir='ltr'><strong><em>ο</em></strong></span> <span class='ocrx_word' id='word_1_128' title='bbox 283 1519 524 1590; x_wconf 81' lang='grc' dir='ltr'>Τριάδος</span> <span class='ocrx_word' id='word_1_129' title='bbox 555 1517 874 1588; x_wconf 79' lang='grc' dir='ltr'><strong><em>ὀνομασίαν,</em></strong></span> <span class='ocrx_word' id='word_1_130' title='bbox 913 1516 1008 1570; x_wconf 85' lang='grc' dir='ltr'><strong><em>καὶ</em></strong></span> <span class='ocrx_word' id='word_1_131' title='bbox 1059 1515 1314 1586; x_wconf 78' lang='grc' dir='ltr'><strong><em>ἐκκλείσῃ</em></strong></span> <span class='ocrx_word' id='word_1_132' title='bbox 1352 1514 1450 1585; x_wconf 77' lang='grc' dir='ltr'>τὴν</span> <span class='ocrx_word' id='word_1_133' title='bbox 1479 1513 1718 1567; x_wconf 88' lang='grc' dir='ltr'>διάνοιαν</span> <span class='ocrx_word' id='word_1_134' title='bbox 1766 1509 1876 1564; x_wconf 84' lang='grc' dir='ltr'><strong><em>τῶν</em></strong></span> 
     </span>
    </p>
   </div>
   <div class='ocr_carea' id='block_1_17' title="bbox 284 1605 1590 1683">
    <p class='ocr_par' dir='ltr' id='par_1_17' title="bbox 284 1605 1590 1683">
     <span class='ocr_line' id='line_1_17' title="bbox 284 1605 1590 1683; baseline -0.005 -18"><span class='ocrx_word' id='word_1_135' title='bbox 284 1609 594 1683; x_wconf 81' lang='grc' dir='ltr'>ἀνθρώπων</span> <span class='ocrx_word' id='word_1_136' title='bbox 625 1609 733 1664; x_wconf 81' lang='grc' dir='ltr'>ἀπὸ</span> <span class='ocrx_word' id='word_1_137' title='bbox 771 1607 1057 1672; x_wconf 81' lang='grc' dir='ltr'>πολυοεῒας</span> <span class='ocrx_word' id='word_1_138' title='bbox 1087 1608 1165 1672; x_wconf 82' lang='grc' dir='ltr'><strong><em>είς</em></strong></span> <span class='ocrx_word' id='word_1_139' title='bbox 1185 1607 1314 1678; x_wconf 82' lang='grc' dir='ltr'>μίαν</span> <span class='ocrx_word' id='word_1_140' title='bbox 1341 1605 1590 1677; x_wconf 84' lang='grc' dir='ltr'>θεότητα.</span> 
     </span>
    </p>
   </div>
   <div class='ocr_carea' id='block_1_18' title="bbox 364 1799 1878 1878">
    <p class='ocr_par' dir='ltr' id='par_1_18' title="bbox 364 1799 1878 1878">
     <span class='ocr_line' id='line_1_18' title="bbox 364 1799 1878 1878; baseline -0.008 -16"><span class='ocrx_word' id='word_1_141' title='bbox 364 1810 446 1862; x_wconf 83' lang='grc' dir='ltr'><strong><em>Η’.</em></strong></span> <span class='ocrx_word' id='word_1_142' title='bbox 491 1806 616 1861; x_wconf 86' lang='grc' dir='ltr'><strong><em>Ἐὰν</em></strong></span> <span class='ocrx_word' id='word_1_143' title='bbox 643 1807 699 1860; x_wconf 80' lang='grc' dir='ltr'>δὲ</span> <span class='ocrx_word' id='word_1_144' title='bbox 745 1805 942 1878; x_wconf 80' lang='grc' dir='ltr'>νομίσῃ</span> <span class='ocrx_word' id='word_1_145' title='bbox 970 1807 998 1859; x_wconf 84' lang='grc' dir='ltr'>ὁ</span> <span class='ocrx_word' id='word_1_146' title='bbox 1029 1803 1322 1875; x_wconf 76' lang='grc' dir='ltr'>πλανηθεὶς</span> <span class='ocrx_word' id='word_1_147' title='bbox 1364 1803 1462 1874; x_wconf 83' lang='grc' dir='ltr'><strong><em>τὴν</em></strong></span> <span class='ocrx_word' id='word_1_148' title='bbox 1486 1801 1746 1865; x_wconf 84' lang='grc' dir='ltr'>διάνοιαν,</span> <span class='ocrx_word' id='word_1_149' title='bbox 1785 1799 1878 1852; x_wconf 79' lang='grc' dir='ltr'><strong><em>τὸν</em></strong></span> 
     </span>
    </p>
   </div>
   <div class='ocr_carea' id='block_1_19' title="bbox 1979 594 3578 666">
    <p class='ocr_par' dir='ltr' id='par_1_19' title="bbox 1979 594 3578 666">
     <span class='ocr_line' id='line_1_19' title="bbox 1979 594 3578 666; baseline 0.002 -18"><span class='ocrx_word' id='word_1_150' title='bbox 1979 597 2072 666; x_wconf 85' lang='lat' dir='ltr'><strong><em>qui</em></strong></span> <span class='ocrx_word' id='word_1_151' title='bbox 2107 594 2364 664; x_wconf 75' lang='lat' dir='ltr'><strong><em>ascendit,</em></strong></span> <span class='ocrx_word' id='word_1_152' title='bbox 2397 611 2558 665; x_wconf 82' lang='lat' dir='ltr'><strong><em>supra</em></strong></span> <span class='ocrx_word' id='word_1_153' title='bbox 2601 611 2806 649; x_wconf 80' lang='lat' dir='ltr'><strong><em>omnem</em></strong></span> <span class='ocrx_word' id='word_1_154' title='bbox 2843 595 3219 664; x_wconf 74' lang='lat' dir='ltr'><strong><em>principatum,</em></strong></span> <span class='ocrx_word' id='word_1_155' title='bbox 3253 606 3301 649; x_wconf 83' lang='lat' dir='ltr'><strong><em>et</em></strong></span> <span class='ocrx_word' id='word_1_156' title='bbox 3342 605 3578 663; x_wconf 79' lang='lat' dir='ltr'><strong><em>potesta-</em></strong></span> 
     </span>
    </p>
   </div>
   <div class='ocr_carea' id='block_1_20' title="bbox 1983 685 3577 754">
    <p class='ocr_par' dir='ltr' id='par_1_20' title="bbox 1983 685 3577 754">
     <span class='ocr_line' id='line_1_20' title="bbox 1983 685 3577 754; baseline 0.001 -16"><span class='ocrx_word' id='word_1_157' title='bbox 1983 695 2106 749; x_wconf 88' lang='lat' dir='ltr'><strong><em>tem,</em></strong></span> <span class='ocrx_word' id='word_1_158' title='bbox 2133 694 2182 739; x_wconf 84' lang='lat' dir='ltr'><strong><em>et</em></strong></span> <span class='ocrx_word' id='word_1_159' title='bbox 2207 685 2642 750; x_wconf 70' lang='lat' dir='ltr'><strong><em>dominationem,</em></strong></span> <span class='ocrx_word' id='word_1_160' title='bbox 2673 691 2721 738; x_wconf 83' lang='lat' dir='ltr'><strong><em>et</em></strong></span> <span class='ocrx_word' id='word_1_161' title='bbox 2761 700 2949 736; x_wconf 78' lang='lat' dir='ltr'><strong><em>nomen</em></strong></span> <span class='ocrx_word' id='word_1_162' title='bbox 2981 700 3131 737; x_wconf 82' lang='lat' dir='ltr'><strong><em>omne</em></strong></span> <span class='ocrx_word' id='word_1_163' title='bbox 3169 689 3307 754; x_wconf 84' lang='lat' dir='ltr'><strong><em>quod</em></strong></span> <span class='ocrx_word' id='word_1_164' title='bbox 3339 688 3577 740; x_wconf 82' lang='lat' dir='ltr'><strong><em>nomina-</em></strong></span> 
     </span>
    </p>
   </div>
   <div class='ocr_carea' id='block_1_21' title="bbox 1982 777 3575 848">
    <p class='ocr_par' dir='ltr' id='par_1_21' title="bbox 1982 777 3575 848">
     <span class='ocr_line' id='line_1_21' title="bbox 1982 777 3575 848; baseline 0.001 -18"><span class='ocrx_word' id='word_1_165' title='bbox 1982 779 2127 830; x_wconf 77' lang='lat' dir='ltr'><strong><em>tur’.</em></strong></span> <span class='ocrx_word' id='word_1_166' title='bbox 2155 778 2235 833; x_wconf 85' lang='lat' dir='ltr'><strong><em>Ac</em></strong></span> <span class='ocrx_word' id='word_1_167' title='bbox 2271 793 2342 834; x_wconf 85' lang='lat' dir='ltr'><strong><em>ne</em></strong></span> <span class='ocrx_word' id='word_1_168' title='bbox 2389 778 2536 833; x_wconf 81' lang='lat' dir='ltr'><strong>aliud</strong></span> <span class='ocrx_word' id='word_1_169' title='bbox 2576 777 2715 833; x_wconf 82' lang='lat' dir='ltr'><strong><em>forte</em></strong></span> <span class='ocrx_word' id='word_1_170' title='bbox 2747 777 3082 846; x_wconf 81' lang='lat' dir='ltr'><strong><em>suspiceris;</em></strong></span> <span class='ocrx_word' id='word_1_171' title='bbox 3126 783 3180 829; x_wconf 83' lang='lat' dir='ltr'><strong><em>ct</em></strong></span> <span class='ocrx_word' id='word_1_172' title='bbox 3215 793 3310 845; x_wconf 89' lang='lat' dir='ltr'><strong><em>pro</em></strong></span> <span class='ocrx_word' id='word_1_173' title='bbox 3341 793 3404 831; x_wconf 86' lang='lat' dir='ltr'><strong><em>eo</em></strong></span> <span class='ocrx_word' id='word_1_174' title='bbox 3431 779 3575 848; x_wconf 83' lang='lat' dir='ltr'><strong><em>quod</em></strong></span> 
     </span>
    </p>
   </div>
   <div class='ocr_carea' id='block_1_22' title="bbox 1981 868 3575 939">
    <p class='ocr_par' dir='ltr' id='par_1_22' title="bbox 1981 868 3575 939">
     <span class='ocr_line' id='line_1_22' title="bbox 1981 868 3575 939; baseline -0.001 -17"><span class='ocrx_word' id='word_1_175' title='bbox 1981 869 2184 922; x_wconf 83' lang='lat' dir='ltr'><strong><em>dictum</em></strong></span> <span class='ocrx_word' id='word_1_176' title='bbox 2231 881 2351 924; x_wconf 83' lang='lat' dir='ltr'><strong><em>est:</em></strong></span> <span class='ocrx_word' id='word_1_177' title='bbox 2383 868 2496 939; x_wconf 89' lang='lat' dir='ltr'><strong><em>Ego</em></strong></span> <span class='ocrx_word' id='word_1_178' title='bbox 2549 885 2665 922; x_wconf 86' lang='lat' dir='ltr'><strong><em>sum</em></strong></span> <span class='ocrx_word' id='word_1_179' title='bbox 2709 870 2935 936; x_wconf 74' lang='lat' dir='ltr'><strong><em>primus,</em></strong></span> <span class='ocrx_word' id='word_1_180' title='bbox 2965 877 3012 920; x_wconf 91' lang='lat' dir='ltr'><strong><em>et</em></strong></span> <span class='ocrx_word' id='word_1_181' title='bbox 3054 885 3147 934; x_wconf 86' lang='lat' dir='ltr'><strong><em>ego</em></strong></span> <span class='ocrx_word' id='word_1_182' title='bbox 3182 869 3496 922; x_wconf 79' lang='lat' dir='ltr'><strong><em>novissimus</em></strong></span> <span class='ocrx_word' id='word_1_183' title='bbox 3521 869 3575 931; x_wconf 87' lang='grc'><strong><em>³;</em></strong></span> 
     </span>
    </p>
   </div>
   <div class='ocr_carea' id='block_1_23' title="bbox 1981 954 3577 1032">
    <p class='ocr_par' dir='ltr' id='par_1_23' title="bbox 1981 954 3577 1032">
     <span class='ocr_line' id='line_1_23' title="bbox 1981 954 3577 1032; baseline -0.001 -18"><span class='ocrx_word' id='word_1_184' title='bbox 1981 971 2034 1015; x_wconf 86' lang='lat' dir='ltr'><strong><em>et</em></strong></span> <span class='ocrx_word' id='word_1_185' title='bbox 2066 979 2078 1014; x_wconf 91' lang='lat'><strong>:</strong></span> <span class='ocrx_word' id='word_1_186' title='bbox 2107 959 2219 1032; x_wconf 78' lang='lat' dir='ltr'><strong><em>Ego</em></strong></span> <span class='ocrx_word' id='word_1_187' title='bbox 2246 977 2364 1015; x_wconf 82' lang='lat' dir='ltr'><strong><em>sum</em></strong></span> <span class='ocrx_word' id='word_1_188' title='bbox 2392 965 2436 1016; x_wconf 82' lang='lat' dir='ltr'><strong>A</strong></span> <span class='ocrx_word' id='word_1_189' title='bbox 2466 972 2514 1014; x_wconf 88' lang='lat' dir='ltr'><strong><em>et</em></strong></span> <span class='ocrx_word' id='word_1_190' title='bbox 2546 965 2592 1016; x_wconf 86' lang='grc' dir='ltr'><em>Ω</em></span> <span class='ocrx_word' id='word_1_191' title='bbox 2624 954 2680 1026; x_wconf 78' lang='grc'><strong><em>’⁵;</em></strong></span> <span class='ocrx_word' id='word_1_192' title='bbox 2714 970 2768 1015; x_wconf 85' lang='lat' dir='ltr'><strong><em>et</em></strong></span> <span class='ocrx_word' id='word_1_193' title='bbox 2795 980 2808 1015; x_wconf 92' lang='lat'>:</span> <span class='ocrx_word' id='word_1_194' title='bbox 2832 959 3092 1015; x_wconf 86' lang='lat' dir='ltr'><strong><em>Dominus</em></strong></span> <span class='ocrx_word' id='word_1_195' title='bbox 3120 960 3255 1015; x_wconf 84' lang='lat' dir='ltr'><strong><em>Deus</em></strong></span> <span class='ocrx_word' id='word_1_196' title='bbox 3283 973 3403 1015; x_wconf 86' lang='lat' dir='ltr'><strong><em>tuus</em></strong></span> <span class='ocrx_word' id='word_1_197' title='bbox 3440 977 3577 1014; x_wconf 83' lang='lat' dir='ltr'><strong><em>unus</em></strong></span> 
     </span>
    </p>
   </div>
   <div class='ocr_carea' id='block_1_24' title="bbox 1979 1051 3578 1123">
    <p class='ocr_par' dir='ltr' id='par_1_24' title="bbox 1979 1051 3578 1123">
     <span class='ocr_line' id='line_1_24' title="bbox 1979 1051 3578 1123; baseline 0.001 -18"><span class='ocrx_word' id='word_1_198' title='bbox 1979 1063 2058 1105; x_wconf 87' lang='lat' dir='ltr'><strong><em>est</em></strong></span> <span class='ocrx_word' id='word_1_199' title='bbox 2099 1053 2142 1119; x_wconf 84' lang='grc' dir='ltr'><strong><em>Ι⁵;</em></strong></span> <span class='ocrx_word' id='word_1_200' title='bbox 2171 1062 2265 1106; x_wconf 87' lang='lat' dir='ltr'><strong><em>et:</em></strong></span> <span class='ocrx_word' id='word_1_201' title='bbox 2301 1051 2408 1122; x_wconf 84' lang='lat' dir='ltr'><strong><em>Ego</em></strong></span> <span class='ocrx_word' id='word_1_202' title='bbox 2459 1068 2578 1106; x_wconf 86' lang='lat' dir='ltr'><strong><em>sum</em></strong></span> <span class='ocrx_word' id='word_1_203' title='bbox 2620 1053 2711 1122; x_wconf 85' lang='lat' dir='ltr'><strong><em>qui</em></strong></span> <span class='ocrx_word' id='word_1_204' title='bbox 2763 1069 2881 1106; x_wconf 87' lang='lat' dir='ltr'><strong><em>sum</em></strong></span> <span class='ocrx_word' id='word_1_205' title='bbox 2913 1053 2972 1121; x_wconf 83' lang='grc'><strong><em>⁶;</em></strong></span> <span class='ocrx_word' id='word_1_206' title='bbox 3027 1069 3096 1108; x_wconf 88' lang='lat' dir='ltr'><strong><em>ne</em></strong></span> <span class='ocrx_word' id='word_1_207' title='bbox 3130 1056 3253 1123; x_wconf 87' lang='lat' dir='ltr'><strong><em>quis</em></strong></span> <span class='ocrx_word' id='word_1_208' title='bbox 3279 1052 3472 1106; x_wconf 85' lang='lat' dir='ltr'><strong><em>Filium</em></strong></span> <span class='ocrx_word' id='word_1_209' title='bbox 3515 1068 3578 1106; x_wconf 87' lang='lat' dir='ltr'><strong><em>ae</em></strong></span> 
     </span>
    </p>
   </div>
   <div class='ocr_carea' id='block_1_25' title="bbox 1988 1141 3574 1214">
    <p class='ocr_par' dir='ltr' id='par_1_25' title="bbox 1988 1141 3574 1214">
     <span class='ocr_line' id='line_1_25' title="bbox 1988 1141 3574 1214; baseline 0.001 -18"><span class='ocrx_word' id='word_1_210' title='bbox 1988 1141 2254 1212; x_wconf 77' lang='lat' dir='ltr'><strong><em>Spiritum</em></strong></span> <span class='ocrx_word' id='word_1_211' title='bbox 2309 1152 2559 1200; x_wconf 88' lang='lat' dir='ltr'><strong><em>sanctum</em></strong></span> <span class='ocrx_word' id='word_1_212' title='bbox 2591 1145 2841 1214; x_wconf 80' lang='lat' dir='ltr'><strong><em>abneget,</em></strong></span> <span class='ocrx_word' id='word_1_213' title='bbox 2877 1145 2948 1200; x_wconf 89' lang='lat' dir='ltr'><strong><em>ob</em></strong></span> <span class='ocrx_word' id='word_1_214' title='bbox 2999 1144 3099 1200; x_wconf 90' lang='lat' dir='ltr'><strong><em>id:</em></strong></span> <span class='ocrx_word' id='word_1_215' title='bbox 3143 1145 3328 1209; x_wconf 80' lang='lat' dir='ltr'><strong><em>Pater,</em></strong></span> <span class='ocrx_word' id='word_1_216' title='bbox 3375 1146 3574 1214; x_wconf 82' lang='lat' dir='ltr'><strong><em>inquit,</em></strong></span> 
     </span>
    </p>
   </div>
   <div class='ocr_carea' id='block_1_26' title="bbox 1980 1233 3574 1306">
    <p class='ocr_par' dir='ltr' id='par_1_26' title="bbox 1980 1233 3574 1306">
     <span class='ocr_line' id='line_1_26' title="bbox 1980 1233 3574 1306; baseline 0.001 -19"><span class='ocrx_word' id='word_1_217' title='bbox 1980 1249 2126 1288; x_wconf 87' lang='lat' dir='ltr'><strong><em>meus</em></strong></span> <span class='ocrx_word' id='word_1_218' title='bbox 2154 1237 2329 1304; x_wconf 86' lang='lat' dir='ltr'><strong><em>major</em></strong></span> <span class='ocrx_word' id='word_1_219' title='bbox 2370 1251 2452 1289; x_wconf 89' lang='lat' dir='ltr'><strong><em>me</em></strong></span> <span class='ocrx_word' id='word_1_220' title='bbox 2495 1237 2640 1290; x_wconf 82' lang='lat' dir='ltr'><strong><em>est&quot;.</em></strong></span> <span class='ocrx_word' id='word_1_221' title='bbox 2694 1235 2758 1288; x_wconf 86' lang='lat' dir='ltr'><strong><em>Et</em></strong></span> <span class='ocrx_word' id='word_1_222' title='bbox 2796 1253 2810 1288; x_wconf 87' lang='lat'><strong>:</strong></span> <span class='ocrx_word' id='word_1_223' title='bbox 2860 1233 2926 1288; x_wconf 88' lang='lat' dir='ltr'><strong><em>Ut</em></strong></span> <span class='ocrx_word' id='word_1_224' title='bbox 2967 1247 3283 1306; x_wconf 78' lang='lat' dir='ltr'><strong><em>cognoscant</em></strong></span> <span class='ocrx_word' id='word_1_225' title='bbox 3329 1247 3376 1292; x_wconf 87' lang='lat' dir='ltr'><strong><em>te</em></strong></span> <span class='ocrx_word' id='word_1_226' title='bbox 3403 1237 3574 1290; x_wconf 80' lang='lat' dir='ltr'><strong><em>solum</em></strong></span> 
     </span>
    </p>
   </div>
   <div class='ocr_carea' id='block_1_27' title="bbox 1983 1325 3566 1396">
    <p class='ocr_par' dir='ltr' id='par_1_27' title="bbox 1983 1325 3566 1396">
     <span class='ocr_line' id='line_1_27' title="bbox 1983 1325 3566 1396; baseline 0.003 -15"><span class='ocrx_word' id='word_1_227' title='bbox 1983 1343 2162 1381; x_wconf 74' lang='lat' dir='ltr'><strong><em>rerum</em></strong></span> <span class='ocrx_word' id='word_1_228' title='bbox 2209 1325 2400 1394; x_wconf 89' lang='lat' dir='ltr'><strong><em>Deum,</em></strong></span> <span class='ocrx_word' id='word_1_229' title='bbox 2444 1335 2493 1380; x_wconf 83' lang='lat' dir='ltr'><strong><em>et</em></strong></span> <span class='ocrx_word' id='word_1_230' title='bbox 2537 1343 2687 1396; x_wconf 84' lang='lat' dir='ltr'><strong><em>quem</em></strong></span> <span class='ocrx_word' id='word_1_231' title='bbox 2729 1328 2924 1381; x_wconf 79' lang='lat' dir='ltr'><strong><em>misisti</em></strong></span> <span class='ocrx_word' id='word_1_232' title='bbox 2967 1327 3153 1382; x_wconf 87' lang='lat' dir='ltr'><strong><em>Jesum</em></strong></span> <span class='ocrx_word' id='word_1_233' title='bbox 3201 1327 3469 1384; x_wconf 84' lang='lat' dir='ltr'><strong><em>Christum</em></strong></span> <span class='ocrx_word' id='word_1_234' title='bbox 3518 1331 3566 1386; x_wconf 80' lang='grc'>⁸.</span> 
     </span>
    </p>
   </div>
   <div class='ocr_carea' id='block_1_28' title="bbox 1978 1417 3574 1490">
    <p class='ocr_par' dir='ltr' id='par_1_28' title="bbox 1978 1417 3574 1490">
     <span class='ocr_line' id='line_1_28' title="bbox 1978 1417 3574 1490; baseline 0.001 -17"><span class='ocrx_word' id='word_1_235' title='bbox 1978 1418 2098 1474; x_wconf 84' lang='lat' dir='ltr'><strong><em>Non</em></strong></span> <span class='ocrx_word' id='word_1_236' title='bbox 2134 1419 2282 1490; x_wconf 88' lang='lat' dir='ltr'><strong><em>quod</em></strong></span> <span class='ocrx_word' id='word_1_237' title='bbox 2329 1417 2502 1474; x_wconf 83' lang='lat' dir='ltr'><strong><em>Filius</em></strong></span> <span class='ocrx_word' id='word_1_238' title='bbox 2546 1435 2709 1474; x_wconf 82' lang='lat' dir='ltr'><strong><em>verus</em></strong></span> <span class='ocrx_word' id='word_1_239' title='bbox 2749 1417 2894 1475; x_wconf 87' lang='lat' dir='ltr'><strong><em>Deus</em></strong></span> <span class='ocrx_word' id='word_1_240' title='bbox 2944 1421 3170 1474; x_wconf 88' lang='lat' dir='ltr'><strong><em>minime</em></strong></span> <span class='ocrx_word' id='word_1_241' title='bbox 3223 1422 3336 1485; x_wconf 89' lang='lat' dir='ltr'><strong><em>sit;</em></strong></span> <span class='ocrx_word' id='word_1_242' title='bbox 3389 1421 3485 1477; x_wconf 88' lang='lat' dir='ltr'><strong><em>sed</em></strong></span> <span class='ocrx_word' id='word_1_243' title='bbox 3512 1429 3574 1475; x_wconf 68' lang='grc' dir='ltr'><strong><em>ιιι</em></strong></span> 
     </span>
    </p>
   </div>
   <div class='ocr_carea' id='block_1_29' title="bbox 1977 1509 3576 1581">
    <p class='ocr_par' dir='ltr' id='par_1_29' title="bbox 1977 1509 3576 1581">
     <span class='ocr_line' id='line_1_29' title="bbox 1977 1509 3576 1581; baseline 0 -15"><span class='ocrx_word' id='word_1_244' title='bbox 1977 1510 2228 1566; x_wconf 78' lang='lat' dir='ltr'><strong><em>eamdem</em></strong></span> <span class='ocrx_word' id='word_1_245' title='bbox 2257 1511 2312 1564; x_wconf 90' lang='lat' dir='ltr'><strong><em>in</em></strong></span> <span class='ocrx_word' id='word_1_246' title='bbox 2348 1512 2612 1564; x_wconf 89' lang='lat' dir='ltr'><strong><em>unitatem</em></strong></span> <span class='ocrx_word' id='word_1_247' title='bbox 2644 1509 2933 1565; x_wconf 77' lang='lat' dir='ltr'><strong><em>Trinitatis</em></strong></span> <span class='ocrx_word' id='word_1_248' title='bbox 2977 1527 3174 1566; x_wconf 85' lang='lat' dir='ltr'><strong><em>nomen</em></strong></span> <span class='ocrx_word' id='word_1_249' title='bbox 3211 1513 3492 1581; x_wconf 87' lang='lat' dir='ltr'><strong><em>conjiciat,</em></strong></span> <span class='ocrx_word' id='word_1_250' title='bbox 3521 1523 3576 1566; x_wconf 69' lang='lat' dir='ltr'><strong><em>(rt</em></strong></span> 
     </span>
    </p>
   </div>
   <div class='ocr_carea' id='block_1_30' title="bbox 1979 1601 3572 1657">
    <p class='ocr_par' dir='ltr' id='par_1_30' title="bbox 1979 1601 3572 1657">
     <span class='ocr_line' id='line_1_30' title="bbox 1979 1601 3572 1657; baseline -0.001 0"><span class='ocrx_word' id='word_1_251' title='bbox 1979 1618 2008 1656; x_wconf 89' lang='lat' dir='ltr'><strong><em>a</em></strong></span> <span class='ocrx_word' id='word_1_252' title='bbox 2043 1603 2270 1657; x_wconf 85' lang='lat' dir='ltr'><strong><em>deorum</em></strong></span> <span class='ocrx_word' id='word_1_253' title='bbox 2314 1601 2664 1656; x_wconf 72' lang='lat' dir='ltr'><strong><em>multitudine</em></strong></span> <span class='ocrx_word' id='word_1_254' title='bbox 2697 1601 2765 1657; x_wconf 87' lang='lat' dir='ltr'><strong><em>ad</em></strong></span> <span class='ocrx_word' id='word_1_255' title='bbox 2808 1615 2972 1655; x_wconf 89' lang='lat' dir='ltr'><strong><em>unam</em></strong></span> <span class='ocrx_word' id='word_1_256' title='bbox 3021 1601 3360 1656; x_wconf 77' lang='lat' dir='ltr'><strong><em>divinitatem</em></strong></span> <span class='ocrx_word' id='word_1_257' title='bbox 3395 1603 3572 1656; x_wconf 60' lang='lat' dir='ltr'><strong><em>homio</em></strong></span> 
     </span>
    </p>
   </div>
   <div class='ocr_carea' id='block_1_31' title="bbox 1979 1693 2691 1748">
    <p class='ocr_par' dir='ltr' id='par_1_31' title="bbox 1979 1693 2691 1748">
     <span class='ocr_line' id='line_1_31' title="bbox 1979 1693 2691 1748; baseline -0.006 0"><span class='ocrx_word' id='word_1_258' title='bbox 1979 1709 2108 1748; x_wconf 90' lang='lat' dir='ltr'><strong><em>num</em></strong></span> <span class='ocrx_word' id='word_1_259' title='bbox 2141 1693 2356 1748; x_wconf 88' lang='lat' dir='ltr'><strong><em>animos</em></strong></span> <span class='ocrx_word' id='word_1_260' title='bbox 2387 1700 2691 1748; x_wconf 87' lang='lat' dir='ltr'><strong><em>convertat.</em></strong></span> 
     </span>
    </p>
   </div>
   <div class='ocr_carea' id='block_1_32' title="bbox 2048 1801 3573 1876">
    <p class='ocr_par' dir='ltr' id='par_1_32' title="bbox 2048 1801 3573 1876">
     <span class='ocr_line' id='line_1_32' title="bbox 2048 1801 3573 1876; baseline 0.003 -19"><span class='ocrx_word' id='word_1_261' title='bbox 2048 1801 2184 1857; x_wconf 67' lang='lat' dir='ltr'>VIII.</span> <span class='ocrx_word' id='word_1_262' title='bbox 2217 1802 2372 1870; x_wconf 83' lang='lat' dir='ltr'><strong><em>Quod</em></strong></span> <span class='ocrx_word' id='word_1_263' title='bbox 2423 1804 2470 1860; x_wconf 97' lang='lat' dir='ltr'><strong><em>si</em></strong></span> <span class='ocrx_word' id='word_1_264' title='bbox 2515 1819 2705 1859; x_wconf 88' lang='lat' dir='ltr'><strong><em>errore</em></strong></span> <span class='ocrx_word' id='word_1_265' title='bbox 2755 1806 2946 1876; x_wconf 86' lang='lat' dir='ltr'><strong><em>lapsus</em></strong></span> <span class='ocrx_word' id='word_1_266' title='bbox 2998 1805 3199 1874; x_wconf 89' lang='lat' dir='ltr'><strong><em>aliquis</em></strong></span> <span class='ocrx_word' id='word_1_267' title='bbox 3252 1807 3573 1870; x_wconf 69' lang='lat' dir='ltr'><strong><em>existimet,</em></strong></span> 
     </span>
    </p>
   </div>
   <div class='ocr_carea' id='block_1_33' title="bbox 275 1873 1876 1970">
    <p class='ocr_par' dir='ltr' id='par_1_33' title="bbox 275 1873 1874 1970">
     <span class='ocr_line' id='line_1_33' title="bbox 275 1873 1874 1970; baseline -0.006 -17"><span class='ocrx_word' id='word_1_268' title='bbox 275 1901 387 1953; x_wconf 87' lang='grc' dir='ltr'>⁴ένα</span> <span class='ocrx_word' id='word_1_269' title='bbox 418 1898 578 1970; x_wconf 80' lang='grc' dir='ltr'>μόνον</span> <span class='ocrx_word' id='word_1_270' title='bbox 603 1873 858 1966; x_wconf 79' lang='grc' dir='ltr'>λέγεσθαι</span> <span class='ocrx_word' id='word_1_271' title='bbox 887 1873 1141 1966; x_wconf 57' lang='grc' dir='ltr'>ἀληθινὸν</span> <span class='ocrx_word' id='word_1_272' title='bbox 1185 1873 1338 1960; x_wconf 72' lang='grc' dir='ltr'>Θεὸν,</span> <span class='ocrx_word' id='word_1_273' title='bbox 1366 1873 1616 1947; x_wconf 82' lang='grc' dir='ltr'><strong><em>τουτέστι</em></strong></span> <span class='ocrx_word' id='word_1_274' title='bbox 1642 1892 1732 1944; x_wconf 78' lang='grc' dir='ltr'><strong><em>τὸν</em></strong></span> <span class='ocrx_word' id='word_1_275' title='bbox 1759 1893 1874 1944; x_wconf 87' lang='grc' dir='ltr'><strong><em>Πα-</em></strong></span> 
     </span>
    </p>
   </div>
   <div class='ocr_carea' id='block_1_34' title="bbox 1981 1873 3573 1970">
    <p class='ocr_par' dir='ltr' id='par_1_34' title="bbox 1981 1895 3573 1964">
     <span class='ocr_line' id='line_1_34' title="bbox 1981 1895 3573 1964; baseline 0.003 -14"><span class='ocrx_word' id='word_1_276' title='bbox 1981 1912 2149 1950; x_wconf 89' lang='lat' dir='ltr'><strong><em>unum</em></strong></span> <span class='ocrx_word' id='word_1_277' title='bbox 2198 1897 2375 1952; x_wconf 79' lang='lat' dir='ltr'><strong><em>solum</em></strong></span> <span class='ocrx_word' id='word_1_278' title='bbox 2409 1896 2515 1951; x_wconf 91' lang='lat' dir='ltr'><strong><em>dici</em></strong></span> <span class='ocrx_word' id='word_1_279' title='bbox 2558 1912 2747 1951; x_wconf 89' lang='lat' dir='ltr'><strong><em>verum</em></strong></span> <span class='ocrx_word' id='word_1_280' title='bbox 2789 1895 2980 1964; x_wconf 90' lang='lat' dir='ltr'><strong><em>Deum,</em></strong></span> <span class='ocrx_word' id='word_1_281' title='bbox 3013 1897 3271 1953; x_wconf 87' lang='lat' dir='ltr'><strong><em>nimirum</em></strong></span> <span class='ocrx_word' id='word_1_282' title='bbox 3311 1897 3573 1954; x_wconf 85' lang='lat' dir='ltr'><strong><em>Patrem:</em></strong></span> 
     </span>
    </p>
   </div>
   <div class='ocr_carea' id='block_1_35' title="bbox 277 1983 1876 2063">
    <p class='ocr_par' dir='ltr' id='par_1_35' title="bbox 277 1983 1876 2063">
     <span class='ocr_line' id='line_1_35' title="bbox 277 1983 1876 2063; baseline -0.005 -19"><span class='ocrx_word' id='word_1_283' title='bbox 277 1992 444 2063; x_wconf 84' lang='grc' dir='ltr'>τέρα,</span> <span class='ocrx_word' id='word_1_284' title='bbox 471 1990 566 2043; x_wconf 81' lang='grc' dir='ltr'><strong><em>τὸν</em></strong></span> <span class='ocrx_word' id='word_1_285' title='bbox 591 1988 647 2042; x_wconf 82' lang='grc' dir='ltr'>δὲ</span> <span class='ocrx_word' id='word_1_286' title='bbox 696 1989 820 2042; x_wconf 75' lang='grc' dir='ltr'>Υὶδν</span> <span class='ocrx_word' id='word_1_287' title='bbox 853 1988 949 2060; x_wconf 84' lang='grc' dir='ltr'>μὲν</span> <span class='ocrx_word' id='word_1_288' title='bbox 982 1987 1134 2052; x_wconf 74' lang='grc' dir='ltr'>ὂντα,</span> <span class='ocrx_word' id='word_1_289' title='bbox 1167 1989 1268 2041; x_wconf 87' lang='grc' dir='ltr'>οὐκ</span> <span class='ocrx_word' id='word_1_290' title='bbox 1313 1985 1564 2058; x_wconf 76' lang='grc' dir='ltr'>ἀληθινὸν</span> <span class='ocrx_word' id='word_1_291' title='bbox 1593 1985 1669 2046; x_wconf 81' lang='grc' dir='ltr'><strong><em>δὲ,</em></strong></span> <span class='ocrx_word' id='word_1_292' title='bbox 1715 1983 1876 2037; x_wconf 61' lang='grc' dir='ltr'>πάλιν</span> 
     </span>
    </p>
   </div>
   <div class='ocr_carea' id='block_1_36' title="bbox 281 2074 1875 2152">
    <p class='ocr_par' dir='ltr' id='par_1_36' title="bbox 281 2074 1875 2152">
     <span class='ocr_line' id='line_1_36' title="bbox 281 2074 1875 2152; baseline -0.004 -16"><span class='ocrx_word' id='word_1_293' title='bbox 281 2085 493 2152; x_wconf 74' lang='grc' dir='ltr'>ἑτέρως</span> <span class='ocrx_word' id='word_1_294' title='bbox 516 2081 608 2134; x_wconf 79' lang='grc' dir='ltr'><strong><em>τὸν</em></strong></span> <span class='ocrx_word' id='word_1_295' title='bbox 633 2081 872 2135; x_wconf 77' lang='grc' dir='ltr'>τοιοῦτον</span> <span class='ocrx_word' id='word_1_296' title='bbox 927 2080 1162 2150; x_wconf 79' lang='grc' dir='ltr'><strong><em>ἐλέγχει,</em></strong></span> <span class='ocrx_word' id='word_1_297' title='bbox 1215 2077 1390 2148; x_wconf 84' lang='grc' dir='ltr'>λέγων</span> <span class='ocrx_word' id='word_1_298' title='bbox 1417 2095 1429 2108; x_wconf 90' lang='grc'><strong>·</strong></span> <span class='ocrx_word' id='word_1_299' title='bbox 1473 2076 1616 2147; x_wconf 78' lang='grc' dir='ltr'><strong><em>Ἐγώ</em></strong></span> <span class='ocrx_word' id='word_1_300' title='bbox 1647 2079 1766 2147; x_wconf 75' lang='grc' dir='ltr'>εἰμι</span> <span class='ocrx_word' id='word_1_301' title='bbox 1809 2074 1875 2130; x_wconf 71' lang='grc' dir='ltr'>τὸ</span> 
     </span>
    </p>
   </div>
   <div class='ocr_carea' id='block_1_37' title="bbox 281 2166 1878 2246">
    <p class='ocr_par' dir='ltr' id='par_1_37' title="bbox 281 2166 1878 2246">
     <span class='ocr_line' id='line_1_37' title="bbox 281 2166 1878 2246; baseline -0.005 -17"><span class='ocrx_word' id='word_1_302' title='bbox 281 2175 417 2246; x_wconf 73' lang='grc' dir='ltr'><strong><em>φῶς</em></strong></span> <span class='ocrx_word' id='word_1_303' title='bbox 449 2173 512 2228; x_wconf 87' lang='grc' dir='ltr'>τὸ</span> <span class='ocrx_word' id='word_1_304' title='bbox 533 2173 845 2240; x_wconf 74' lang='grc' dir='ltr'><strong><em>ἀληθινὸν,</em></strong></span> <span class='ocrx_word' id='word_1_305' title='bbox 878 2171 908 2226; x_wconf 80' lang='grc' dir='ltr'>ὃ</span> <span class='ocrx_word' id='word_1_306' title='bbox 939 2169 1164 2242; x_wconf 76' lang='grc' dir='ltr'><strong><em>φωτίζει</em></strong></span> <span class='ocrx_word' id='word_1_307' title='bbox 1194 2170 1392 2224; x_wconf 80' lang='grc' dir='ltr'>πάντα</span> <span class='ocrx_word' id='word_1_308' title='bbox 1436 2166 1754 2238; x_wconf 79' lang='grc' dir='ltr'><strong><em>ἄνθρωπον</em></strong></span> <span class='ocrx_word' id='word_1_309' title='bbox 1785 2169 1878 2238; x_wconf 66' lang='lat' dir='ltr'><strong><em>ep-</em></strong></span> 
     </span>
    </p>
   </div>
   <div class='ocr_carea' id='block_1_38' title="bbox 281 2261 1875 2338">
    <p class='ocr_par' dir='ltr' id='par_1_38' title="bbox 281 2261 1875 2338">
     <span class='ocr_line' id='line_1_38' title="bbox 281 2261 1875 2338; baseline -0.006 -16"><span class='ocrx_word' id='word_1_310' title='bbox 281 2269 548 2338; x_wconf 80' lang='grc' dir='ltr'><strong><em>χόμενον</em></strong></span> <span class='ocrx_word' id='word_1_311' title='bbox 567 2269 656 2332; x_wconf 81' lang='grc' dir='ltr'><strong><em>είς</em></strong></span> <span class='ocrx_word' id='word_1_312' title='bbox 682 2265 789 2318; x_wconf 79' lang='grc' dir='ltr'><strong><em>τὸν</em></strong></span> <span class='ocrx_word' id='word_1_313' title='bbox 825 2265 1078 2334; x_wconf 78' lang='grc' dir='ltr'><strong><em>κόσμον.</em></strong></span> <span class='ocrx_word' id='word_1_314' title='bbox 1119 2263 1256 2335; x_wconf 77' lang='grc' dir='ltr'>Περὶ</span> <span class='ocrx_word' id='word_1_315' title='bbox 1294 2263 1350 2316; x_wconf 80' lang='grc' dir='ltr'><strong><em>δὲ</em></strong></span> <span class='ocrx_word' id='word_1_316' title='bbox 1396 2261 1489 2316; x_wconf 75' lang='grc' dir='ltr'>τοῦ</span> <span class='ocrx_word' id='word_1_317' title='bbox 1518 2261 1752 2332; x_wconf 84' lang='grc' dir='ltr'>Πατρὸς,</span> <span class='ocrx_word' id='word_1_318' title='bbox 1794 2261 1875 2314; x_wconf 83' lang='grc' dir='ltr'><strong><em>ὅτι</em></strong></span> 
     </span>
    </p>
   </div>
   <div class='ocr_carea' id='block_1_39' title="bbox 281 2353 1874 2427">
    <p class='ocr_par' dir='ltr' id='par_1_39' title="bbox 281 2353 1874 2427">
     <span class='ocr_line' id='line_1_39' title="bbox 281 2353 1874 2427; baseline -0.005 -12"><span class='ocrx_word' id='word_1_319' title='bbox 281 2361 420 2427; x_wconf 77' lang='grc' dir='ltr'><strong><em>Φῶς</em></strong></span> <span class='ocrx_word' id='word_1_320' title='bbox 445 2363 478 2414; x_wconf 68' lang='grc' dir='ltr'><em>ὁ</em></span> <span class='ocrx_word' id='word_1_321' title='bbox 503 2360 666 2426; x_wconf 81' lang='grc' dir='ltr'>Θεὸς,</span> <span class='ocrx_word' id='word_1_322' title='bbox 696 2358 790 2413; x_wconf 74' lang='lat' dir='ltr'><strong><em>xal</em></strong></span> <span class='ocrx_word' id='word_1_323' title='bbox 812 2359 912 2410; x_wconf 85' lang='grc' dir='ltr'>οὐκ</span> <span class='ocrx_word' id='word_1_324' title='bbox 939 2353 1080 2421; x_wconf 82' lang='grc' dir='ltr'>εἷπε,</span> <span class='ocrx_word' id='word_1_325' title='bbox 1097 2356 1218 2420; x_wconf 80' lang='grc' dir='ltr'><strong><em>Φῶς</em></strong></span> <span class='ocrx_word' id='word_1_326' title='bbox 1243 2355 1518 2427; x_wconf 76' lang='grc' dir='ltr'>ἀληθινόν·</span> <span class='ocrx_word' id='word_1_327' title='bbox 1559 2356 1646 2408; x_wconf 81' lang='grc' dir='ltr'><strong><em>ἵνα</em></strong></span> <span class='ocrx_word' id='word_1_328' title='bbox 1691 2358 1755 2408; x_wconf 83' lang='grc' dir='ltr'>ἐκ</span> <span class='ocrx_word' id='word_1_329' title='bbox 1781 2353 1874 2408; x_wconf 76' lang='grc' dir='ltr'>τοῦ</span> 
     </span>
    </p>
   </div>
   <div class='ocr_carea' id='block_1_40' title="bbox 279 2447 1875 2522">
    <p class='ocr_par' dir='ltr' id='par_1_40' title="bbox 279 2447 1875 2522">
     <span class='ocr_line' id='line_1_40' title="bbox 279 2447 1875 2522; baseline -0.006 -15"><span class='ocrx_word' id='word_1_330' title='bbox 279 2452 422 2507; x_wconf 73' lang='grc' dir='ltr'>Θεοῦ</span> <span class='ocrx_word' id='word_1_331' title='bbox 473 2451 745 2522; x_wconf 80' lang='grc' dir='ltr'>ἀληθινὸν,</span> <span class='ocrx_word' id='word_1_332' title='bbox 791 2451 884 2504; x_wconf 77' lang='grc' dir='ltr'><strong><em>καὶ</em></strong></span> <span class='ocrx_word' id='word_1_333' title='bbox 931 2449 1046 2518; x_wconf 80' lang='grc' dir='ltr'>φῶς</span> <span class='ocrx_word' id='word_1_334' title='bbox 1087 2447 1338 2519; x_wconf 79' lang='grc' dir='ltr'>ἀληθινὸν</span> <span class='ocrx_word' id='word_1_335' title='bbox 1369 2447 1468 2518; x_wconf 77' lang='grc' dir='ltr'><strong><em>τὴν</em></strong></span> <span class='ocrx_word' id='word_1_336' title='bbox 1495 2449 1616 2519; x_wconf 80' lang='grc' dir='ltr'>ἴσην</span> <span class='ocrx_word' id='word_1_337' title='bbox 1647 2447 1875 2516; x_wconf 84' lang='grc' dir='ltr'>θεότητα</span> 
     </span>
    </p>
   </div>
   <div class='ocr_carea' id='block_1_41' title="bbox 279 2537 1872 2615">
    <p class='ocr_par' dir='ltr' id='par_1_41' title="bbox 279 2537 1872 2615">
     <span class='ocr_line' id='line_1_41' title="bbox 279 2537 1872 2615; baseline -0.008 -14"><span class='ocrx_word' id='word_1_338' title='bbox 279 2543 500 2615; x_wconf 76' lang='grc' dir='ltr'>Πατρδς</span> <span class='ocrx_word' id='word_1_339' title='bbox 525 2543 662 2613; x_wconf 82' lang='grc' dir='ltr'>πρὸς</span> <span class='ocrx_word' id='word_1_340' title='bbox 691 2541 842 2607; x_wconf 74' lang='grc' dir='ltr'>Υἱδν,</span> <span class='ocrx_word' id='word_1_341' title='bbox 874 2541 968 2595; x_wconf 75' lang='grc' dir='ltr'>καὶ</span> <span class='ocrx_word' id='word_1_342' title='bbox 995 2538 1125 2592; x_wconf 85' lang='grc' dir='ltr'><strong><em>Υἱοῦ</em></strong></span> <span class='ocrx_word' id='word_1_343' title='bbox 1155 2539 1292 2610; x_wconf 77' lang='grc' dir='ltr'>πρὸς</span> <span class='ocrx_word' id='word_1_344' title='bbox 1316 2539 1541 2609; x_wconf 86' lang='grc' dir='ltr'>Πατέρα</span> <span class='ocrx_word' id='word_1_345' title='bbox 1569 2537 1872 2608; x_wconf 80' lang='grc' dir='ltr'>νοήσωμεν.</span> 
     </span>
    </p>
   </div>
   <div class='ocr_carea' id='block_1_42' title="bbox 278 2627 1876 2703">
    <p class='ocr_par' dir='ltr' id='par_1_42' title="bbox 278 2627 1876 2703">
     <span class='ocr_line' id='line_1_42' title="bbox 278 2627 1876 2703; baseline -0.008 -12"><span class='ocrx_word' id='word_1_346' title='bbox 278 2638 400 2691; x_wconf 85' lang='lat' dir='ltr'><strong><em>Kal</em></strong></span> <span class='ocrx_word' id='word_1_347' title='bbox 437 2635 545 2690; x_wconf 79' lang='grc' dir='ltr'>ἀπὸ</span> <span class='ocrx_word' id='word_1_348' title='bbox 587 2633 680 2688; x_wconf 79' lang='grc' dir='ltr'>τοῦ</span> <span class='ocrx_word' id='word_1_349' title='bbox 717 2635 808 2686; x_wconf 75' lang='grc' dir='ltr'>τὸν</span> <span class='ocrx_word' id='word_1_350' title='bbox 856 2631 1075 2703; x_wconf 78' lang='grc' dir='ltr'>Πατέρα</span> <span class='ocrx_word' id='word_1_351' title='bbox 1116 2632 1230 2701; x_wconf 84' lang='grc' dir='ltr'>φῶς</span> <span class='ocrx_word' id='word_1_352' title='bbox 1270 2627 1428 2692; x_wconf 77' lang='grc' dir='ltr'>εἶναι,</span> <span class='ocrx_word' id='word_1_353' title='bbox 1467 2629 1562 2683; x_wconf 81' lang='grc' dir='ltr'><strong><em>καὶ</em></strong></span> <span class='ocrx_word' id='word_1_354' title='bbox 1606 2629 1700 2681; x_wconf 78' lang='grc' dir='ltr'>τὸν</span> <span class='ocrx_word' id='word_1_355' title='bbox 1749 2627 1876 2680; x_wconf 82' lang='grc' dir='ltr'>Υἰὸν</span> 
     </span>
    </p>
   </div>
   <div class='ocr_carea' id='block_1_43' title="bbox 277 2719 1874 2798">
    <p class='ocr_par' dir='ltr' id='par_1_43' title="bbox 277 2719 1874 2798">
     <span class='ocr_line' id='line_1_43' title="bbox 277 2719 1874 2798; baseline -0.006 -18"><span class='ocrx_word' id='word_1_356' title='bbox 277 2721 447 2793; x_wconf 76' lang='grc' dir='ltr'>εἶναι,</span> <span class='ocrx_word' id='word_1_357' title='bbox 483 2726 558 2798; x_wconf 83' lang='grc' dir='ltr'><strong><em>μὴ</em></strong></span> <span class='ocrx_word' id='word_1_358' title='bbox 598 2723 908 2780; x_wconf 73' lang='grc' dir='ltr'>ἐπικεῖσθαι</span> <span class='ocrx_word' id='word_1_359' title='bbox 960 2723 1017 2777; x_wconf 84' lang='grc' dir='ltr'>δὲ</span> <span class='ocrx_word' id='word_1_360' title='bbox 1054 2722 1290 2777; x_wconf 73' lang='grc' dir='ltr'>ἐνταῦθα</span> <span class='ocrx_word' id='word_1_361' title='bbox 1345 2719 1618 2792; x_wconf 84' lang='grc' dir='ltr'>ἀληθινόν.</span> <span class='ocrx_word' id='word_1_362' title='bbox 1659 2719 1732 2772; x_wconf 84' lang='grc' dir='ltr'><strong><em>Οὐ</em></strong></span> <span class='ocrx_word' id='word_1_363' title='bbox 1766 2719 1874 2790; x_wconf 76' lang='grc' dir='ltr'><strong><em>γὰρ</em></strong></span> 
     </span>
    </p>
   </div>
   <div class='ocr_carea' id='block_1_44' title="bbox 274 2812 1874 2892">
    <p class='ocr_par' dir='ltr' id='par_1_44' title="bbox 274 2812 1874 2892">
     <span class='ocr_line' id='line_1_44' title="bbox 274 2812 1874 2892; baseline -0.006 -18"><span class='ocrx_word' id='word_1_364' title='bbox 274 2815 355 2892; x_wconf 79' lang='grc' dir='ltr'>ἦν</span> <span class='ocrx_word' id='word_1_365' title='bbox 399 2819 557 2892; x_wconf 75' lang='grc' dir='ltr'>χρεία</span> <span class='ocrx_word' id='word_1_366' title='bbox 608 2821 804 2883; x_wconf 87' lang='grc' dir='ltr'>εἰπεῖν,</span> <span class='ocrx_word' id='word_1_367' title='bbox 838 2817 1108 2889; x_wconf 74' lang='grc' dir='ltr'><strong><em>μηδεμιᾶς</em></strong></span> <span class='ocrx_word' id='word_1_368' title='bbox 1147 2815 1478 2886; x_wconf 72' lang='grc' dir='ltr'>ἀμφιϐολίας</span> <span class='ocrx_word' id='word_1_369' title='bbox 1507 2813 1694 2884; x_wconf 70' lang='grc' dir='ltr'>οὔσης.</span> <span class='ocrx_word' id='word_1_370' title='bbox 1743 2812 1874 2864; x_wconf 72' lang='grc' dir='ltr'>Ἀπδ</span> 
     </span>
    </p>
   </div>
   <div class='ocr_carea' id='block_1_45' title="bbox 275 2903 1875 2984">
    <p class='ocr_par' dir='ltr' id='par_1_45' title="bbox 275 2903 1875 2984">
     <span class='ocr_line' id='line_1_45' title="bbox 275 2903 1875 2984; baseline -0.007 -18"><span class='ocrx_word' id='word_1_371' title='bbox 275 2913 395 2984; x_wconf 84' lang='grc' dir='ltr'><strong><em>γὰρ</em></strong></span> <span class='ocrx_word' id='word_1_372' title='bbox 428 2911 542 2976; x_wconf 82' lang='grc' dir='ltr'>τοῦ,</span> <span class='ocrx_word' id='word_1_373' title='bbox 569 2911 710 2976; x_wconf 78' lang='grc' dir='ltr'>Θεὸς</span> <span class='ocrx_word' id='word_1_374' title='bbox 740 2911 833 2964; x_wconf 70' lang='grc' dir='ltr'>καὶ</span> <span class='ocrx_word' id='word_1_375' title='bbox 853 2909 998 2978; x_wconf 75' lang='grc' dir='ltr'>φῶς,</span> <span class='ocrx_word' id='word_1_376' title='bbox 1025 2911 1058 2978; x_wconf 85' lang='grc' dir='ltr'><strong>ἡ</strong></span> <span class='ocrx_word' id='word_1_377' title='bbox 1115 2908 1212 2980; x_wconf 90' lang='grc' dir='ltr'><strong><em>μία</em></strong></span> <span class='ocrx_word' id='word_1_378' title='bbox 1259 2907 1534 2976; x_wconf 83' lang='grc' dir='ltr'>τελειότης</span> <span class='ocrx_word' id='word_1_379' title='bbox 1565 2906 1666 2975; x_wconf 83' lang='grc' dir='ltr'>τῆς</span> <span class='ocrx_word' id='word_1_380' title='bbox 1706 2903 1875 2973; x_wconf 80' lang='grc' dir='ltr'>αὐτῆς</span> 
     </span>
    </p>
   </div>
   <div class='ocr_carea' id='block_1_46' title="bbox 276 2993 1874 3076">
    <p class='ocr_par' dir='ltr' id='par_1_46' title="bbox 276 2993 1874 3076">
     <span class='ocr_line' id='line_1_46' title="bbox 276 2993 1874 3076; baseline -0.008 -19"><span class='ocrx_word' id='word_1_381' title='bbox 276 3004 660 3076; x_wconf 81' lang='grc' dir='ltr'>γνησιὸτητος.</span> <span class='ocrx_word' id='word_1_382' title='bbox 694 3001 907 3072; x_wconf 80' lang='grc' dir='ltr'>Πατρὺς</span> <span class='ocrx_word' id='word_1_383' title='bbox 940 3001 1076 3070; x_wconf 73' lang='grc' dir='ltr'>πρὸς</span> <span class='ocrx_word' id='word_1_384' title='bbox 1129 2999 1221 3052; x_wconf 84' lang='grc' dir='ltr'><strong><em>τὸν</em></strong></span> <span class='ocrx_word' id='word_1_385' title='bbox 1256 2999 1406 3064; x_wconf 83' lang='grc' dir='ltr'>Υἰὸν,</span> <span class='ocrx_word' id='word_1_386' title='bbox 1449 2997 1542 3050; x_wconf 72' lang='grc' dir='ltr'>καὶ</span> <span class='ocrx_word' id='word_1_387' title='bbox 1574 2993 1704 3048; x_wconf 80' lang='grc' dir='ltr'><strong><em>Υίοῦ</em></strong></span> <span class='ocrx_word' id='word_1_388' title='bbox 1738 2993 1874 3066; x_wconf 79' lang='grc' dir='ltr'>πρὸς</span> 
     </span>
    </p>
   </div>
   <div class='ocr_carea' id='block_1_47' title="bbox 275 3085 1868 3166">
    <p class='ocr_par' dir='ltr' id='par_1_47' title="bbox 275 3085 1868 3166">
     <span class='ocr_line' id='line_1_47' title="bbox 275 3085 1868 3166; baseline -0.01 -14"><span class='ocrx_word' id='word_1_389' title='bbox 275 3097 378 3152; x_wconf 80' lang='grc' dir='ltr'><strong><em>τὸν</em></strong></span> <span class='ocrx_word' id='word_1_390' title='bbox 416 3095 658 3166; x_wconf 85' lang='grc' dir='ltr'>Πατέρα,</span> <span class='ocrx_word' id='word_1_391' title='bbox 707 3093 892 3162; x_wconf 59' lang='grc' dir='ltr'>σαφῶς</span> <span class='ocrx_word' id='word_1_392' title='bbox 937 3089 1248 3161; x_wconf 77' lang='grc' dir='ltr'>ἀπεφάνθη.</span> <span class='ocrx_word' id='word_1_393' title='bbox 1279 3089 1389 3143; x_wconf 86' lang='lat' dir='ltr'><strong><em>Kal</em></strong></span> <span class='ocrx_word' id='word_1_394' title='bbox 1431 3085 1736 3142; x_wconf 74' lang='grc' dir='ltr'>διαλέλυται</span> <span class='ocrx_word' id='word_1_395' title='bbox 1777 3102 1868 3137; x_wconf 88' lang='grc' dir='ltr'><strong><em>σου</em></strong></span> 
     </span>
    </p>
   </div>
   <div class='ocr_carea' id='block_1_48' title="bbox 277 3181 1944 3289">
    <p class='ocr_par' dir='ltr' id='par_1_48' title="bbox 277 3181 1944 3289">
     <span class='ocr_line' id='line_1_48' title="bbox 277 3181 1944 3289; baseline -0.007 -46"><span class='ocrx_word' id='word_1_396' title='bbox 277 3192 318 3261; x_wconf 78' lang='grc' dir='ltr'><strong>ὴ</strong></span> <span class='ocrx_word' id='word_1_397' title='bbox 336 3191 486 3242; x_wconf 80' lang='grc' dir='ltr'>πᾶσα</span> <span class='ocrx_word' id='word_1_398' title='bbox 508 3188 611 3257; x_wconf 83' lang='grc' dir='ltr'>τῆς</span> <span class='ocrx_word' id='word_1_399' title='bbox 632 3187 838 3255; x_wconf 82' lang='grc' dir='ltr'>πλάνης</span> <span class='ocrx_word' id='word_1_400' title='bbox 859 3184 1276 3255; x_wconf 74' lang='grc' dir='ltr'>φρενοϐλάϐεια.</span> <span class='ocrx_word' id='word_1_401' title='bbox 1305 3183 1463 3236; x_wconf 85' lang='grc' dir='ltr'>Ἔστι</span> <span class='ocrx_word' id='word_1_402' title='bbox 1491 3181 1606 3282; x_wconf 69' lang='grc' dir='ltr'>γὰρ</span> <span class='ocrx_word' id='word_1_403' title='bbox 1629 3183 1655 3234; x_wconf 77' lang='grc' dir='ltr'>ὁ</span> <span class='ocrx_word' id='word_1_404' title='bbox 1681 3181 1872 3252; x_wconf 77' lang='grc' dir='ltr'>Πατὴρ</span> <span class='ocrx_word' id='word_1_405' title='bbox 1902 3233 1944 3289; x_wconf 79' lang='lat' dir='ltr'>c</span> 
     </span>
    </p>
   </div>
   <div class='ocr_carea' id='block_1_49' title="bbox 277 3271 1875 3352">
    <p class='ocr_par' dir='ltr' id='par_1_49' title="bbox 277 3271 1875 3352">
     <span class='ocr_line' id='line_1_49' title="bbox 277 3271 1875 3352; baseline -0.007 -17"><span class='ocrx_word' id='word_1_406' title='bbox 277 3279 498 3352; x_wconf 83' lang='grc' dir='ltr'>Πατὴρ,</span> <span class='ocrx_word' id='word_1_407' title='bbox 523 3278 711 3332; x_wconf 76' lang='grc' dir='ltr'>ἐστινὸ</span> <span class='ocrx_word' id='word_1_408' title='bbox 737 3276 864 3340; x_wconf 77' lang='grc' dir='ltr'>Υἱὸς</span> <span class='ocrx_word' id='word_1_409' title='bbox 888 3275 1036 3339; x_wconf 81' lang='grc' dir='ltr'>Υἱὸς,</span> <span class='ocrx_word' id='word_1_410' title='bbox 1059 3274 1174 3328; x_wconf 83' lang='grc' dir='ltr'>ἔστι</span> <span class='ocrx_word' id='word_1_411' title='bbox 1197 3273 1257 3327; x_wconf 71' lang='grc' dir='ltr'>τὸ</span> <span class='ocrx_word' id='word_1_412' title='bbox 1281 3273 1436 3342; x_wconf 83' lang='grc' dir='ltr'>ἆγιον</span> <span class='ocrx_word' id='word_1_413' title='bbox 1466 3271 1608 3326; x_wconf 74' lang='grc' dir='ltr'>Πνεῢ</span> <span class='ocrx_word' id='word_1_414' title='bbox 1619 3290 1694 3342; x_wconf 87' lang='grc' dir='ltr'><strong><em>μα</em></strong></span> <span class='ocrx_word' id='word_1_415' title='bbox 1723 3272 1875 3340; x_wconf 72' lang='grc' dir='ltr'>ἅγιον</span> 
     </span>
    </p>
   </div>
   <div class='ocr_carea' id='block_1_50' title="bbox 277 3361 1878 3440">
    <p class='ocr_par' dir='ltr' id='par_1_50' title="bbox 277 3361 1878 3440">
     <span class='ocr_line' id='line_1_50' title="bbox 277 3361 1878 3440; baseline -0.007 -15"><span class='ocrx_word' id='word_1_416' title='bbox 277 3369 533 3440; x_wconf 83' lang='grc' dir='ltr'>Πνεῦμα,</span> <span class='ocrx_word' id='word_1_417' title='bbox 571 3365 739 3438; x_wconf 73' lang='grc' dir='ltr'>Τριὰς</span> <span class='ocrx_word' id='word_1_418' title='bbox 762 3363 918 3430; x_wconf 77' lang='grc' dir='ltr'>οὖσα,</span> <span class='ocrx_word' id='word_1_419' title='bbox 947 3364 1047 3434; x_wconf 85' lang='grc' dir='ltr'><strong><em>μία</em></strong></span> <span class='ocrx_word' id='word_1_420' title='bbox 1066 3363 1256 3434; x_wconf 81' lang='grc' dir='ltr'>θεότης</span> <span class='ocrx_word' id='word_1_421' title='bbox 1277 3403 1289 3426; x_wconf 92' lang='grc'><strong><em>,</em></strong></span> <span class='ocrx_word' id='word_1_422' title='bbox 1321 3363 1417 3434; x_wconf 87' lang='grc' dir='ltr'><strong><em>μία</em></strong></span> <span class='ocrx_word' id='word_1_423' title='bbox 1444 3361 1740 3430; x_wconf 82' lang='grc' dir='ltr'>δοξολογία,</span> <span class='ocrx_word' id='word_1_424' title='bbox 1782 3361 1878 3432; x_wconf 86' lang='grc' dir='ltr'><strong><em>μία</em></strong></span> 
     </span>
    </p>
   </div>
   <div class='ocr_carea' id='block_1_51' title="bbox 278 3452 1878 3534">
    <p class='ocr_par' dir='ltr' id='par_1_51' title="bbox 278 3452 1878 3534">
     <span class='ocr_line' id='line_1_51' title="bbox 278 3452 1878 3534; baseline -0.008 -18"><span class='ocrx_word' id='word_1_425' title='bbox 278 3462 574 3534; x_wconf 69' lang='grc' dir='ltr'>κυριότης·</span> <span class='ocrx_word' id='word_1_426' title='bbox 614 3453 658 3526; x_wconf 79' lang='grc' dir='ltr'>ᾧ</span> <span class='ocrx_word' id='word_1_427' title='bbox 686 3457 834 3525; x_wconf 79' lang='grc' dir='ltr'>δόξα,</span> <span class='ocrx_word' id='word_1_428' title='bbox 859 3455 1013 3527; x_wconf 78' lang='grc' dir='ltr'>τιμὴ,</span> <span class='ocrx_word' id='word_1_429' title='bbox 1048 3456 1270 3526; x_wconf 73' lang='grc' dir='ltr'>κράτος,</span> <span class='ocrx_word' id='word_1_430' title='bbox 1301 3455 1476 3526; x_wconf 81' lang='grc' dir='ltr'>Πατρ“ι</span> <span class='ocrx_word' id='word_1_431' title='bbox 1504 3455 1560 3508; x_wconf 81' lang='grc' dir='ltr'><strong><em>ὲν</em></strong></span> <span class='ocrx_word' id='word_1_432' title='bbox 1588 3453 1724 3524; x_wconf 81' lang='grc' dir='ltr'>Υίῷ,</span> <span class='ocrx_word' id='word_1_433' title='bbox 1765 3452 1878 3525; x_wconf 82' lang='grc' dir='ltr'><strong><em>Υίῷ</em></strong></span> 
     </span>
    </p>
   </div>
   <div class='ocr_carea' id='block_1_52' title="bbox 279 3547 1874 3628">
    <p class='ocr_par' dir='ltr' id='par_1_52' title="bbox 279 3547 1874 3628">
     <span class='ocr_line' id='line_1_52' title="bbox 279 3547 1874 3628; baseline -0.006 -17"><span class='ocrx_word' id='word_1_434' title='bbox 279 3561 348 3611; x_wconf 70' lang='grc' dir='ltr'>ἐν</span> <span class='ocrx_word' id='word_1_435' title='bbox 374 3558 573 3628; x_wconf 74' lang='grc' dir='ltr'>Πατρὶ,</span> <span class='ocrx_word' id='word_1_436' title='bbox 611 3555 709 3608; x_wconf 68' lang='grc' dir='ltr'><strong><em>σὺν</em></strong></span> <span class='ocrx_word' id='word_1_437' title='bbox 742 3554 882 3624; x_wconf 82' lang='grc' dir='ltr'>ἁγίῳ</span> <span class='ocrx_word' id='word_1_438' title='bbox 906 3549 1216 3620; x_wconf 72' lang='grc' dir='ltr'>Πνεῦματι,</span> <span class='ocrx_word' id='word_1_439' title='bbox 1266 3551 1346 3616; x_wconf 84' lang='grc' dir='ltr'><strong><em>είς</em></strong></span> <span class='ocrx_word' id='word_1_440' title='bbox 1385 3549 1588 3614; x_wconf 78' lang='grc' dir='ltr'>αἰῶνας</span> <span class='ocrx_word' id='word_1_441' title='bbox 1641 3547 1874 3602; x_wconf 82' lang='grc' dir='ltr'>αἰώνων.</span> 
     </span>
    </p>
   </div>
   <div class='ocr_carea' id='block_1_53' title="bbox 291 3650 490 3722">
    <p class='ocr_par' dir='ltr' id='par_1_53' title="bbox 291 3650 490 3722">
     <span class='ocr_line' id='line_1_53' title="bbox 291 3650 490 3722; baseline -0.005 -17"><span class='ocrx_word' id='word_1_442' title='bbox 291 3650 490 3722; x_wconf 73' lang='grc' dir='ltr'><strong><em>⁹Δμήν.</em></strong></span> 
     </span>
    </p>
   </div>
   <div class='ocr_carea' id='block_1_54' title="bbox 357 3837 1876 3915">
    <p class='ocr_par' dir='ltr' id='par_1_54' title="bbox 357 3837 1876 3915">
     <span class='ocr_line' id='line_1_54' title="bbox 357 3837 1876 3915; baseline -0.005 -16"><span class='ocrx_word' id='word_1_443' title='bbox 357 3843 576 3915; x_wconf 80' lang='grc' dir='ltr'>Ταύτην</span> <span class='ocrx_word' id='word_1_444' title='bbox 625 3843 682 3898; x_wconf 74' lang='grc' dir='ltr'>δὲ</span> <span class='ocrx_word' id='word_1_445' title='bbox 725 3843 888 3897; x_wconf 87' lang='grc' dir='ltr'>πάλιν</span> <span class='ocrx_word' id='word_1_446' title='bbox 938 3841 1036 3914; x_wconf 81' lang='grc' dir='ltr'>τὴν</span> <span class='ocrx_word' id='word_1_447' title='bbox 1087 3841 1300 3912; x_wconf 82' lang='grc' dir='ltr'>αἵρεσιν</span> <span class='ocrx_word' id='word_1_448' title='bbox 1343 3838 1586 3910; x_wconf 75' lang='grc' dir='ltr'>ὡσπερεὶ</span> <span class='ocrx_word' id='word_1_449' title='bbox 1624 3837 1876 3912; x_wconf 80' lang='grc' dir='ltr'>λύόην,ῆ</span> 
     </span>
    </p>
   </div>
   <div class='ocr_carea' id='block_1_55' title="bbox 279 3929 1876 4010">
    <p class='ocr_par' dir='ltr' id='par_1_55' title="bbox 279 3929 1876 4010">
     <span class='ocr_line' id='line_1_55' title="bbox 279 3929 1876 4010; baseline -0.004 -21"><span class='ocrx_word' id='word_1_450' title='bbox 279 3935 574 4010; x_wconf 82' lang='grc' dir='ltr'>μόλουρον,</span> <span class='ocrx_word' id='word_1_451' title='bbox 613 3933 646 4005; x_wconf 84' lang='grc' dir='ltr'><strong>ἦ</strong></span> <span class='ocrx_word' id='word_1_452' title='bbox 691 3933 883 4000; x_wconf 76' lang='grc' dir='ltr'>ἔλοπα,</span> <span class='ocrx_word' id='word_1_453' title='bbox 912 3933 945 4005; x_wconf 78' lang='grc' dir='ltr'>ἢ</span> <span class='ocrx_word' id='word_1_454' title='bbox 973 3934 1032 3988; x_wconf 79' lang='grc' dir='ltr'>ἓν</span> <span class='ocrx_word' id='word_1_455' title='bbox 1068 3951 1122 3986; x_wconf 85' lang='grc' dir='ltr'><strong><em>τι</em></strong></span> <span class='ocrx_word' id='word_1_456' title='bbox 1161 3931 1270 3986; x_wconf 85' lang='grc' dir='ltr'><strong><em>τῶν</em></strong></span> <span class='ocrx_word' id='word_1_457' title='bbox 1305 3929 1552 4003; x_wconf 81' lang='grc' dir='ltr'><strong><em>ἑρπετῶν</em></strong></span> <span class='ocrx_word' id='word_1_458' title='bbox 1583 3929 1692 3984; x_wconf 84' lang='grc' dir='ltr'><strong><em>τῶν</em></strong></span> <span class='ocrx_word' id='word_1_459' title='bbox 1717 3929 1876 4000; x_wconf 79' lang='grc' dir='ltr'>φοϐε-</span> 
     </span>
    </p>
   </div>
   <div class='ocr_carea' id='block_1_56' title="bbox 279 4023 1876 4102">
    <p class='ocr_par' dir='ltr' id='par_1_56' title="bbox 279 4023 1876 4102">
     <span class='ocr_line' id='line_1_56' title="bbox 279 4023 1876 4102; baseline -0.004 -19"><span class='ocrx_word' id='word_1_460' title='bbox 279 4029 568 4102; x_wconf 82' lang='grc' dir='ltr'>ρωτάτων,</span> <span class='ocrx_word' id='word_1_461' title='bbox 593 4027 654 4081; x_wconf 88' lang='grc' dir='ltr'>οὐ</span> <span class='ocrx_word' id='word_1_462' title='bbox 695 4027 803 4100; x_wconf 78' lang='grc' dir='ltr'>μὴν</span> <span class='ocrx_word' id='word_1_463' title='bbox 861 4026 917 4080; x_wconf 81' lang='grc' dir='ltr'>δὲ</span> <span class='ocrx_word' id='word_1_464' title='bbox 956 4025 1270 4098; x_wconf 83' lang='grc' dir='ltr'>δυναμένων</span> <span class='ocrx_word' id='word_1_465' title='bbox 1305 4023 1396 4078; x_wconf 82' lang='grc' dir='ltr'>διὰ</span> <span class='ocrx_word' id='word_1_466' title='bbox 1425 4023 1720 4095; x_wconf 82' lang='grc' dir='ltr'><strong><em>δηγμάτων</em></strong></span> <span class='ocrx_word' id='word_1_467' title='bbox 1748 4023 1876 4094; x_wconf 83' lang='grc' dir='ltr'>βλά-</span> 
     </span>
    </p>
   </div>
   <div class='ocr_carea' id='block_1_57' title="bbox 277 4115 1876 4189">
    <p class='ocr_par' dir='ltr' id='par_1_57' title="bbox 277 4115 1876 4189">
     <span class='ocr_line' id='line_1_57' title="bbox 277 4115 1876 4189; baseline -0.003 -15"><span class='ocrx_word' id='word_1_468' title='bbox 277 4136 465 4186; x_wconf 84' lang='grc' dir='ltr'>πτειν,</span> <span class='ocrx_word' id='word_1_469' title='bbox 505 4119 949 4189; x_wconf 84' lang='grc' dir='ltr'>ἁποσεισάμενοι,</span> <span class='ocrx_word' id='word_1_470' title='bbox 989 4119 1084 4172; x_wconf 77' lang='grc' dir='ltr'><strong><em>καὶ</em></strong></span> <span class='ocrx_word' id='word_1_471' title='bbox 1111 4116 1340 4187; x_wconf 80' lang='grc' dir='ltr'>δυνάμει</span> <span class='ocrx_word' id='word_1_472' title='bbox 1371 4115 1472 4187; x_wconf 83' lang='grc' dir='ltr'>τῆς</span> <span class='ocrx_word' id='word_1_473' title='bbox 1512 4115 1678 4184; x_wconf 82' lang='grc' dir='ltr'>ἁγίας</span> <span class='ocrx_word' id='word_1_474' title='bbox 1707 4115 1876 4185; x_wconf 87' lang='grc' dir='ltr'>Τριά-</span> 
     </span>
    </p>
   </div>
   <div class='ocr_carea' id='block_1_58' title="bbox 274 4205 1868 4280">
    <p class='ocr_par' dir='ltr' id='par_1_58' title="bbox 274 4205 1868 4280">
     <span class='ocr_line' id='line_1_58' title="bbox 274 4205 1868 4280; baseline -0.004 -17"><span class='ocrx_word' id='word_1_475' title='bbox 274 4209 375 4272; x_wconf 83' lang='grc' dir='ltr'><strong><em>δος</em></strong></span> <span class='ocrx_word' id='word_1_476' title='bbox 431 4207 976 4280; x_wconf 85' lang='grc' dir='ltr'>καταπεπατηκότες,</span> <span class='ocrx_word' id='word_1_477' title='bbox 1013 4207 1106 4262; x_wconf 74' lang='grc' dir='ltr'><strong><em>ἐπὶ</em></strong></span> <span class='ocrx_word' id='word_1_478' title='bbox 1156 4205 1254 4270; x_wconf 83' lang='grc' dir='ltr'>τὰς</span> <span class='ocrx_word' id='word_1_479' title='bbox 1299 4205 1426 4276; x_wconf 76' lang='grc' dir='ltr'>ἑξῆς</span> <span class='ocrx_word' id='word_1_480' title='bbox 1465 4206 1868 4278; x_wconf 79' lang='grc' dir='ltr'>προϐαίνοντες.</span> 
     </span>
    </p>
   </div>
   <div class='ocr_carea' id='block_1_59' title="bbox 274 4298 1873 4373">
    <p class='ocr_par' dir='ltr' id='par_1_59' title="bbox 274 4298 1873 4373">
     <span class='ocr_line' id='line_1_59' title="bbox 274 4298 1873 4373; baseline -0.004 -18"><span class='ocrx_word' id='word_1_481' title='bbox 274 4301 450 4356; x_wconf 82' lang='grc' dir='ltr'>αὐτὸν</span> <span class='ocrx_word' id='word_1_482' title='bbox 491 4299 944 4372; x_wconf 80' lang='grc' dir='ltr'>έπικαλεσὼμεθα</span> <span class='ocrx_word' id='word_1_483' title='bbox 991 4300 1210 4373; x_wconf 85' lang='grc' dir='ltr'>ἀρωγὸν</span> <span class='ocrx_word' id='word_1_484' title='bbox 1241 4300 1341 4372; x_wconf 82' lang='grc' dir='ltr'>τῆς</span> <span class='ocrx_word' id='word_1_485' title='bbox 1371 4299 1648 4371; x_wconf 78' lang='grc' dir='ltr'>ἡμετέρας</span> <span class='ocrx_word' id='word_1_486' title='bbox 1682 4298 1873 4362; x_wconf 85' lang='grc' dir='ltr'>πενίας</span> 
     </span>
    </p>
   </div>
   <div class='ocr_carea' id='block_1_60' title="bbox 273 4389 1874 4466">
    <p class='ocr_par' dir='ltr' id='par_1_60' title="bbox 273 4389 1874 4466">
     <span class='ocr_line' id='line_1_60' title="bbox 273 4389 1874 4466; baseline -0.004 -18"><span class='ocrx_word' id='word_1_487' title='bbox 273 4412 346 4450; x_wconf 81' lang='grc' dir='ltr'><strong><em>τε</em></strong></span> <span class='ocrx_word' id='word_1_488' title='bbox 366 4394 462 4447; x_wconf 80' lang='grc' dir='ltr'>καὶ</span> <span class='ocrx_word' id='word_1_489' title='bbox 487 4393 845 4466; x_wconf 79' lang='grc' dir='ltr'>βραχύτητος,</span> <span class='ocrx_word' id='word_1_490' title='bbox 882 4395 962 4456; x_wconf 88' lang='grc' dir='ltr'>εἰς</span> <span class='ocrx_word' id='word_1_491' title='bbox 990 4393 1052 4447; x_wconf 87' lang='grc' dir='ltr'><strong><em>τὸ</em></strong></span> <span class='ocrx_word' id='word_1_492' title='bbox 1087 4393 1254 4460; x_wconf 79' lang='grc' dir='ltr'>ἀξίως</span> <span class='ocrx_word' id='word_1_493' title='bbox 1290 4391 1360 4446; x_wconf 81' lang='grc' dir='ltr'>τὰ</span> <span class='ocrx_word' id='word_1_494' title='bbox 1391 4391 1519 4462; x_wconf 80' lang='grc' dir='ltr'>παρ’</span> <span class='ocrx_word' id='word_1_495' title='bbox 1552 4391 1760 4463; x_wconf 79' lang='grc' dir='ltr'>ἑκάστῃ</span> <span class='ocrx_word' id='word_1_496' title='bbox 1789 4389 1874 4442; x_wconf 82' lang='grc' dir='ltr'>λε-</span> 
     </span>
    </p>
   </div>
   <div class='ocr_carea' id='block_1_61' title="bbox 274 4481 1872 4558">
    <p class='ocr_par' dir='ltr' id='par_1_61' title="bbox 274 4481 1872 4558">
     <span class='ocr_line' id='line_1_61' title="bbox 274 4481 1872 4558; baseline -0.003 -19"><span class='ocrx_word' id='word_1_497' title='bbox 274 4487 493 4558; x_wconf 81' lang='grc' dir='ltr'>γόμενὰ</span> <span class='ocrx_word' id='word_1_498' title='bbox 521 4503 582 4538; x_wconf 85' lang='grc' dir='ltr'><strong><em>τε</em></strong></span> <span class='ocrx_word' id='word_1_499' title='bbox 611 4487 707 4539; x_wconf 81' lang='grc' dir='ltr'>καὶ</span> <span class='ocrx_word' id='word_1_500' title='bbox 739 4485 1016 4558; x_wconf 83' lang='grc' dir='ltr'>γινόμενα,</span> <span class='ocrx_word' id='word_1_501' title='bbox 1059 4485 1151 4538; x_wconf 79' lang='grc' dir='ltr'>καὶ</span> <span class='ocrx_word' id='word_1_502' title='bbox 1178 4483 1280 4538; x_wconf 66' lang='grc' dir='ltr'><strong><em>τὶτν</em></strong></span> <span class='ocrx_word' id='word_1_503' title='bbox 1319 4482 1525 4540; x_wconf 82' lang='grc' dir='ltr'>τούτων</span> <span class='ocrx_word' id='word_1_504' title='bbox 1553 4481 1872 4554; x_wconf 74' lang='grc' dir='ltr'>ἀντίρρησιν</span> 
     </span>
    </p>
   </div>
   <div class='ocr_carea' id='block_1_62' title="bbox 271 4575 925 4648">
    <p class='ocr_par' dir='ltr' id='par_1_62' title="bbox 271 4575 925 4648">
     <span class='ocr_line' id='line_1_62' title="bbox 271 4575 925 4648; baseline -0.006 -14"><span class='ocrx_word' id='word_1_505' title='bbox 271 4576 617 4648; x_wconf 80' lang='grc' dir='ltr'>ποιήσασθαι</span> <span class='ocrx_word' id='word_1_506' title='bbox 646 4575 925 4648; x_wconf 76' lang='grc' dir='ltr'>βοηοῆναι.</span> 
     </span>
    </p>
   </div>
   <div class='ocr_carea' id='block_1_63' title="bbox 720 4832 1438 4900">
    <p class='ocr_par' dir='ltr' id='par_1_63' title="bbox 720 4832 1438 4900">
     <span class='ocr_line' id='line_1_63' title="bbox 720 4832 1438 4900; baseline -0.003 -11"><span class='ocrx_word' id='word_1_507' title='bbox 720 4835 906 4889; x_wconf 75' lang='grc' dir='ltr'><strong><em>ΚΑΤΑ</em></strong></span> <span class='ocrx_word' id='word_1_508' title='bbox 953 4832 1438 4900; x_wconf 82' lang='grc' dir='ltr'><strong><em>ΩΡΠἙΝΙΑΝΩΝ,</em></strong></span> 
     </span>
    </p>
   </div>
   <div class='ocr_carea' id='block_1_64' title="bbox 276 4966 1866 5038">
    <p class='ocr_par' dir='ltr' id='par_1_64' title="bbox 276 4966 1866 5038">
     <span class='ocr_line' id='line_1_64' title="bbox 276 4966 1866 5038; baseline 0 -14"><span class='ocrx_word' id='word_1_509' title='bbox 276 4967 416 5024; x_wconf 69' lang='grc' dir='ltr'><strong><em>Τῶν</em></strong></span> <span class='ocrx_word' id='word_1_510' title='bbox 441 4967 704 5038; x_wconf 75' lang='grc' dir='ltr'>πρώτων,</span> <span class='ocrx_word' id='word_1_511' title='bbox 743 4966 864 5021; x_wconf 76' lang='grc' dir='ltr'><strong><em>τῶν</em></strong></span> <span class='ocrx_word' id='word_1_512' title='bbox 905 4968 1005 5021; x_wconf 77' lang='grc' dir='ltr'><strong><em>καὶ</em></strong></span> <span class='ocrx_word' id='word_1_513' title='bbox 1052 4967 1342 5038; x_wconf 79' lang='grc' dir='ltr'>αἰσχρῶν,</span> <span class='ocrx_word' id='word_1_514' title='bbox 1396 4969 1866 5038; x_wconf 77' lang='grc' dir='ltr'>τεσσαρακοστὴ</span> 
     </span>
    </p>
   </div>
   <div class='ocr_carea' id='block_1_65' title="bbox 591 5038 1552 5108">
    <p class='ocr_par' dir='ltr' id='par_1_65' title="bbox 591 5038 1552 5108">
     <span class='ocr_line' id='line_1_65' title="bbox 591 5038 1552 5108; baseline 0.004 -16"><span class='ocrx_word' id='word_1_515' title='bbox 591 5040 780 5108; x_wconf 78' lang='grc' dir='ltr'>τρίτη,</span> <span class='ocrx_word' id='word_1_516' title='bbox 813 5039 852 5106; x_wconf 81' lang='grc' dir='ltr'><strong><em>ἡ</em></strong></span> <span class='ocrx_word' id='word_1_517' title='bbox 881 5038 980 5092; x_wconf 79' lang='grc' dir='ltr'><strong><em>καὶ</em></strong></span> <span class='ocrx_word' id='word_1_518' title='bbox 1015 5039 1322 5108; x_wconf 75' lang='grc' dir='ltr'><strong><em>ἐξηκοστὴ</em></strong></span> <span class='ocrx_word' id='word_1_519' title='bbox 1362 5041 1552 5108; x_wconf 81' lang='grc' dir='ltr'>τρίτη.</span> 
     </span>
    </p>
   </div>
   <div class='ocr_carea' id='block_1_66' title="bbox 353 5171 1864 5242">
    <p class='ocr_par' dir='ltr' id='par_1_66' title="bbox 353 5171 1864 5242">
     <span class='ocr_line' id='line_1_66' title="bbox 353 5171 1864 5242; baseline 0.005 -18"><span class='ocrx_word' id='word_1_520' title='bbox 353 5173 433 5225; x_wconf 80' lang='grc' dir='ltr'><strong><em>Α’.</em></strong></span> <span class='ocrx_word' id='word_1_521' title='bbox 477 5171 762 5242; x_wconf 74' lang='grc' dir='ltr'>Ὡριγένιοι</span> <span class='ocrx_word' id='word_1_522' title='bbox 789 5171 1080 5228; x_wconf 80' lang='grc' dir='ltr'>καλοῦνταί</span> <span class='ocrx_word' id='word_1_523' title='bbox 1107 5191 1270 5238; x_wconf 87' lang='grc' dir='ltr'>τινες,</span> <span class='ocrx_word' id='word_1_524' title='bbox 1299 5175 1358 5228; x_wconf 80' lang='grc' dir='ltr'>οὐ</span> <span class='ocrx_word' id='word_1_525' title='bbox 1382 5177 1548 5230; x_wconf 70' lang='grc' dir='ltr'>παντὶ</span> <span class='ocrx_word' id='word_1_526' title='bbox 1581 5178 1596 5208; x_wconf 77' lang='grc'>⁸</span> <span class='ocrx_word' id='word_1_527' title='bbox 1628 5175 1685 5231; x_wconf 83' lang='grc' dir='ltr'>δὲ</span> <span class='ocrx_word' id='word_1_528' title='bbox 1712 5177 1864 5233; x_wconf 80' lang='grc' dir='ltr'>τοῦτο</span> 
     </span>
    </p>
   </div>
   <div class='ocr_carea' id='block_1_67' title="bbox 268 5261 1868 5338">
    <p class='ocr_par' dir='ltr' id='par_1_67' title="bbox 268 5261 1868 5338">
     <span class='ocr_line' id='line_1_67' title="bbox 268 5261 1868 5338; baseline 0.002 -18"><span class='ocrx_word' id='word_1_529' title='bbox 268 5263 345 5320; x_wconf 69' lang='grc' dir='ltr'>τὸ</span> <span class='ocrx_word' id='word_1_530' title='bbox 376 5263 530 5333; x_wconf 73' lang='grc' dir='ltr'>γένος</span> <span class='ocrx_word' id='word_1_531' title='bbox 583 5263 836 5336; x_wconf 81' lang='grc' dir='ltr'>ὑπάρχει.</span> <span class='ocrx_word' id='word_1_532' title='bbox 881 5263 1134 5336; x_wconf 78' lang='grc' dir='ltr'>Καθεξῆς</span> <span class='ocrx_word' id='word_1_533' title='bbox 1181 5265 1260 5331; x_wconf 78' lang='grc' dir='ltr'><strong><em>δὲ,</em></strong></span> <span class='ocrx_word' id='word_1_534' title='bbox 1308 5261 1484 5338; x_wconf 72' lang='grc' dir='ltr'>οἶμαι,</span> <span class='ocrx_word' id='word_1_535' title='bbox 1515 5267 1723 5322; x_wconf 85' lang='grc' dir='ltr'>τούτων</span> <span class='ocrx_word' id='word_1_536' title='bbox 1758 5269 1868 5323; x_wconf 87' lang='grc' dir='ltr'><strong><em>τῶν</em></strong></span> 
     </span>
    </p>
   </div>
   <div class='ocr_carea' id='block_1_68' title="bbox 267 5353 1867 5430">
    <p class='ocr_par' dir='ltr' id='par_1_68' title="bbox 267 5353 1867 5430">
     <span class='ocr_line' id='line_1_68' title="bbox 267 5353 1867 5430; baseline 0.002 -20"><span class='ocrx_word' id='word_1_537' title='bbox 267 5355 546 5424; x_wconf 79' lang='grc' dir='ltr'>αἱρέσεων</span> <span class='ocrx_word' id='word_1_538' title='bbox 573 5355 668 5408; x_wconf 71' lang='grc' dir='ltr'>καὶ</span> <span class='ocrx_word' id='word_1_539' title='bbox 698 5353 837 5425; x_wconf 74' lang='grc' dir='ltr'>αὕτη</span> <span class='ocrx_word' id='word_1_540' title='bbox 869 5356 902 5426; x_wconf 85' lang='grc' dir='ltr'><strong>ή</strong></span> <span class='ocrx_word' id='word_1_541' title='bbox 931 5353 1253 5428; x_wconf 78' lang='grc' dir='ltr'>δηλουμένη.</span> <span class='ocrx_word' id='word_1_542' title='bbox 1287 5357 1597 5413; x_wconf 82' lang='grc' dir='ltr'>Καλοῦνται</span> <span class='ocrx_word' id='word_1_543' title='bbox 1624 5359 1681 5412; x_wconf 76' lang='grc' dir='ltr'>δὲ</span> <span class='ocrx_word' id='word_1_544' title='bbox 1719 5361 1867 5430; x_wconf 82' lang='grc' dir='ltr'>Ὠρι-</span> 
     </span>
    </p>
   </div>
   <div class='ocr_carea' id='block_1_69' title="bbox 269 5446 1864 5524">
    <p class='ocr_par' dir='ltr' id='par_1_69' title="bbox 269 5446 1864 5524">
     <span class='ocr_line' id='line_1_69' title="bbox 269 5446 1864 5524; baseline 0.005 -25"><span class='ocrx_word' id='word_1_545' title='bbox 269 5446 452 5517; x_wconf 81' lang='grc' dir='ltr'>γένιοι</span> <span class='ocrx_word' id='word_1_546' title='bbox 473 5463 486 5476; x_wconf 88' lang='grc'><strong>·</strong></span> <span class='ocrx_word' id='word_1_547' title='bbox 535 5447 598 5499; x_wconf 77' lang='grc' dir='ltr'>οὐ</span> <span class='ocrx_word' id='word_1_548' title='bbox 619 5447 762 5501; x_wconf 83' lang='grc' dir='ltr'>πάνυ</span> <span class='ocrx_word' id='word_1_549' title='bbox 809 5447 866 5500; x_wconf 84' lang='grc' dir='ltr'>δὲ</span> <span class='ocrx_word' id='word_1_550' title='bbox 895 5447 1081 5518; x_wconf 82' lang='grc' dir='ltr'>σαφῶς</span> <span class='ocrx_word' id='word_1_551' title='bbox 1123 5448 1282 5521; x_wconf 77' lang='grc' dir='ltr'>ἴσμεν</span> <span class='ocrx_word' id='word_1_552' title='bbox 1305 5450 1450 5515; x_wconf 86' lang='grc' dir='ltr'>τίνος</span> <span class='ocrx_word' id='word_1_553' title='bbox 1472 5451 1654 5517; x_wconf 71' lang='grc' dir='ltr'>ἕνεκα,</span> <span class='ocrx_word' id='word_1_554' title='bbox 1692 5451 1725 5524; x_wconf 80' lang='grc' dir='ltr'>ἦ</span> <span class='ocrx_word' id='word_1_555' title='bbox 1754 5453 1864 5506; x_wconf 76' lang='grc' dir='ltr'><strong><em>ἀπὸ</em></strong></span> 
     </span>
    </p>
   </div>
   <div class='ocr_carea' id='block_1_70' title="bbox 285 5537 1869 5616">
    <p class='ocr_par' dir='ltr' id='par_1_70' title="bbox 285 5537 1869 5616">
     <span class='ocr_line' id='line_1_70' title="bbox 285 5537 1869 5616; baseline 0.004 -24"><span class='ocrx_word' id='word_1_556' title='bbox 285 5537 603 5610; x_wconf 76' lang='grc' dir='ltr'>Ὦριγένους</span> <span class='ocrx_word' id='word_1_557' title='bbox 651 5537 746 5592; x_wconf 81' lang='grc' dir='ltr'>τοῦ</span> <span class='ocrx_word' id='word_1_558' title='bbox 800 5538 1180 5612; x_wconf 84' lang='grc' dir='ltr'>Ἀδαμαντίου,</span> <span class='ocrx_word' id='word_1_559' title='bbox 1225 5541 1559 5614; x_wconf 82' lang='grc' dir='ltr'>καλουμένου</span> <span class='ocrx_word' id='word_1_560' title='bbox 1599 5544 1700 5616; x_wconf 29' lang='grc' dir='ltr'>,τοῦ</span> <span class='ocrx_word' id='word_1_561' title='bbox 1733 5546 1869 5600; x_wconf 85' lang='grc' dir='ltr'>Συν-</span> 
     </span>
    </p>
   </div>
   <div class='ocr_carea' id='block_1_71' title="bbox 357 5735 718 5808">
    <p class='ocr_par' dir='ltr' id='par_1_71' title="bbox 357 5735 718 5808">
     <span class='ocr_line' id='line_1_71' title="bbox 357 5735 718 5808; baseline 0.008 -19"><span class='ocrx_word' id='word_1_562' title='bbox 357 5741 372 5808; x_wconf 64' lang='grc' dir='ltr'><strong>ξ</strong></span> <span class='ocrx_word' id='word_1_563' title='bbox 405 5735 465 5792; x_wconf 81' lang='lat' dir='ltr'><strong><em>F.</em></strong></span> <span class='ocrx_word' id='word_1_564' title='bbox 519 5737 718 5808; x_wconf 83' lang='grc' dir='ltr'>πάντη.</span> 
     </span>
    </p>
   </div>
   <div class='ocr_carea' id='block_1_72' title="bbox 818 5737 2242 5808">
    <p class='ocr_par' dir='ltr' id='par_1_72' title="bbox 818 5737 2242 5808">
     <span class='ocr_line' id='line_1_72' title="bbox 818 5737 2242 5808; baseline 0.006 -16"><span class='ocrx_word' id='word_1_565' title='bbox 818 5739 838 5770; x_wconf 82' lang='grc'><strong>’</strong></span> <span class='ocrx_word' id='word_1_566' title='bbox 877 5737 1073 5808; x_wconf 81' lang='lat' dir='ltr'><strong><em>Ephes.</em></strong></span> <span class='ocrx_word' id='word_1_567' title='bbox 1119 5755 1191 5804; x_wconf 84' lang='lat' dir='ltr'><strong><em>tv,</em></strong></span> <span class='ocrx_word' id='word_1_568' title='bbox 1225 5741 1311 5807; x_wconf 84' lang='lat' dir='ltr'><strong><em>I0;</em></strong></span> <span class='ocrx_word' id='word_1_569' title='bbox 1368 5758 1405 5801; x_wconf 85' lang='grc' dir='ltr'><strong><em>ι.</em></strong></span> <span class='ocrx_word' id='word_1_570' title='bbox 1433 5741 1524 5796; x_wconf 75' lang='grc'><strong><em>21.</em></strong></span> <span class='ocrx_word' id='word_1_571' title='bbox 1605 5742 1626 5773; x_wconf 84' lang='grc'>³</span> <span class='ocrx_word' id='word_1_572' title='bbox 1680 5744 1784 5797; x_wconf 88' lang='lat' dir='ltr'><strong><em>Isa.</em></strong></span> <span class='ocrx_word' id='word_1_573' title='bbox 1819 5759 1965 5808; x_wconf 69' lang='grc' dir='ltr'>των,</span> <span class='ocrx_word' id='word_1_574' title='bbox 2007 5745 2062 5798; x_wconf 85' lang='grc'>6.</span> <span class='ocrx_word' id='word_1_575' title='bbox 2143 5750 2166 5776; x_wconf 78' lang='grc'><strong>⁸</strong></span> <span class='ocrx_word' id='word_1_576' title='bbox 2199 5746 2242 5800; x_wconf 84' lang='grc' dir='ltr'>Α</span> 
     </span>
    </p>
   </div>
   <div class='ocr_carea' id='block_1_73' title="bbox 1978 1984 3574 2057">
    <p class='ocr_par' dir='ltr' id='par_1_73' title="bbox 1978 1984 3574 2057">
     <span class='ocr_line' id='line_1_73' title="bbox 1978 1984 3574 2057; baseline 0.003 -19"><span class='ocrx_word' id='word_1_577' title='bbox 1978 1984 2172 2039; x_wconf 86' lang='lat' dir='ltr'><strong><em>Filium</em></strong></span> <span class='ocrx_word' id='word_1_578' title='bbox 2220 2001 2348 2041; x_wconf 89' lang='lat' dir='ltr'><strong><em>vero</em></strong></span> <span class='ocrx_word' id='word_1_579' title='bbox 2394 2000 2516 2041; x_wconf 85' lang='lat' dir='ltr'><strong><em>esse</em></strong></span> <span class='ocrx_word' id='word_1_580' title='bbox 2564 1987 2806 2057; x_wconf 77' lang='lat' dir='ltr'><strong><em>quidem,</em></strong></span> <span class='ocrx_word' id='word_1_581' title='bbox 2841 2004 2950 2042; x_wconf 89' lang='lat' dir='ltr'><strong><em>non</em></strong></span> <span class='ocrx_word' id='word_1_582' title='bbox 3007 1998 3186 2042; x_wconf 86' lang='lat' dir='ltr'><strong><em>tamen</em></strong></span> <span class='ocrx_word' id='word_1_583' title='bbox 3220 2004 3432 2055; x_wconf 84' lang='lat' dir='ltr'><strong><em>verum,</em></strong></span> <span class='ocrx_word' id='word_1_584' title='bbox 3469 1989 3574 2043; x_wconf 87' lang='lat' dir='ltr'><strong><em>a&#39;ia</em></strong></span> 
     </span>
    </p>
   </div>
   <div class='ocr_carea' id='block_1_74' title="bbox 1989 2075 3573 2148">
    <p class='ocr_par' dir='ltr' id='par_1_74' title="bbox 1989 2075 3573 2148">
     <span class='ocr_line' id='line_1_74' title="bbox 1989 2075 3573 2148; baseline 0.001 -19"><span class='ocrx_word' id='word_1_585' title='bbox 1989 2075 2136 2129; x_wconf 82' lang='lat' dir='ltr'><strong><em>hunc</em></strong></span> <span class='ocrx_word' id='word_1_586' title='bbox 2167 2077 2378 2130; x_wconf 66' lang='lat' dir='ltr'><strong><em>ratione</em></strong></span> <span class='ocrx_word' id='word_1_587' title='bbox 2405 2075 2702 2142; x_wconf 84' lang='lat' dir='ltr'><strong><em>convincit,</em></strong></span> <span class='ocrx_word' id='word_1_588' title='bbox 2735 2075 2863 2131; x_wconf 89' lang='lat' dir='ltr'><strong><em>dum</em></strong></span> <span class='ocrx_word' id='word_1_589' title='bbox 2899 2077 2971 2130; x_wconf 88' lang='lat' dir='ltr'><strong><em>ita</em></strong></span> <span class='ocrx_word' id='word_1_590' title='bbox 3003 2076 3242 2146; x_wconf 84' lang='lat' dir='ltr'><strong><em>loquitur</em></strong></span> <span class='ocrx_word' id='word_1_591' title='bbox 3271 2097 3283 2130; x_wconf 89' lang='lat'><strong>:</strong></span> <span class='ocrx_word' id='word_1_592' title='bbox 3315 2081 3430 2148; x_wconf 87' lang='lat' dir='ltr'><strong><em>Ego</em></strong></span> <span class='ocrx_word' id='word_1_593' title='bbox 3457 2094 3573 2132; x_wconf 86' lang='lat' dir='ltr'><strong><em>sum</em></strong></span> 
     </span>
    </p>
   </div>
   <div class='ocr_carea' id='block_1_75' title="bbox 1980 2163 3577 2236">
    <p class='ocr_par' dir='ltr' id='par_1_75' title="bbox 1980 2163 3577 2236">
     <span class='ocr_line' id='line_1_75' title="bbox 1980 2163 3577 2236; baseline 0.002 -17"><span class='ocrx_word' id='word_1_594' title='bbox 1980 2163 2074 2219; x_wconf 77' lang='lat' dir='ltr'><strong><em>lux</em></strong></span> <span class='ocrx_word' id='word_1_595' title='bbox 2119 2181 2280 2230; x_wconf 72' lang='lat' dir='ltr'><strong><em>cera,</em></strong></span> <span class='ocrx_word' id='word_1_596' title='bbox 2334 2181 2452 2236; x_wconf 76' lang='lat' dir='ltr'><strong><em>qum</em></strong></span> <span class='ocrx_word' id='word_1_597' title='bbox 2473 2165 2744 2220; x_wconf 80' lang='lat' dir='ltr'><strong><em>illuminat</em></strong></span> <span class='ocrx_word' id='word_1_598' title='bbox 2807 2184 3011 2221; x_wconf 86' lang='lat' dir='ltr'><strong><em>omnem</em></strong></span> <span class='ocrx_word' id='word_1_599' title='bbox 3068 2169 3326 2222; x_wconf 76' lang='lat' dir='ltr'><strong><em>hominem</em></strong></span> <span class='ocrx_word' id='word_1_600' title='bbox 3378 2170 3577 2222; x_wconf 79' lang='lat' dir='ltr'><strong><em>venim-</em></strong></span> 
     </span>
    </p>
   </div>
   <div class='ocr_carea' id='block_1_76' title="bbox 2001 2255 3571 2331">
    <p class='ocr_par' dir='ltr' id='par_1_76' title="bbox 2001 2255 3571 2331">
     <span class='ocr_line' id='line_1_76' title="bbox 2001 2255 3571 2331; baseline 0.005 -23"><span class='ocrx_word' id='word_1_601' title='bbox 2001 2265 2100 2310; x_wconf 86' lang='lat' dir='ltr'><strong><em>tem</em></strong></span> <span class='ocrx_word' id='word_1_602' title='bbox 2131 2257 2184 2310; x_wconf 88' lang='lat' dir='ltr'><strong><em>iu</em></strong></span> <span class='ocrx_word' id='word_1_603' title='bbox 2211 2255 2346 2309; x_wconf 79' lang='lat' dir='ltr'><strong><em>hunc</em></strong></span> <span class='ocrx_word' id='word_1_604' title='bbox 2374 2256 2623 2310; x_wconf 81' lang='lat' dir='ltr'><strong><em>mundum</em></strong></span> <span class='ocrx_word' id='word_1_605' title='bbox 2647 2259 2690 2312; x_wconf 74' lang='grc' dir='ltr'>ο.</span> <span class='ocrx_word' id='word_1_606' title='bbox 2736 2256 2810 2312; x_wconf 87' lang='lat' dir='ltr'><strong><em>De</em></strong></span> <span class='ocrx_word' id='word_1_607' title='bbox 2838 2257 2998 2312; x_wconf 83' lang='lat' dir='ltr'><strong><em>Patre</em></strong></span> <span class='ocrx_word' id='word_1_608' title='bbox 3028 2276 3154 2314; x_wconf 79' lang='lat' dir='ltr'><strong><em>vero</em></strong></span> <span class='ocrx_word' id='word_1_609' title='bbox 3184 2261 3256 2314; x_wconf 88' lang='lat' dir='ltr'><strong><em>ita</em></strong></span> <span class='ocrx_word' id='word_1_610' title='bbox 3293 2262 3532 2331; x_wconf 79' lang='lat' dir='ltr'><strong><em>loquitur</em></strong></span> <span class='ocrx_word' id='word_1_611' title='bbox 3557 2280 3571 2316; x_wconf 91' lang='lat'><strong>:</strong></span> 
     </span>
    </p>
   </div>
   <div class='ocr_carea' id='block_1_77' title="bbox 1989 2345 3574 2423">
    <p class='ocr_par' dir='ltr' id='par_1_77' title="bbox 1989 2345 3574 2423">
     <span class='ocr_line' id='line_1_77' title="bbox 1989 2345 3574 2423; baseline 0.004 -24"><span class='ocrx_word' id='word_1_612' title='bbox 1989 2345 2129 2400; x_wconf 82' lang='lat' dir='ltr'><strong><em>Deus</em></strong></span> <span class='ocrx_word' id='word_1_613' title='bbox 2155 2347 2246 2400; x_wconf 76' lang='lat' dir='ltr'><strong><em>lux</em></strong></span> <span class='ocrx_word' id='word_1_614' title='bbox 2267 2355 2343 2400; x_wconf 86' lang='lat' dir='ltr'><strong><em>est</em></strong></span> <span class='ocrx_word' id='word_1_615' title='bbox 2367 2347 2428 2400; x_wconf 67' lang='lat'><strong><em>&#39;9.</em></strong></span> <span class='ocrx_word' id='word_1_616' title='bbox 2454 2346 2564 2402; x_wconf 79' lang='lat' dir='ltr'><strong><em>Nec</em></strong></span> <span class='ocrx_word' id='word_1_617' title='bbox 2591 2348 2746 2412; x_wconf 79' lang='lat' dir='ltr'><strong><em>dixit,</em></strong></span> <span class='ocrx_word' id='word_1_618' title='bbox 2780 2349 2893 2404; x_wconf 78' lang='lat' dir='ltr'><strong><em>Lux</em></strong></span> <span class='ocrx_word' id='word_1_619' title='bbox 2914 2365 3062 2412; x_wconf 84' lang='lat' dir='ltr'><strong><em>vera,</em></strong></span> <span class='ocrx_word' id='word_1_620' title='bbox 3086 2360 3144 2405; x_wconf 91' lang='lat' dir='ltr'><strong><em>ut</em></strong></span> <span class='ocrx_word' id='word_1_621' title='bbox 3171 2367 3233 2404; x_wconf 79' lang='lat' dir='ltr'><strong><em>ex</em></strong></span> <span class='ocrx_word' id='word_1_622' title='bbox 3258 2367 3324 2406; x_wconf 89' lang='lat' dir='ltr'><strong><em>eo</em></strong></span> <span class='ocrx_word' id='word_1_623' title='bbox 3347 2355 3488 2423; x_wconf 85' lang='lat' dir='ltr'><strong><em>quod</em></strong></span> <span class='ocrx_word' id='word_1_624' title='bbox 3520 2359 3574 2406; x_wconf 87' lang='lat' dir='ltr'><strong><em>et</em></strong></span> 
     </span>
    </p>
   </div>
   <div class='ocr_carea' id='block_1_78' title="bbox 1982 2424 3572 2513">
    <p class='ocr_par' dir='ltr' id='par_1_78' title="bbox 1982 2424 3572 2513">
     <span class='ocr_line' id='line_1_78' title="bbox 1982 2424 3572 2513; baseline 0.004 -22"><span class='ocrx_word' id='word_1_625' title='bbox 1982 2424 2148 2492; x_wconf 78' lang='lat' dir='ltr'><strong><em>Deum</em></strong></span> <span class='ocrx_word' id='word_1_626' title='bbox 2175 2454 2385 2502; x_wconf 82' lang='lat' dir='ltr'><strong><em>verum,</em></strong></span> <span class='ocrx_word' id='word_1_627' title='bbox 2417 2447 2472 2494; x_wconf 87' lang='lat' dir='ltr'><strong><em>et</em></strong></span> <span class='ocrx_word' id='word_1_628' title='bbox 2492 2454 2673 2494; x_wconf 87' lang='lat' dir='ltr'><strong><em>veram</em></strong></span> <span class='ocrx_word' id='word_1_629' title='bbox 2708 2440 2881 2494; x_wconf 86' lang='lat' dir='ltr'><strong><em>lucem</em></strong></span> <span class='ocrx_word' id='word_1_630' title='bbox 2914 2443 3226 2513; x_wconf 76' lang='lat' dir='ltr'><strong><em>appellavit,</em></strong></span> <span class='ocrx_word' id='word_1_631' title='bbox 3253 2455 3359 2496; x_wconf 88' lang='lat' dir='ltr'><strong><em>tam</em></strong></span> <span class='ocrx_word' id='word_1_632' title='bbox 3392 2444 3572 2503; x_wconf 83' lang='lat' dir='ltr'><strong><em>Patris</em></strong></span> 
     </span>
    </p>
   </div>
   <div class='ocr_carea' id='block_1_79' title="bbox 1979 2529 3572 2608">
    <p class='ocr_par' dir='ltr' id='par_1_79' title="bbox 1979 2529 3572 2608">
     <span class='ocr_line' id='line_1_79' title="bbox 1979 2529 3572 2608; baseline 0.004 -24"><span class='ocrx_word' id='word_1_633' title='bbox 1979 2529 2316 2584; x_wconf 74' lang='lat' dir='ltr'><strong><em>divinitatem</em></strong></span> <span class='ocrx_word' id='word_1_634' title='bbox 2361 2529 2521 2588; x_wconf 90' lang='lat' dir='ltr'><strong><em>Filio.</em></strong></span> <span class='ocrx_word' id='word_1_635' title='bbox 2553 2531 2716 2602; x_wconf 82' lang='grc'><strong><em>520</em></strong></span> <span class='ocrx_word' id='word_1_636' title='bbox 2753 2548 2915 2602; x_wconf 86' lang='lat' dir='ltr'><strong><em>quam</em></strong></span> <span class='ocrx_word' id='word_1_637' title='bbox 2962 2533 3081 2588; x_wconf 83' lang='lat' dir='ltr'><strong><em>Filii</em></strong></span> <span class='ocrx_word' id='word_1_638' title='bbox 3127 2535 3274 2590; x_wconf 80' lang='lat' dir='ltr'><strong><em>Patri</em></strong></span> <span class='ocrx_word' id='word_1_639' title='bbox 3310 2539 3572 2608; x_wconf 63' lang='lat' dir='ltr'><strong><em>aequalem</em></strong></span> 
     </span>
    </p>
   </div>
   <div class='ocr_carea' id='block_1_80' title="bbox 1979 2621 3576 2694">
    <p class='ocr_par' dir='ltr' id='par_1_80' title="bbox 1979 2621 3576 2694">
     <span class='ocr_line' id='line_1_80' title="bbox 1979 2621 3576 2694; baseline 0.008 -20"><span class='ocrx_word' id='word_1_640' title='bbox 1979 2621 2428 2690; x_wconf 81' lang='lat' dir='ltr'><strong><em>iutclligeremus.</em></strong></span> <span class='ocrx_word' id='word_1_641' title='bbox 2477 2621 2653 2692; x_wconf 81' lang='lat' dir='ltr'><strong><em>Atque</em></strong></span> <span class='ocrx_word' id='word_1_642' title='bbox 2695 2638 2760 2677; x_wconf 80' lang='lat' dir='ltr'><strong><em>ex</em></strong></span> <span class='ocrx_word' id='word_1_643' title='bbox 2796 2639 2860 2680; x_wconf 84' lang='lat' dir='ltr'><strong><em>eo</em></strong></span> <span class='ocrx_word' id='word_1_644' title='bbox 2895 2626 3040 2694; x_wconf 90' lang='lat' dir='ltr'><strong><em>quod</em></strong></span> <span class='ocrx_word' id='word_1_645' title='bbox 3085 2633 3139 2680; x_wconf 86' lang='lat' dir='ltr'><strong><em>ct</em></strong></span> <span class='ocrx_word' id='word_1_646' title='bbox 3179 2626 3341 2682; x_wconf 81' lang='lat' dir='ltr'><strong><em>Pater</em></strong></span> <span class='ocrx_word' id='word_1_647' title='bbox 3381 2631 3492 2692; x_wconf 72' lang='lat' dir='ltr'><strong><em>luv,</em></strong></span> <span class='ocrx_word' id='word_1_648' title='bbox 3523 2638 3576 2686; x_wconf 87' lang='lat' dir='ltr'><strong><em>et</em></strong></span> 
     </span>
    </p>
   </div>
   <div class='ocr_carea' id='block_1_81' title="bbox 1979 2711 3575 2793">
    <p class='ocr_par' dir='ltr' id='par_1_81' title="bbox 1979 2711 3575 2793">
     <span class='ocr_line' id='line_1_81' title="bbox 1979 2711 3575 2793; baseline 0.006 -29"><span class='ocrx_word' id='word_1_649' title='bbox 1979 2711 2125 2768; x_wconf 89' lang='lat' dir='ltr'><strong><em>Deus</em></strong></span> <span class='ocrx_word' id='word_1_650' title='bbox 2151 2713 2459 2784; x_wconf 88' lang='lat' dir='ltr'><strong><em>appellatur</em></strong></span> <span class='ocrx_word' id='word_1_651' title='bbox 2489 2713 2682 2780; x_wconf 85' lang='lat' dir='ltr'><strong><em>Filius,</em></strong></span> <span class='ocrx_word' id='word_1_652' title='bbox 2721 2732 2900 2784; x_wconf 81' lang='lat' dir='ltr'><strong><em>neque</em></strong></span> <span class='ocrx_word' id='word_1_653' title='bbox 2936 2718 3023 2772; x_wconf 84' lang='lat' dir='ltr'><strong><em>hic.</em></strong></span> <span class='ocrx_word' id='word_1_654' title='bbox 3049 2719 3164 2774; x_wconf 85' lang='lat' dir='ltr'><strong><em>veri</em></strong></span> <span class='ocrx_word' id='word_1_655' title='bbox 3195 2737 3393 2776; x_wconf 75' lang='lat' dir='ltr'><strong><em>nomen</em></strong></span> <span class='ocrx_word' id='word_1_656' title='bbox 3421 2723 3575 2793; x_wconf 71' lang='lat' dir='ltr'><strong><em>adje-</em></strong></span> 
     </span>
    </p>
   </div>
   <div class='ocr_carea' id='block_1_82' title="bbox 1977 2805 3575 2886">
    <p class='ocr_par' dir='ltr' id='par_1_82' title="bbox 1977 2805 3575 2886">
     <span class='ocr_line' id='line_1_82' title="bbox 1977 2805 3575 2886; baseline 0.009 -31"><span class='ocrx_word' id='word_1_657' title='bbox 1977 2811 2124 2858; x_wconf 87' lang='lat' dir='ltr'><strong><em>ctum</em></strong></span> <span class='ocrx_word' id='word_1_658' title='bbox 2158 2805 2251 2868; x_wconf 86' lang='lat' dir='ltr'><strong><em>sit,</em></strong></span> <span class='ocrx_word' id='word_1_659' title='bbox 2291 2805 2438 2876; x_wconf 85' lang='lat' dir='ltr'><strong><em>quod</em></strong></span> <span class='ocrx_word' id='word_1_660' title='bbox 2471 2807 2688 2877; x_wconf 86' lang='lat' dir='ltr'><strong><em>quidem</em></strong></span> <span class='ocrx_word' id='word_1_661' title='bbox 2740 2823 2966 2865; x_wconf 84' lang='lat' dir='ltr'><strong><em>necesse</em></strong></span> <span class='ocrx_word' id='word_1_662' title='bbox 3010 2825 3118 2866; x_wconf 88' lang='lat' dir='ltr'><strong><em>non</em></strong></span> <span class='ocrx_word' id='word_1_663' title='bbox 3173 2823 3308 2880; x_wconf 88' lang='lat' dir='ltr'><strong><em>erat,</em></strong></span> <span class='ocrx_word' id='word_1_664' title='bbox 3338 2831 3403 2869; x_wconf 88' lang='lat' dir='ltr'><strong><em>eo</em></strong></span> <span class='ocrx_word' id='word_1_665' title='bbox 3433 2817 3575 2886; x_wconf 83' lang='lat' dir='ltr'><strong><em>quod</em></strong></span> 
     </span>
    </p>
   </div>
   <div class='ocr_carea' id='block_1_83' title="bbox 1977 2897 3573 2972">
    <p class='ocr_par' dir='ltr' id='par_1_83' title="bbox 1977 2897 3573 2972">
     <span class='ocr_line' id='line_1_83' title="bbox 1977 2897 3573 2972; baseline 0.008 -22"><span class='ocrx_word' id='word_1_666' title='bbox 1977 2897 2124 2950; x_wconf 82' lang='lat' dir='ltr'><strong><em>nulla</em></strong></span> <span class='ocrx_word' id='word_1_667' title='bbox 2164 2897 2304 2951; x_wconf 79' lang='lat' dir='ltr'><strong><em>foret</em></strong></span> <span class='ocrx_word' id='word_1_668' title='bbox 2335 2899 2404 2952; x_wconf 89' lang='lat' dir='ltr'><strong><em>de</em></strong></span> <span class='ocrx_word' id='word_1_669' title='bbox 2431 2913 2494 2952; x_wconf 91' lang='lat' dir='ltr'><strong><em>ea</em></strong></span> <span class='ocrx_word' id='word_1_670' title='bbox 2547 2913 2607 2953; x_wconf 90' lang='lat' dir='ltr'><strong><em>re</em></strong></span> <span class='ocrx_word' id='word_1_671' title='bbox 2649 2899 2941 2956; x_wconf 82' lang='lat' dir='ltr'><strong><em>dubitatio.</em></strong></span> <span class='ocrx_word' id='word_1_672' title='bbox 2985 2901 3082 2957; x_wconf 89' lang='lat' dir='ltr'><strong><em>IIis</em></strong></span> <span class='ocrx_word' id='word_1_673' title='bbox 3133 2905 3276 2958; x_wconf 90' lang='lat' dir='ltr'><strong><em>enim</em></strong></span> <span class='ocrx_word' id='word_1_674' title='bbox 3326 2909 3573 2972; x_wconf 84' lang='lat' dir='ltr'><strong><em>vocibus,</em></strong></span> 
     </span>
    </p>
   </div>
   <div class='ocr_carea' id='block_1_84' title="bbox 1977 2987 3574 3063">
    <p class='ocr_par' dir='ltr' id='par_1_84' title="bbox 1977 2987 3574 3063">
     <span class='ocr_line' id='line_1_84' title="bbox 1977 2987 3574 3063; baseline 0.006 -22"><span class='ocrx_word' id='word_1_675' title='bbox 1977 2987 2077 3042; x_wconf 86' lang='lat' dir='ltr'><strong><em>Dei</em></strong></span> <span class='ocrx_word' id='word_1_676' title='bbox 2107 3003 2170 3042; x_wconf 89' lang='lat' dir='ltr'><strong><em>ac</em></strong></span> <span class='ocrx_word' id='word_1_677' title='bbox 2205 2989 2361 3053; x_wconf 83' lang='lat' dir='ltr'><strong><em>lucis,</em></strong></span> <span class='ocrx_word' id='word_1_678' title='bbox 2397 2987 2660 3060; x_wconf 78' lang='lat' dir='ltr'><strong><em>perfecta,</em></strong></span> <span class='ocrx_word' id='word_1_679' title='bbox 2695 2991 2994 3062; x_wconf 86' lang='lat' dir='ltr'><strong><em>eademque</em></strong></span> <span class='ocrx_word' id='word_1_680' title='bbox 3023 2997 3376 3063; x_wconf 80' lang='lat' dir='ltr'><strong><em>germanitas,</em></strong></span> <span class='ocrx_word' id='word_1_681' title='bbox 3414 3005 3468 3051; x_wconf 91' lang='lat' dir='ltr'><strong><em>ut</em></strong></span> <span class='ocrx_word' id='word_1_682' title='bbox 3503 2999 3574 3050; x_wconf 88' lang='lat' dir='ltr'><strong><em>ita</em></strong></span> 
     </span>
    </p>
   </div>
   <div class='ocr_carea' id='block_1_85' title="bbox 1977 3077 3575 3158">
    <p class='ocr_par' dir='ltr' id='par_1_85' title="bbox 1977 3077 3575 3158">
     <span class='ocr_line' id='line_1_85' title="bbox 1977 3077 3575 3158; baseline 0.005 -25"><span class='ocrx_word' id='word_1_683' title='bbox 1977 3080 2179 3140; x_wconf 82' lang='lat' dir='ltr'><strong><em>dicam.</em></strong></span> <span class='ocrx_word' id='word_1_684' title='bbox 2211 3077 2392 3135; x_wconf 87' lang='lat' dir='ltr'><strong><em>Patris</em></strong></span> <span class='ocrx_word' id='word_1_685' title='bbox 2431 3096 2554 3135; x_wconf 90' lang='lat' dir='ltr'><strong><em>cum</em></strong></span> <span class='ocrx_word' id='word_1_686' title='bbox 2604 3079 2763 3147; x_wconf 89' lang='lat' dir='ltr'><strong><em>Filio,</em></strong></span> <span class='ocrx_word' id='word_1_687' title='bbox 2797 3088 2852 3135; x_wconf 90' lang='lat' dir='ltr'><strong><em>et</em></strong></span> <span class='ocrx_word' id='word_1_688' title='bbox 2901 3080 3022 3136; x_wconf 85' lang='lat' dir='ltr'><strong><em>Filii</em></strong></span> <span class='ocrx_word' id='word_1_689' title='bbox 3063 3099 3186 3138; x_wconf 90' lang='lat' dir='ltr'><strong><em>cum</em></strong></span> <span class='ocrx_word' id='word_1_690' title='bbox 3239 3083 3400 3142; x_wconf 84' lang='lat' dir='ltr'><strong><em>Patre</em></strong></span> <span class='ocrx_word' id='word_1_691' title='bbox 3449 3103 3575 3158; x_wconf 89' lang='lat' dir='ltr'><strong><em>per-</em></strong></span> 
     </span>
    </p>
   </div>
   <div class='ocr_carea' id='block_1_86' title="bbox 1979 3171 3575 3243">
    <p class='ocr_par' dir='ltr' id='par_1_86' title="bbox 1979 3171 3575 3243">
     <span class='ocr_line' id='line_1_86' title="bbox 1979 3171 3575 3243; baseline 0.004 -18"><span class='ocrx_word' id='word_1_692' title='bbox 1979 3173 2168 3242; x_wconf 86' lang='lat' dir='ltr'><strong><em>spicue</em></strong></span> <span class='ocrx_word' id='word_1_693' title='bbox 2193 3171 2522 3227; x_wconf 87' lang='lat' dir='ltr'><strong><em>declaratur.</em></strong></span> <span class='ocrx_word' id='word_1_694' title='bbox 2559 3171 2758 3243; x_wconf 83' lang='lat' dir='ltr'><strong><em>Sicque</em></strong></span> <span class='ocrx_word' id='word_1_695' title='bbox 2789 3176 2969 3230; x_wconf 87' lang='lat' dir='ltr'><strong><em>omnis</em></strong></span> <span class='ocrx_word' id='word_1_696' title='bbox 3003 3182 3107 3229; x_wconf 73' lang='lat' dir='ltr'><strong><em>tum</em></strong></span> <span class='ocrx_word' id='word_1_697' title='bbox 3143 3175 3398 3232; x_wconf 79' lang='lat' dir='ltr'><strong><em>falsitatis</em></strong></span> <span class='ocrx_word' id='word_1_698' title='bbox 3430 3180 3575 3234; x_wconf 86' lang='lat' dir='ltr'><strong><em>insa-</em></strong></span> 
     </span>
    </p>
   </div>
   <div class='ocr_carea' id='block_1_87' title="bbox 1979 3261 3574 3336">
    <p class='ocr_par' dir='ltr' id='par_1_87' title="bbox 1979 3261 3574 3336">
     <span class='ocr_line' id='line_1_87' title="bbox 1979 3261 3574 3336; baseline 0.004 -18"><span class='ocrx_word' id='word_1_699' title='bbox 1979 3265 2070 3318; x_wconf 90' lang='lat' dir='ltr'><strong><em>nia</em></strong></span> <span class='ocrx_word' id='word_1_700' title='bbox 2123 3261 2409 3318; x_wconf 74' lang='lat' dir='ltr'><strong><em>refellitur.</em></strong></span> <span class='ocrx_word' id='word_1_701' title='bbox 2449 3263 2612 3319; x_wconf 88' lang='lat' dir='ltr'><strong><em>Pater</em></strong></span> <span class='ocrx_word' id='word_1_702' title='bbox 2645 3265 2914 3336; x_wconf 86' lang='lat' dir='ltr'><strong><em>siquidem</em></strong></span> <span class='ocrx_word' id='word_1_703' title='bbox 2960 3263 3121 3321; x_wconf 87' lang='lat' dir='ltr'><strong><em>Pater</em></strong></span> <span class='ocrx_word' id='word_1_704' title='bbox 3153 3278 3258 3334; x_wconf 83' lang='lat' dir='ltr'><strong><em>cst,</em></strong></span> <span class='ocrx_word' id='word_1_705' title='bbox 3302 3277 3356 3324; x_wconf 78' lang='lat' dir='ltr'><strong><em>et</em></strong></span> <span class='ocrx_word' id='word_1_706' title='bbox 3403 3269 3574 3325; x_wconf 88' lang='lat' dir='ltr'><strong><em>Filius</em></strong></span> 
     </span>
    </p>
   </div>
   <div class='ocr_carea' id='block_1_88' title="bbox 1980 3355 3573 3432">
    <p class='ocr_par' dir='ltr' id='par_1_88' title="bbox 1980 3355 3573 3432">
     <span class='ocr_line' id='line_1_88' title="bbox 1980 3355 3573 3432; baseline 0.005 -22"><span class='ocrx_word' id='word_1_707' title='bbox 1980 3355 2173 3420; x_wconf 87' lang='lat' dir='ltr'><strong><em>Filius,</em></strong></span> <span class='ocrx_word' id='word_1_708' title='bbox 2203 3365 2256 3410; x_wconf 75' lang='lat' dir='ltr'><strong><em>ct</em></strong></span> <span class='ocrx_word' id='word_1_709' title='bbox 2299 3356 2538 3428; x_wconf 88' lang='lat' dir='ltr'><strong><em>Spiritus</em></strong></span> <span class='ocrx_word' id='word_1_710' title='bbox 2575 3367 2799 3414; x_wconf 86' lang='lat' dir='ltr'><strong><em>sanctus</em></strong></span> <span class='ocrx_word' id='word_1_711' title='bbox 2852 3358 3090 3428; x_wconf 86' lang='lat' dir='ltr'><strong><em>Spiritus</em></strong></span> <span class='ocrx_word' id='word_1_712' title='bbox 3126 3370 3372 3427; x_wconf 85' lang='lat' dir='ltr'><strong><em>sanctus,</em></strong></span> <span class='ocrx_word' id='word_1_713' title='bbox 3400 3379 3573 3432; x_wconf 82' lang='lat' dir='ltr'><strong><em>caque</em></strong></span> 
     </span>
    </p>
   </div>
   <div class='ocr_carea' id='block_1_89' title="bbox 1979 3447 3574 3524">
    <p class='ocr_par' dir='ltr' id='par_1_89' title="bbox 1979 3447 3574 3524">
     <span class='ocr_line' id='line_1_89' title="bbox 1979 3447 3574 3524; baseline 0.004 -22"><span class='ocrx_word' id='word_1_714' title='bbox 1979 3449 2098 3520; x_wconf 87' lang='lat' dir='ltr'><strong><em>ipsa</em></strong></span> <span class='ocrx_word' id='word_1_715' title='bbox 2129 3447 2392 3512; x_wconf 86' lang='lat' dir='ltr'><strong><em>Trinitas,</em></strong></span> <span class='ocrx_word' id='word_1_716' title='bbox 2429 3451 2606 3505; x_wconf 86' lang='lat' dir='ltr'><strong><em>deitas</em></strong></span> <span class='ocrx_word' id='word_1_717' title='bbox 2638 3466 2765 3516; x_wconf 90' lang='lat' dir='ltr'><strong><em>una,</em></strong></span> <span class='ocrx_word' id='word_1_718' title='bbox 2798 3468 2904 3506; x_wconf 88' lang='lat' dir='ltr'><strong><em>una</em></strong></span> <span class='ocrx_word' id='word_1_719' title='bbox 2931 3453 3122 3524; x_wconf 74' lang='lat' dir='ltr'><strong><em>gloria,</em></strong></span> <span class='ocrx_word' id='word_1_720' title='bbox 3155 3469 3370 3524; x_wconf 88' lang='lat' dir='ltr'><strong><em>unaque</em></strong></span> <span class='ocrx_word' id='word_1_721' title='bbox 3398 3454 3574 3509; x_wconf 79' lang='lat' dir='ltr'><strong><em>donti-</em></strong></span> 
     </span>
    </p>
   </div>
   <div class='ocr_carea' id='block_1_90' title="bbox 1978 3540 3570 3614">
    <p class='ocr_par' dir='ltr' id='par_1_90' title="bbox 1978 3540 3570 3614">
     <span class='ocr_line' id='line_1_90' title="bbox 1978 3540 3570 3614; baseline 0.003 -20"><span class='ocrx_word' id='word_1_722' title='bbox 1978 3541 2149 3596; x_wconf 86' lang='lat' dir='ltr'><strong><em>natio.</em></strong></span> <span class='ocrx_word' id='word_1_723' title='bbox 2179 3540 2280 3594; x_wconf 85' lang='lat' dir='ltr'><strong><em>Cui</em></strong></span> <span class='ocrx_word' id='word_1_724' title='bbox 2311 3541 2506 3612; x_wconf 79' lang='lat' dir='ltr'><strong><em>gloria,</em></strong></span> <span class='ocrx_word' id='word_1_725' title='bbox 2541 3543 2738 3607; x_wconf 88' lang='lat' dir='ltr'><strong><em>honor,</em></strong></span> <span class='ocrx_word' id='word_1_726' title='bbox 2769 3543 3060 3614; x_wconf 83' lang='lat' dir='ltr'><strong><em>imperium</em></strong></span> <span class='ocrx_word' id='word_1_727' title='bbox 3091 3561 3106 3596; x_wconf 88' lang='lat'><strong>:</strong></span> <span class='ocrx_word' id='word_1_728' title='bbox 3142 3543 3284 3598; x_wconf 85' lang='lat' dir='ltr'><strong><em>Patri</em></strong></span> <span class='ocrx_word' id='word_1_729' title='bbox 3320 3545 3374 3599; x_wconf 91' lang='lat' dir='ltr'><strong><em>in</em></strong></span> <span class='ocrx_word' id='word_1_730' title='bbox 3411 3543 3570 3611; x_wconf 83' lang='lat' dir='ltr'><strong><em>Filio,</em></strong></span> 
     </span>
    </p>
   </div>
   <div class='ocr_carea' id='block_1_91' title="bbox 1977 3629 3568 3706">
    <p class='ocr_par' dir='ltr' id='par_1_91' title="bbox 1977 3629 3568 3706">
     <span class='ocr_line' id='line_1_91' title="bbox 1977 3629 3568 3706; baseline 0.005 -22"><span class='ocrx_word' id='word_1_731' title='bbox 1977 3629 2119 3686; x_wconf 88' lang='lat' dir='ltr'><strong><em>Filio</em></strong></span> <span class='ocrx_word' id='word_1_732' title='bbox 2145 3631 2199 3685; x_wconf 91' lang='lat' dir='ltr'><strong><em>iu</em></strong></span> <span class='ocrx_word' id='word_1_733' title='bbox 2225 3630 2388 3686; x_wconf 88' lang='lat' dir='ltr'><strong><em>Patre</em></strong></span> <span class='ocrx_word' id='word_1_734' title='bbox 2417 3647 2541 3695; x_wconf 85' lang='lat' dir='ltr'><strong><em>cum</em></strong></span> <span class='ocrx_word' id='word_1_735' title='bbox 2591 3641 2786 3689; x_wconf 85' lang='lat' dir='ltr'><strong><em>sancto</em></strong></span> <span class='ocrx_word' id='word_1_736' title='bbox 2831 3634 3036 3706; x_wconf 89' lang='lat' dir='ltr'><strong><em>Spiritu</em></strong></span> <span class='ocrx_word' id='word_1_737' title='bbox 3071 3636 3125 3690; x_wconf 90' lang='lat' dir='ltr'><strong><em>in</em></strong></span> <span class='ocrx_word' id='word_1_738' title='bbox 3161 3637 3358 3692; x_wconf 72' lang='lat' dir='ltr'><strong><em>saecula</em></strong></span> <span class='ocrx_word' id='word_1_739' title='bbox 3397 3653 3568 3694; x_wconf 73' lang='lat' dir='ltr'><strong><em>saecu-</em></strong></span> 
     </span>
    </p>
   </div>
   <div class='ocr_carea' id='block_1_92' title="bbox 1979 3719 2404 3778">
    <p class='ocr_par' dir='ltr' id='par_1_92' title="bbox 1979 3719 2404 3778">
     <span class='ocr_line' id='line_1_92' title="bbox 1979 3719 2404 3778; baseline 0.009 -4"><span class='ocrx_word' id='word_1_740' title='bbox 1979 3721 2178 3776; x_wconf 88' lang='lat' dir='ltr'><strong><em>lorum.</em></strong></span> <span class='ocrx_word' id='word_1_741' title='bbox 2210 3719 2404 3778; x_wconf 82' lang='lat' dir='ltr'><strong><em>Amen.</em></strong></span> 
     </span>
    </p>
   </div>
   <div class='ocr_carea' id='block_1_93' title="bbox 2051 3828 3574 3910">
    <p class='ocr_par' dir='ltr' id='par_1_93' title="bbox 2051 3828 3574 3910">
     <span class='ocr_line' id='line_1_93' title="bbox 2051 3828 3574 3910; baseline 0.007 -26"><span class='ocrx_word' id='word_1_742' title='bbox 2051 3828 2158 3885; x_wconf 86' lang='lat' dir='ltr'><strong><em>Sed</em></strong></span> <span class='ocrx_word' id='word_1_743' title='bbox 2208 3839 2502 3903; x_wconf 88' lang='lat' dir='ltr'><strong><em>postquam</em></strong></span> <span class='ocrx_word' id='word_1_744' title='bbox 2553 3833 2803 3890; x_wconf 66' lang='lat' dir='ltr'><strong><em>ltazresim</em></strong></span> <span class='ocrx_word' id='word_1_745' title='bbox 2847 3836 3006 3892; x_wconf 85' lang='lat' dir='ltr'><strong><em>istam</em></strong></span> <span class='ocrx_word' id='word_1_746' title='bbox 3055 3838 3200 3894; x_wconf 81' lang='lat' dir='ltr'><strong><em>velut</em></strong></span> <span class='ocrx_word' id='word_1_747' title='bbox 3239 3838 3432 3910; x_wconf 85' lang='lat' dir='ltr'><strong><em>lyben,</em></strong></span> <span class='ocrx_word' id='word_1_748' title='bbox 3480 3848 3574 3896; x_wconf 86' lang='lat' dir='ltr'><strong><em>aut</em></strong></span> 
     </span>
    </p>
   </div>
   <div class='ocr_carea' id='block_1_94' title="bbox 1977 3922 3574 3998">
    <p class='ocr_par' dir='ltr' id='par_1_94' title="bbox 1977 3922 3574 3998">
     <span class='ocr_line' id='line_1_94' title="bbox 1977 3922 3574 3998; baseline 0.009 -24"><span class='ocrx_word' id='word_1_749' title='bbox 1977 3922 2273 3987; x_wconf 83' lang='lat' dir='ltr'><strong><em>molarum,</em></strong></span> <span class='ocrx_word' id='word_1_750' title='bbox 2300 3925 2414 3980; x_wconf 91' lang='lat' dir='ltr'><strong><em>sive</em></strong></span> <span class='ocrx_word' id='word_1_751' title='bbox 2451 3925 2688 3995; x_wconf 89' lang='lat' dir='ltr'><strong><em>elopem,</em></strong></span> <span class='ocrx_word' id='word_1_752' title='bbox 2727 3937 2822 3982; x_wconf 84' lang='lat' dir='ltr'><strong><em>aut</em></strong></span> <span class='ocrx_word' id='word_1_753' title='bbox 2867 3928 3014 3982; x_wconf 89' lang='lat' dir='ltr'><strong><em>aliud</em></strong></span> <span class='ocrx_word' id='word_1_754' title='bbox 3037 3929 3310 3998; x_wconf 83' lang='lat' dir='ltr'><strong><em>quoddam</em></strong></span> <span class='ocrx_word' id='word_1_755' title='bbox 3339 3933 3574 3989; x_wconf 88' lang='lat' dir='ltr'><strong><em>atrocis-</em></strong></span> 
     </span>
    </p>
   </div>
   <div class='ocr_carea' id='block_1_95' title="bbox 1977 4013 3572 4088">
    <p class='ocr_par' dir='ltr' id='par_1_95' title="bbox 1977 4013 3572 4088">
     <span class='ocr_line' id='line_1_95' title="bbox 1977 4013 3572 4088; baseline 0.005 -18"><span class='ocrx_word' id='word_1_756' title='bbox 1977 4013 2176 4070; x_wconf 87' lang='lat' dir='ltr'><strong><em>simum</em></strong></span> <span class='ocrx_word' id='word_1_757' title='bbox 2211 4016 2484 4086; x_wconf 86' lang='lat' dir='ltr'><strong><em>serpentis</em></strong></span> <span class='ocrx_word' id='word_1_758' title='bbox 2517 4033 2710 4088; x_wconf 80' lang='lat' dir='ltr'><strong><em>genus,</em></strong></span> <span class='ocrx_word' id='word_1_759' title='bbox 2737 4017 2886 4088; x_wconf 88' lang='lat' dir='ltr'><strong><em>quod</em></strong></span> <span class='ocrx_word' id='word_1_760' title='bbox 2923 4027 3103 4075; x_wconf 88' lang='lat' dir='ltr'><strong><em>tamen</em></strong></span> <span class='ocrx_word' id='word_1_761' title='bbox 3134 4023 3270 4076; x_wconf 86' lang='lat' dir='ltr'><strong><em>nihil</em></strong></span> <span class='ocrx_word' id='word_1_762' title='bbox 3301 4039 3402 4080; x_wconf 86' lang='lat' dir='ltr'><strong><em>nos</em></strong></span> <span class='ocrx_word' id='word_1_763' title='bbox 3425 4039 3572 4080; x_wconf 86' lang='lat' dir='ltr'><strong><em>tuor-</em></strong></span> 
     </span>
    </p>
   </div>
   <div class='ocr_carea' id='block_1_96' title="bbox 1977 4106 3573 4180">
    <p class='ocr_par' dir='ltr' id='par_1_96' title="bbox 1977 4106 3573 4180">
     <span class='ocr_line' id='line_1_96' title="bbox 1977 4106 3573 4180; baseline 0.006 -18"><span class='ocrx_word' id='word_1_764' title='bbox 1977 4107 2131 4162; x_wconf 89' lang='lat' dir='ltr'><strong><em>sibus</em></strong></span> <span class='ocrx_word' id='word_1_765' title='bbox 2174 4106 2292 4161; x_wconf 91' lang='lat' dir='ltr'><strong><em>suis</em></strong></span> <span class='ocrx_word' id='word_1_766' title='bbox 2341 4107 2535 4164; x_wconf 61' lang='lat' dir='ltr'><strong><em>laedere</em></strong></span> <span class='ocrx_word' id='word_1_767' title='bbox 2559 4109 2755 4180; x_wconf 91' lang='lat' dir='ltr'><strong><em>potuit,</em></strong></span> <span class='ocrx_word' id='word_1_768' title='bbox 2809 4109 3191 4177; x_wconf 85' lang='lat' dir='ltr'><strong><em>discussimus,</em></strong></span> <span class='ocrx_word' id='word_1_769' title='bbox 3245 4130 3310 4170; x_wconf 87' lang='lat' dir='ltr'><strong><em>ac</em></strong></span> <span class='ocrx_word' id='word_1_770' title='bbox 3365 4124 3573 4172; x_wconf 71' lang='lat' dir='ltr'><strong><em>sanctas</em></strong></span> 
     </span>
    </p>
   </div>
   <div class='ocr_carea' id='block_1_97' title="bbox 1977 4196 3571 4278">
    <p class='ocr_par' dir='ltr' id='par_1_97' title="bbox 1977 4196 3571 4278">
     <span class='ocr_line' id='line_1_97' title="bbox 1977 4196 3571 4278; baseline 0.008 -26"><span class='ocrx_word' id='word_1_771' title='bbox 1977 4196 2262 4255; x_wconf 83' lang='lat' dir='ltr'><strong><em>Trinitatis</em></strong></span> <span class='ocrx_word' id='word_1_772' title='bbox 2292 4215 2392 4270; x_wconf 90' lang='lat' dir='ltr'><strong><em>ope</em></strong></span> <span class='ocrx_word' id='word_1_773' title='bbox 2440 4214 2506 4255; x_wconf 89' lang='lat' dir='ltr'><strong><em>ac</em></strong></span> <span class='ocrx_word' id='word_1_774' title='bbox 2547 4201 2753 4257; x_wconf 83' lang='lat' dir='ltr'><strong><em>virtute</em></strong></span> <span class='ocrx_word' id='word_1_775' title='bbox 2809 4205 3184 4272; x_wconf 85' lang='lat' dir='ltr'><strong><em>protrivimus,</em></strong></span> <span class='ocrx_word' id='word_1_776' title='bbox 3223 4207 3292 4261; x_wconf 87' lang='lat' dir='ltr'><strong><em>ad</em></strong></span> <span class='ocrx_word' id='word_1_777' title='bbox 3327 4209 3571 4278; x_wconf 86' lang='lat' dir='ltr'><strong><em>reliquas</em></strong></span> 
     </span>
    </p>
   </div>
   <div class='ocr_carea' id='block_1_98' title="bbox 1976 4291 3568 4368">
    <p class='ocr_par' dir='ltr' id='par_1_98' title="bbox 1976 4291 3568 4368">
     <span class='ocr_line' id='line_1_98' title="bbox 1976 4291 3568 4368; baseline 0.006 -20"><span class='ocrx_word' id='word_1_778' title='bbox 1976 4291 2221 4348; x_wconf 86' lang='lat' dir='ltr'><strong><em>oratione</em></strong></span> <span class='ocrx_word' id='word_1_779' title='bbox 2252 4302 2522 4362; x_wconf 87' lang='lat' dir='ltr'><strong><em>promota,</em></strong></span> <span class='ocrx_word' id='word_1_780' title='bbox 2557 4295 2810 4350; x_wconf 89' lang='lat' dir='ltr'><strong><em>eumdem</em></strong></span> <span class='ocrx_word' id='word_1_781' title='bbox 2843 4297 2997 4366; x_wconf 86' lang='lat' dir='ltr'><strong><em>prius</em></strong></span> <span class='ocrx_word' id='word_1_782' title='bbox 3041 4297 3237 4368; x_wconf 61' lang='lat' dir='ltr'><strong><em>inopis)</em></strong></span> <span class='ocrx_word' id='word_1_783' title='bbox 3270 4310 3472 4356; x_wconf 69' lang='lat' dir='ltr'><strong><em>nostra:</em></strong></span> <span class='ocrx_word' id='word_1_784' title='bbox 3503 4317 3568 4358; x_wconf 86' lang='lat' dir='ltr'><strong><em>ac</em></strong></span> 
     </span>
    </p>
   </div>
   <div class='ocr_carea' id='block_1_99' title="bbox 1977 4383 3571 4462">
    <p class='ocr_par' dir='ltr' id='par_1_99' title="bbox 1977 4383 3571 4462">
     <span class='ocr_line' id='line_1_99' title="bbox 1977 4383 3571 4462; baseline 0.006 -24"><span class='ocrx_word' id='word_1_785' title='bbox 1977 4383 2263 4439; x_wconf 87' lang='lat' dir='ltr'><strong><em>tenuitatis</em></strong></span> <span class='ocrx_word' id='word_1_786' title='bbox 2287 4383 2592 4453; x_wconf 75' lang='lat' dir='ltr'><strong><em>adiutorem</em></strong></span> <span class='ocrx_word' id='word_1_787' title='bbox 2637 4385 2808 4440; x_wconf 90' lang='lat' dir='ltr'><strong><em>Deum</em></strong></span> <span class='ocrx_word' id='word_1_788' title='bbox 2836 4387 3196 4454; x_wconf 88' lang='lat' dir='ltr'><strong><em>invocemus;</em></strong></span> <span class='ocrx_word' id='word_1_789' title='bbox 3241 4391 3400 4461; x_wconf 87' lang='lat' dir='ltr'><strong><em>cujus</em></strong></span> <span class='ocrx_word' id='word_1_790' title='bbox 3429 4409 3571 4462; x_wconf 71' lang='lat' dir='ltr'><strong><em>pra:-</em></strong></span> 
     </span>
    </p>
   </div>
   <div class='ocr_carea' id='block_1_100' title="bbox 1975 4473 3568 4552">
    <p class='ocr_par' dir='ltr' id='par_1_100' title="bbox 1975 4473 3568 4552">
     <span class='ocr_line' id='line_1_100' title="bbox 1975 4473 3568 4552; baseline 0.005 -20"><span class='ocrx_word' id='word_1_791' title='bbox 1975 4475 2118 4532; x_wconf 89' lang='lat' dir='ltr'><strong><em>sidio</em></strong></span> <span class='ocrx_word' id='word_1_792' title='bbox 2162 4473 2302 4540; x_wconf 81' lang='lat' dir='ltr'><strong><em>freti,</em></strong></span> <span class='ocrx_word' id='word_1_793' title='bbox 2332 4491 2453 4546; x_wconf 65' lang='lat' dir='ltr'><strong><em>quae</em></strong></span> <span class='ocrx_word' id='word_1_794' title='bbox 2484 4477 2553 4532; x_wconf 86' lang='lat' dir='ltr'><strong><em>ab</em></strong></span> <span class='ocrx_word' id='word_1_795' title='bbox 2579 4492 2906 4548; x_wconf 89' lang='lat' dir='ltr'><strong><em>unaquaque</em></strong></span> <span class='ocrx_word' id='word_1_796' title='bbox 2933 4480 3126 4536; x_wconf 66' lang='lat' dir='ltr'><strong><em>haeresi</em></strong></span> <span class='ocrx_word' id='word_1_797' title='bbox 3163 4482 3440 4552; x_wconf 88' lang='lat' dir='ltr'><strong><em>dicuntur,</em></strong></span> <span class='ocrx_word' id='word_1_798' title='bbox 3472 4495 3568 4540; x_wconf 87' lang='lat' dir='ltr'><strong><em>aut</em></strong></span> 
     </span>
    </p>
   </div>
   <div class='ocr_carea' id='block_1_101' title="bbox 1907 4567 3570 4667">
    <p class='ocr_par' dir='ltr' id='par_1_101' title="bbox 1907 4567 3570 4667">
     <span class='ocr_line' id='line_1_101' title="bbox 1907 4567 3570 4667; baseline 0.009 -48"><span class='ocrx_word' id='word_1_799' title='bbox 1907 4611 1952 4667; x_wconf 65' lang='grc' dir='ltr'><strong>Β</strong></span> <span class='ocrx_word' id='word_1_800' title='bbox 1983 4568 2146 4667; x_wconf 30' lang='lat' dir='ltr'><strong><em>tiuntl,</em></strong></span> <span class='ocrx_word' id='word_1_801' title='bbox 2203 4567 2366 4623; x_wconf 89' lang='lat' dir='ltr'><strong><em>simul</em></strong></span> <span class='ocrx_word' id='word_1_802' title='bbox 2415 4583 2539 4624; x_wconf 88' lang='lat' dir='ltr'><strong><em>cum</em></strong></span> <span class='ocrx_word' id='word_1_803' title='bbox 2585 4585 2775 4624; x_wconf 87' lang='lat' dir='ltr'><strong><em>eorum</em></strong></span> <span class='ocrx_word' id='word_1_804' title='bbox 2827 4571 3202 4630; x_wconf 77' lang='lat' dir='ltr'><strong><em>coniutatione</em></strong></span> <span class='ocrx_word' id='word_1_805' title='bbox 3261 4590 3570 4648; x_wconf 87' lang='lat' dir='ltr'><strong><em>proponere</em></strong></span> 
     </span>
    </p>
   </div>
   <div class='ocr_carea' id='block_1_102' title="bbox 1983 4661 2276 4730">
    <p class='ocr_par' dir='ltr' id='par_1_102' title="bbox 1983 4661 2276 4730">
     <span class='ocr_line' id='line_1_102' title="bbox 1983 4661 2276 4730; baseline 0.003 -17"><span class='ocrx_word' id='word_1_806' title='bbox 1983 4661 2276 4730; x_wconf 83' lang='lat' dir='ltr'><strong><em>possimus.</em></strong></span> 
     </span>
    </p>
   </div>
   <div class='ocr_carea' id='block_1_103' title="bbox 2317 4837 3223 4910">
    <p class='ocr_par' dir='ltr' id='par_1_103' title="bbox 2317 4837 3223 4910">
     <span class='ocr_line' id='line_1_103' title="bbox 2317 4837 3223 4910; baseline 0.007 -19"><span class='ocrx_word' id='word_1_807' title='bbox 2317 4837 2692 4895; x_wconf 80' lang='lat' dir='ltr'><strong><em>ADVERSUS</em></strong></span> <span class='ocrx_word' id='word_1_808' title='bbox 2733 4838 3223 4910; x_wconf 67' lang='lat' dir='ltr'><strong><em>ORIGENIANOS,</em></strong></span> 
     </span>
    </p>
   </div>
   <div class='ocr_carea' id='block_1_104' title="bbox 1971 4974 3564 5051">
    <p class='ocr_par' dir='ltr' id='par_1_104' title="bbox 1971 4974 3564 5051">
     <span class='ocr_line' id='line_1_104' title="bbox 1971 4974 3564 5051; baseline 0.006 -22"><span class='ocrx_word' id='word_1_809' title='bbox 1971 4974 2186 5029; x_wconf 86' lang='lat' dir='ltr'><strong><em>Priores</em></strong></span> <span class='ocrx_word' id='word_1_810' title='bbox 2241 4976 2332 5046; x_wconf 77' lang='lat' dir='ltr'><strong><em>qui</em></strong></span> <span class='ocrx_word' id='word_1_811' title='bbox 2384 4983 2434 5029; x_wconf 89' lang='lat' dir='ltr'><strong><em>et</em></strong></span> <span class='ocrx_word' id='word_1_812' title='bbox 2485 4975 3183 5051; x_wconf 54' lang='lat' dir='ltr'><strong><em>[tedi_nominaii_t_uij._qme</em></strong></span> <span class='ocrx_word' id='word_1_813' title='bbox 3221 4989 3300 5034; x_wconf 85' lang='lat' dir='ltr'><strong><em>est</em></strong></span> <span class='ocrx_word' id='word_1_814' title='bbox 3347 4981 3564 5038; x_wconf 68' lang='lat' dir='ltr'><strong><em>laceres-is</em></strong></span> 
     </span>
    </p>
   </div>
   <div class='ocr_carea' id='block_1_105' title="bbox 2475 5045 3069 5104">
    <p class='ocr_par' dir='ltr' id='par_1_105' title="bbox 2475 5045 3069 5104">
     <span class='ocr_line' id='line_1_105' title="bbox 2475 5045 3069 5104; baseline 0.01 -6"><span class='ocrx_word' id='word_1_815' title='bbox 2475 5045 2674 5100; x_wconf 78' lang='lat' dir='ltr'>XLIII</span> <span class='ocrx_word' id='word_1_816' title='bbox 2706 5051 2814 5102; x_wconf 75' lang='lat' dir='ltr'><strong><em>sive</em></strong></span> <span class='ocrx_word' id='word_1_817' title='bbox 2843 5047 3069 5104; x_wconf 78' lang='lat' dir='ltr'>LXIII.</span> 
     </span>
    </p>
   </div>
   <div class='ocr_carea' id='block_1_106' title="bbox 2040 5176 3565 5260">
    <p class='ocr_par' dir='ltr' id='par_1_106' title="bbox 2040 5176 3565 5260">
     <span class='ocr_line' id='line_1_106' title="bbox 2040 5176 3565 5260; baseline 0.009 -27"><span class='ocrx_word' id='word_1_818' title='bbox 2040 5176 2082 5234; x_wconf 95' lang='grc'>1.</span> <span class='ocrx_word' id='word_1_819' title='bbox 2123 5178 2380 5234; x_wconf 83' lang='lat' dir='ltr'><strong><em>Nonnulli</em></strong></span> <span class='ocrx_word' id='word_1_820' title='bbox 2411 5189 2560 5248; x_wconf 87' lang='lat' dir='ltr'><strong><em>sunt,</em></strong></span> <span class='ocrx_word' id='word_1_821' title='bbox 2599 5197 2738 5252; x_wconf 91' lang='lat' dir='ltr'><strong><em>quos</em></strong></span> <span class='ocrx_word' id='word_1_822' title='bbox 2769 5181 3056 5256; x_wconf 79' lang='lat' dir='ltr'><strong><em>Origeuios</em></strong></span> <span class='ocrx_word' id='word_1_823' title='bbox 3091 5187 3406 5259; x_wconf 86' lang='lat' dir='ltr'><strong><em>appellant:</em></strong></span> <span class='ocrx_word' id='word_1_824' title='bbox 3441 5204 3565 5260; x_wconf 62' lang='lat' dir='ltr'><strong><em>quae</em></strong></span> 
     </span>
    </p>
   </div>
   <div class='ocr_carea' id='block_1_107' title="bbox 1967 5269 3620 5354">
    <p class='ocr_par' dir='ltr' id='par_1_107' title="bbox 1967 5269 3620 5354">
     <span class='ocr_line' id='line_1_107' title="bbox 1967 5269 3620 5354; baseline 0.009 -30"><span class='ocrx_word' id='word_1_825' title='bbox 1967 5269 2250 5328; x_wconf 80' lang='lat' dir='ltr'><strong><em>hominum</em></strong></span> <span class='ocrx_word' id='word_1_826' title='bbox 2283 5282 2432 5329; x_wconf 89' lang='lat' dir='ltr'><strong><em>secta</em></strong></span> <span class='ocrx_word' id='word_1_827' title='bbox 2464 5291 2574 5329; x_wconf 89' lang='lat' dir='ltr'><strong><em>non</em></strong></span> <span class='ocrx_word' id='word_1_828' title='bbox 2624 5292 3020 5348; x_wconf 86' lang='lat' dir='ltr'><strong><em>usquequaque</em></strong></span> <span class='ocrx_word' id='word_1_829' title='bbox 3051 5281 3394 5346; x_wconf 83' lang='lat' dir='ltr'><strong><em>dill&#39;uuditur,</em></strong></span> <span class='ocrx_word' id='word_1_830' title='bbox 3433 5297 3560 5354; x_wconf 85' lang='lat' dir='ltr'><strong><em>pro-</em></strong></span> <span class='ocrx_word' id='word_1_831' title='bbox 3609 5337 3620 5342; x_wconf 94' lang='lat'><em>_</em></span> 
     </span>
    </p>
   </div>
   <div class='ocr_carea' id='block_1_108' title="bbox 1968 5363 3565 5440">
    <p class='ocr_par' dir='ltr' id='par_1_108' title="bbox 1968 5363 3565 5440">
     <span class='ocr_line' id='line_1_108' title="bbox 1968 5363 3565 5440; baseline 0.01 -22"><span class='ocrx_word' id='word_1_832' title='bbox 1968 5363 2115 5419; x_wconf 80' lang='lat' dir='ltr'><strong><em>ximo</em></strong></span> <span class='ocrx_word' id='word_1_833' title='bbox 2142 5372 2320 5420; x_wconf 87' lang='lat' dir='ltr'><strong><em>tamen</em></strong></span> <span class='ocrx_word' id='word_1_834' title='bbox 2352 5365 2472 5422; x_wconf 89' lang='lat' dir='ltr'><strong><em>loco</em></strong></span> <span class='ocrx_word' id='word_1_835' title='bbox 2507 5377 2628 5438; x_wconf 92' lang='lat' dir='ltr'><strong><em>post</em></strong></span> <span class='ocrx_word' id='word_1_836' title='bbox 2665 5371 2978 5440; x_wconf 85' lang='lat' dir='ltr'><strong><em>superiores</em></strong></span> <span class='ocrx_word' id='word_1_837' title='bbox 3003 5373 3124 5430; x_wconf 83' lang='lat' dir='ltr'><strong><em>illas</em></strong></span> <span class='ocrx_word' id='word_1_838' title='bbox 3173 5375 3290 5430; x_wconf 65' lang='lat' dir='ltr'><strong><em>haec</em></strong></span> <span class='ocrx_word' id='word_1_839' title='bbox 3334 5375 3565 5434; x_wconf 67' lang='lat' dir='ltr'><strong><em>hatresis</em></strong></span> 
     </span>
    </p>
   </div>
   <div class='ocr_carea' id='block_1_109' title="bbox 1967 5457 3564 5538">
    <p class='ocr_par' dir='ltr' id='par_1_109' title="bbox 1967 5457 3564 5538">
     <span class='ocr_line' id='line_1_109' title="bbox 1967 5457 3564 5538; baseline 0.009 -27"><span class='ocrx_word' id='word_1_840' title='bbox 1967 5457 2228 5512; x_wconf 86' lang='lat' dir='ltr'><strong><em>occurrit.</em></strong></span> <span class='ocrx_word' id='word_1_841' title='bbox 2263 5459 2371 5514; x_wconf 84' lang='lat' dir='ltr'><strong><em>Sed</em></strong></span> <span class='ocrx_word' id='word_1_842' title='bbox 2417 5474 2654 5530; x_wconf 87' lang='lat' dir='ltr'><strong><em>quanam</em></strong></span> <span class='ocrx_word' id='word_1_843' title='bbox 2705 5461 2772 5517; x_wconf 89' lang='lat' dir='ltr'><strong><em>de</em></strong></span> <span class='ocrx_word' id='word_1_844' title='bbox 2803 5480 2967 5520; x_wconf 81' lang='lat' dir='ltr'><strong><em>causa</em></strong></span> <span class='ocrx_word' id='word_1_845' title='bbox 3008 5464 3250 5538; x_wconf 80' lang='lat' dir='ltr'><strong><em>Origenii</em></strong></span> <span class='ocrx_word' id='word_1_846' title='bbox 3275 5477 3564 5536; x_wconf 83' lang='lat' dir='ltr'><strong><em>vocentur,</em></strong></span> 
     </span>
    </p>
   </div>
   <div class='ocr_carea' id='block_1_110' title="bbox 1965 5549 3560 5634">
    <p class='ocr_par' dir='ltr' id='par_1_110' title="bbox 1965 5549 3560 5634">
     <span class='ocr_line' id='line_1_110' title="bbox 1965 5549 3560 5634; baseline 0.009 -31"><span class='ocrx_word' id='word_1_847' title='bbox 1965 5549 2210 5605; x_wconf 89' lang='lat' dir='ltr'><strong><em>nondum</em></strong></span> <span class='ocrx_word' id='word_1_848' title='bbox 2233 5550 2393 5621; x_wconf 88' lang='lat' dir='ltr'><strong><em>plane</em></strong></span> <span class='ocrx_word' id='word_1_849' title='bbox 2418 5555 2658 5626; x_wconf 87' lang='lat' dir='ltr'><strong><em>comperi</em></strong></span> <span class='ocrx_word' id='word_1_850' title='bbox 2685 5569 2700 5606; x_wconf 86' lang='lat'><strong>:</strong></span> <span class='ocrx_word' id='word_1_851' title='bbox 2727 5563 3039 5614; x_wconf 84' lang='lat' dir='ltr'><strong><em>utrumnam</em></strong></span> <span class='ocrx_word' id='word_1_852' title='bbox 3068 5560 3138 5617; x_wconf 82' lang='lat' dir='ltr'><strong><em>ab</em></strong></span> <span class='ocrx_word' id='word_1_853' title='bbox 3158 5560 3390 5634; x_wconf 78' lang='lat' dir='ltr'><strong><em>Origene</em></strong></span> <span class='ocrx_word' id='word_1_854' title='bbox 3417 5563 3560 5620; x_wconf 81' lang='lat' dir='ltr'><strong><em>Ada-</em></strong></span> 
     </span>
    </p>
   </div>
   <div class='ocr_carea' id='block_1_111' title="bbox 2251 5747 3552 5824">
    <p class='ocr_par' dir='ltr' id='par_1_111' title="bbox 2251 5747 3552 5824">
     <span class='ocr_line' id='line_1_111' title="bbox 2251 5747 3552 5824; baseline 0.012 -24"><span class='ocrx_word' id='word_1_855' title='bbox 2251 5762 2370 5824; x_wconf 87' lang='lat' dir='ltr'><strong><em>p_oc.</em></strong></span> <span class='ocrx_word' id='word_1_856' title='bbox 2395 5763 2434 5812; x_wconf 82' lang='grc' dir='ltr'><strong><em>ι,</em></strong></span> <span class='ocrx_word' id='word_1_857' title='bbox 2471 5747 2555 5824; x_wconf 89' lang='lat'><strong><em>8.__</em></strong></span> <span class='ocrx_word' id='word_1_858' title='bbox 2601 5751 2622 5783; x_wconf 82' lang='lat'><strong>&#39;</strong></span> <span class='ocrx_word' id='word_1_859' title='bbox 2667 5751 2820 5810; x_wconf 84' lang='lat' dir='ltr'><strong><em>Deut.</em></strong></span> <span class='ocrx_word' id='word_1_860' title='bbox 2853 5769 2930 5818; x_wconf 79' lang='lat' dir='ltr'><strong><em>vi,</em></strong></span> <span class='ocrx_word' id='word_1_861' title='bbox 2964 5755 3018 5812; x_wconf 80' lang='grc'>4.</span> <span class='ocrx_word' id='word_1_862' title='bbox 3099 5757 3119 5788; x_wconf 86' lang='grc'><strong><em>⁸</em></strong></span> <span class='ocrx_word' id='word_1_863' title='bbox 3149 5755 3322 5812; x_wconf 72' lang='lat' dir='ltr'><strong><em>Exod.</em></strong></span> <span class='ocrx_word' id='word_1_864' title='bbox 3355 5758 3552 5824; x_wconf 65' lang='lat'><strong><em>111,“.</em></strong></span> 
     </span>
    </p>
   </div>
   <div class='ocr_carea' id='block_1_112' title="bbox 281 5805 1876 5887">
    <p class='ocr_par' dir='ltr' id='par_1_112' title="bbox 281 5805 1876 5880">
     <span class='ocr_line' id='line_1_112' title="bbox 281 5805 1876 5880; baseline 0.002 -16"><span class='ocrx_word' id='word_1_865' title='bbox 281 5805 304 5836; x_wconf 75' lang='grc'><em>’⁷</em></span> <span class='ocrx_word' id='word_1_866' title='bbox 339 5806 498 5864; x_wconf 79' lang='lat' dir='ltr'><strong><em>Joan.</em></strong></span> <span class='ocrx_word' id='word_1_867' title='bbox 526 5819 640 5876; x_wconf 75' lang='lat' dir='ltr'><strong><em>xtv,</em></strong></span> <span class='ocrx_word' id='word_1_868' title='bbox 681 5805 770 5864; x_wconf 68' lang='lat'><strong><em>28.</em></strong></span> <span class='ocrx_word' id='word_1_869' title='bbox 845 5805 1046 5866; x_wconf 74' lang='lat' dir='ltr'><strong><em>&#39;Joau.</em></strong></span> <span class='ocrx_word' id='word_1_870' title='bbox 1087 5827 1218 5880; x_wconf 80' lang='lat' dir='ltr'><strong><em>xvn,</em></strong></span> <span class='ocrx_word' id='word_1_871' title='bbox 1261 5805 1313 5866; x_wconf 73' lang='grc'>5.</span> <span class='ocrx_word' id='word_1_872' title='bbox 1391 5815 1412 5846; x_wconf 77' lang='grc'><strong><em>⁸</em></strong></span> <span class='ocrx_word' id='word_1_873' title='bbox 1442 5810 1602 5868; x_wconf 79' lang='lat' dir='ltr'><strong><em>Joan.</em></strong></span> <span class='ocrx_word' id='word_1_874' title='bbox 1634 5830 1753 5880; x_wconf 76' lang='grc' dir='ltr'>ιἰιι,</span> <span class='ocrx_word' id='word_1_875' title='bbox 1787 5812 1876 5874; x_wconf 32' lang='grc' dir='ltr'><strong><em>12η</em></strong></span> 
     </span>
    </p>
   </div>
   <div class='ocr_carea' id='block_1_113' title="bbox 1981 5805 2576 5887">
    <p class='ocr_par' dir='ltr' id='par_1_113' title="bbox 2007 5805 2576 5887">
     <span class='ocr_line' id='line_1_113' title="bbox 2007 5805 2576 5887; baseline 0.007 -15"><span class='ocrx_word' id='word_1_876' title='bbox 2007 5819 2062 5872; x_wconf 86' lang='grc'>9.</span> <span class='ocrx_word' id='word_1_877' title='bbox 2141 5817 2184 5848; x_wconf 85' lang='grc'><strong><em>¹⁰</em></strong></span> <span class='ocrx_word' id='word_1_878' title='bbox 2214 5805 2491 5887; x_wconf 65' lang='grc' dir='ltr'>ΙἸοιιηξι,</span> <span class='ocrx_word' id='word_1_879' title='bbox 2522 5820 2576 5876; x_wconf 87' lang='grc'>5.</span> 
     </span>
    </p>
   </div>
  </div>
