4046 6480
570 361 708 417 1063

1992 364 2051 420 S.
2094 361 2435 422 ΕΡΙΡΙΙΛΜΙ

3622 316 3775 421 ἰοιι

569 477 796 540 mantio,
824 476 916 547 qui
974 487 1340 549 cognomento
1375 479 1687 553 Syntactcs,
1732 481 1835 537 hoc
1881 490 1967 537 est
2016 484 2154 537 lucu-

2269 486 2467 539 τάκτου
2499 483 2634 556 (22),
2656 482 2691 555 ἦ
2717 483 2877 539 ἄλλου
2905 482 3047 548 τινος
3062 479 3222 550 εἶναι,
3244 480 3435 552 ἀγνοῶ.
3462 481 3632 553 Ὅμως
3656 481 3781 540 who

569 571 775 631 brator,
810 576 897 623 est
932 567 1136 636 dictus,
1184 585 1250 623 an
1299 572 1368 625 ab
1401 571 1585 642 aliquo
1638 572 1850 639 altero;
1882 574 2051 644 quod,
2104 584 2164 629 ut

566 661 700 723 uixi,
738 662 954 730 penitus
986 661 1198 733 ignoro,
1229 678 1329 719 nec
1360 664 1506 719 aliud
1535 676 1730 735 prteter
1751 665 1934 735 ipsum
1964 681 2156 723 nomen

566 752 776 820 accepi.

638 842 845 898 Horum
872 858 1000 899 vero
1033 844 1258 902 haeresis
1292 846 1358 900 ad
1384 845 1683 918 Epiphanis
1724 846 1920 918 dogma
1946 846 2164 903 confor-

566 941 712 988 mata
740 935 976 1000 videtur,
1001 935 1070 991 de
1105 952 1214 1006 quo
1243 937 1296 990 in
1338 934 1727 991 Gnosticorum
1759 946 1907 993 secta
1952 952 2163 993 sermo-

567 1040 688 1080 nem
732 1033 894 1082 antea
934 1024 1185 1082 fecimus.
1220 1026 1388 1082 [idem
1436 1029 1685 1085 diversos
1735 1044 1799 1084 ex
1838 1028 2027 1084 Vetere
2054 1027 2162 1084 No-

568 1132 741 1187 voque
770 1115 1118 1173 Testamento
1166 1119 1335 1173 libros
1400 1120 1707 1174 aseiscunt.
1778 1116 2012 1189 Nuptias
2069 1134 2160 1175 re-

567 1209 813 1280 pudiant,
848 1226 1024 1281 neque
1066 1219 1246 1267 tamen
1284 1212 1542 1268 obscenis
1584 1212 1901 1268 libidinibus
1940 1213 2159 1267 modum

567 1300 736 1354 ullum
769 1300 1049 1379 adhibent,
1079 1301 1329 1373 adeoque
1362 1303 1511 1357 omni
1552 1317 1751 1373 genere
1798 1304 2077 1373 Spurcitiae
2107 1311 2161 1359 et

566 1408 765 1464 corpus
797 1408 979 1462 suum,
1009 1402 1060 1448 el
1102 1403 1339 1449 mentem
1372 1394 1725 1462 animamque
1762 1394 2158 1450 contaminant.

565 1483 794 1551 Quidam
826 1487 971 1540 enim
1013 1501 1077 1540 ex
1112 1486 1178 1540 iis
1214 1487 1574 1541 monasticam
1615 1486 1780 1540 vitam
1816 1486 1997 1556 specie
2042 1487 2160 1556 ipsa

566 1575 910 1646 proﬁtentur,
959 1576 1116 1647 521
1170 1576 1471 1647 itidemque
1526 1577 1786 1632 mulieres
1847 1576 1990 1631 idem
2036 1578 2161 1632 vitae

567 1667 875 1722 institutum
930 1667 1245 1738 praeferunt.
1298 1665 1403 1733 Qui
1457 1682 1648 1724 omnes
1700 1668 1977 1738 corruptis
2031 1675 2159 1723 sunt

564 1759 930 1830 corporibus:
966 1759 1099 1814 adeo
1140 1766 1198 1813 ut
1244 1774 1368 1812 cum
1401 1758 1682 1815 libidinem
1714 1760 1820 1832 ipsi
1862 1777 2020 1818 suam
2064 1778 2159 1819 ex-

2264 577 2323 630 τὸ
2348 576 2518 647 ὄνομα
2547 574 2977 647 κατειλήφαμεν.

2343 847 2409 899 Ἦ
2463 846 2673 917 αἵρεσις
2718 844 2775 899 δὲ
2834 845 2964 916 παρ’
2999 845 3181 908 αὐτοῖς
3220 842 3595 916 νομιστεύεται,
3623 842 3784 915 ὶῶσπερ

2262 936 2672 1009 ἀπεικαζομένη
2715 940 2783 1010 τῇ
2813 936 2908 991 τοῦ
2952 936 3301 1008 Ἐπιφάνους,
3326 936 3436 990 ἄνω
3460 952 3544 1006 μοι
3566 933 3783 1006 προδεδη-

2262 1028 2507 1100 λωμένου
2559 1030 2617 1083 ἐν
2660 1031 2781 1095 ταῖς
2822 1029 2962 1083 κατὰ
3017 1030 3146 1093 τοὺς
3196 1028 3527 1091 Γνωστικοῦς
3563 1026 3784 1096 αἱρέσεσι.

2263 1121 2484 1192 Γραφὰς
2529 1120 2588 1175 δὲ
2638 1113 2785 1175 οὗτοι
2831 1119 3262 1189 ἀναγινώσκουσι
3305 1119 3580 1189 διαφόρους
3618 1115 3785 1184 Καινῆς

2264 1213 2358 1266 καὶ
2394 1212 2640 1277 Παλαιᾶς
2691 1212 2988 1286 Διαθήκης.
3029 1212 3304 1289 ’Δθετοῦσι
3331 1211 3387 1264 δὲ
3415 1211 3601 1281 γάμον,
3629 1207 3708 1260 καὶ
3737 1208 3786 1258 οὐ
3830 1208 3833 1211 ⁷

2264 1303 2496 1358 παύεται
2529 1304 2624 1357 ἀπ’
2648 1303 2901 1375 αὐτῶνρὴ
2936 1305 3184 1374 λαγνεῐα.
3233 1302 3522 1357 Μολύνουσι
3541 1301 3594 1353 δὲ
3616 1295 3786 1352 ἑαυτῶν

2260 1395 2321 1449 τὸ
2358 1394 2539 1466 σῶμα,
2568 1395 2662 1448 καὶ
2696 1394 2787 1448 τὸν
2822 1393 2969 1459 νοῦν,
3010 1395 3107 1448 καὶ
3135 1394 3234 1465 τὴν
3270 1392 3447 1463 ψυχὴν
3479 1391 3533 1443 ἐν
3556 1383 3785 1456 ἀσελγεὶᾳ.

2261 1489 2325 1540 Ui
2368 1488 2465 1559 μὲν
2502 1488 2610 1559 γάρ
2658 1488 2763 1542 εἰσι
2814 1487 3164 1560 προσχήματι
3188 1483 3539 1557 μοναζόντων,
3573 1480 3689 1535 αἰδὲ
3713 1479 3788 1532 οὖν

2262 1580 2444 1643 αὐτοῖς
2491 1576 2647 1633 οὖσαι
2682 1580 3031 1651 προσχήματι
3067 1576 3436 1651 μοναξουσῶν.
3482 1572 3789 1644 Ἑφθαρμένοι

2259 1670 2316 1724 δέ
2342 1673 2448 1725 εἰσι
2474 1674 2587 1736 τοῖς
2614 1672 2850 1743 σώμασι,
2885 1671 2982 1743 τὴν
3020 1670 3121 1743 μὲν
3151 1667 3444 1740 ἐπιθυμίαν
3470 1664 3632 1719 αὐτῶν
3668 1665 3791 1714 ἐκτε-

2259 1759 2508 1829 λοῦντες,
2546 1761 2624 1833 τῷ
2660 1762 2717 1815 δέ
2772 1761 2917 1833 ἔργῳ
2978 1758 3328 1832 κεχρημένοι,
3378 1758 3466 1819 ἴνα
3518 1754 3791 1825 σεμνότερον

567 1853 769 1923 pleant,
819 1852 1051 1918 facinus,
1102 1858 1160 1905 ut
1206 1851 1492 1907 honestius
1536 1853 1737 1919 dicam,
1788 1854 1920 1910 illud
1965 1871 2154 1928 perpe-

2261 1856 2417 1922 εῐπω,
2441 1852 2537 1907 τοῦ
2585 1852 2717 1907 Υἱοῦ
2771 1853 2867 1907 τοῦ
2912 1852 3080 1907 Ἰούδα
3126 1851 3220 1905 τοῦ
3261 1850 3439 1904 Δύνᾶν
3487 1845 3788 1916 καλουμένου.

566 1954 731 2013 trent,
767 1945 910 2017 quod
953 1943 1106 1999 ludas
1148 1944 1290 2000 filius
1336 1943 1492 2000 Onan
1542 1946 1833 2004 admisisse
1881 1948 2082 2020 legitur
2116 1951 2158 2007 ί.

572 2036 708 2092 Nam
749 2047 807 2092 ut
837 2039 939 2093 iste
970 2052 1092 2091 cum
1142 2036 1413 2093 Thamare
1448 2037 1651 2104 coibat,
1688 2055 1752 2095 ac
1792 2041 2001 2096 libidini
2049 2058 2162 2099 suae

564 2128 959 2191 satisfaciebat,
1010 2144 1186 2199 neque
1239 2129 1538 2201 quidquam
1574 2140 1754 2188 tamen
1791 2133 1857 2187 ad
1889 2149 2160 2205 propaga-

565 2225 765 2278 tionem
809 2222 1034 2287 sobolis,
1087 2222 1398 2292 cujusmodi
1442 2223 1762 2280 hominibus
1807 2242 1837 2281 e
1878 2225 1988 2282 Deo
2024 2242 2160 2281 con-

562 2331 720 2373 cessa
748 2325 853 2379 est,
883 2316 1183 2380 eﬂiciebat;
1238 2318 1347 2371 imo
1372 2331 1502 2371 vero
1542 2316 1646 2371 sibi
1693 2332 1759 2371 eo
1803 2316 1924 2387 ipso
1971 2318 2158 2386 modo,

562 2424 671 2480 quo
694 2407 959 2479 ﬂagitium
992 2407 1123 2461 illud
1151 2407 1422 2477 patrabat,
1452 2408 1833 2464 consciseebat
1863 2409 2119 2478 injuriam
2144 2427 2158 2463 :

562 2501 645 2555 sic
673 2500 986 2570 Origeniani
1025 2499 1078 2552 in
1106 2499 1429 2554 detestanda
1472 2501 1564 2554 illa
1611 2515 1711 2557 sua
1748 2501 1973 2557 libidine
2011 2515 2162 2556 com-

562 2590 851 2656 mittenda,
903 2592 1162 2646 usitatam
1217 2606 1472 2647 venerem
1518 2592 1772 2663 persequi
1819 2592 2015 2648 solent.
2040 2591 2159 2646 Non

559 2687 708 2741 enim
765 2686 843 2740 illi
884 2687 1213 2752 castitatem,
1260 2687 1356 2741 sed
1403 2685 1678 2741 castitatis
1722 2687 2152 2749 simulationem,

561 2775 653 2830 cui
704 2774 843 2831 falso
889 2790 1088 2830 nomen
1143 2773 1277 2828 illud
1336 2774 1629 2839 tribuitur,
1677 2790 1789 2844 prae
1835 2790 1894 2831 se
1952 2772 2156 2830 ferunt.

560 2864 695 2933 Qua:
722 2866 776 2921 id
819 2866 1053 2928 atl‘ectat,
1104 2873 1184 2929 ut,
1235 2881 1357 2936 quae
1402 2873 1760 2935 constuprata
1808 2867 1881 2921 sit
1938 2866 2156 2934 mulier,

562 2971 852 3028 praegnans
889 2971 1000 3011 non
1055 2954 1165 3020 fiat,
1221 2962 1316 3009 aut
1367 2970 1438 3011 ne
1488 2954 1633 3011 fctus
1691 2955 1900 3026 aliquid
1955 2956 2157 3026 pariat,

561 3062 697 3104 neve
734 3048 788 3103 id
831 3048 1078 3103 homines
1136 3048 1477 3111 resciscant;
1527 3047 1669 3116 apud
1722 3064 1863 3119 quos
1911 3062 2013 3103 suo
2063 3047 2159 3102 illo

559 3140 921 3207 castimoniae,
973 3149 1032 3194 ut
1080 3147 1297 3211 putant,
1352 3139 1607 3195 instituto
1658 3139 1715 3195 in
1763 3141 1938 3211 pretio
1992 3149 2158 3211 atque

2272 1947 2359 2011 Ὧς
2377 1947 2485 2017 γὰρ
2510 1947 2715 2010 ἐκεῖνος
2734 1944 2811 2017 τῷ
2842 1944 3053 2018 σώματι
3084 1945 3184 2017 μὲν
3210 1946 3276 2016 τῇ
3299 1942 3497 2013 Θάμαρ
3525 1941 3789 2009 συνήπιετο,

2262 2040 2354 2093 καὶ
2380 2039 2478 2111 τὴν
2506 2039 2804 2110 ἐπιθυμίαν
2842 2038 3097 2105 ἐξετέλει,
3135 2038 3215 2100 εἰς
3252 2033 3555 2103 καταϐολὴν
3604 2032 3655 2084 δὲ
3695 2045 3791 2081 παι-

2259 2131 2500 2195 δοποιίας
2554 2130 2694 2186 κατὰ
2746 2131 2847 2203 τὴν
2896 2130 3002 2185 ὑπὸ
3033 2128 3169 2182 Θεοῦ
3201 2127 3446 2181 δοθεῖσαν
3501 2120 3791 2177 παιδοποιίαν

2260 2222 2362 2276 οὐκ
2413 2221 2833 2293 ἐτελεσιούργει,
2879 2220 3014 2274 ἀλλὰ
3048 2218 3239 2272 ἑαυτὸν
3272 2217 3472 2289 ἠδίκει,
3496 2209 3538 2283 ᾧ
3568 2214 3727 2285 τρόπῳ
3747 2210 3792 2262 τὸ

2264 2314 2499 2385 πονηρὸν
2528 2312 2815 2385 εἰργάζετο
2838 2329 2852 2342 θ
2904 2311 3048 2366 οὕτω
3088 2311 3185 2365 καὶ
3214 2302 3360 2363 οὗτοι
3400 2307 3677 2378 κέχρηνται

2260 2408 2382 2470 ταῖς
2429 2404 2834 2477 νομιζομέναις,
2888 2403 3169 2467 τελοῦντες
3220 2400 3428 2473 ταύτην
3451 2399 3545 2471 τὴν
3584 2396 3793 2466 ἀθέμιτον

2262 2498 2546 2569 ἐργασίαν.
2609 2496 3040 2569 Πεφιλοτίμηται
3101 2494 3209 2568 γὰρ
3263 2495 3397 2565 παρ’
3450 2492 3623 2554 αὐτοῖς
3660 2486 3792 2558 οὑχὴ

2262 2589 2476 2657 ἁγνεία,
2507 2588 2622 2642 ἀλλ’
2656 2588 2985 2660 ὕποκριτικὴ
3044 2587 3142 2659 μὲν
3171 2586 3363 2655 ἁγνεία
3399 2584 3476 2656 τῷ
3501 2582 3700 2653 ὀνόματι
3718 2593 3794 2631 κα·

2261 2683 2520 2755 λουμένη,
2539 2682 2889 2756 φιλοτίμησις
2907 2682 2965 2736 δὲ
2991 2681 3096 2745 ἕως
3123 2679 3217 2734 τοῦ
3247 2680 3321 2751 μὴ
3350 2678 3699 2750 ἐγκυμονῆσαι
3719 2673 3795 2742 τὴν

2262 2776 2367 2829 ὑπὸ
2399 2774 2492 2829 τοῦ
2533 2774 2820 2840 δοκοῦντος
2863 2777 2884 2807 ¹
2936 2772 3204 2845 ἐφθάρθαι
3245 2773 3485 2841 γυναῖκα
3507 2788 3529 2802 ι
3566 2769 3598 2838 ἢ
3633 2768 3706 2819 ἵνα
3737 2762 3793 2833 μὴ

2262 2869 2585 2941 φωραθῶσιν
2609 2868 2714 2923 ὑπὸ
2752 2865 3071 2939 ἀνθρώπιον,
3097 2865 3415 2936 βουλόμενοι
3460 2866 3518 2917 ἐν
3545 2861 3665 2931 τιμῇ
3690 2853 3795 2910 εἶναι

2259 2961 2348 3016 διὰ
2374 2962 2471 3033 τὴν
2497 2960 2861 3033 νομιζομένην
2908 2959 3036 3032 παρ’
3086 2959 3272 3021 αὐτοῖς
3298 2957 3401 3029 τῆς
3430 2955 3639 3025 ἁγνείας
3660 2953 3796 3018 ἄσκη’

2263 3067 2376 3103 σιν·
2407 3052 2555 3121 ὅμως
2579 3049 2736 3103 τοῦτο
2762 3049 2941 3103 αὐτῶν
2975 3051 3091 3102 ἐστι
3123 3047 3184 3101 τὺ
3219 3046 3404 3118 ἔργον,
3434 3045 3604 3117 ἕτεροι
3621 3042 3671 3095 δὲ
3696 3037 3797 3093 αὐτὸ

2259 3141 2415 3196 τοῦτο
2442 3141 2849 3212 φιλοτιμοῦνται
2891 3141 2954 3194 τὸ
3003 3138 3245 3211 μυσαρὸν
3273 3136 3566 3201 ἐπιτελεῖν,
3606 3132 3710 3203 οὐχὶ
3731 3130 3797 3183 διὰ

558 3206 973 3288 existimatione
995 3206 1119 3287 esse
1160 3230 1412 3301 cupiunt.
1441 3230 1619 3301 Atque
1652 3206 2154 3292 hoc-nihilominus

2257 3206 2550 3304 γυναικῶν,
2577 3206 2713 3287 ἀλλὰ
2742 3234 2837 3286 καὶ
2881 3206 3060 3294 ἄλλοις
3091 3206 3334 3303 τρόποις,
3375 3229 3538 3291 ἰδίαις
3562 3223 3699 3297 χερσὶ

559 3338 699 3393 opus
731 3322 948 3377 illorum
979 3328 1064 3377 est
1102 3336 1166 3376 ae
1205 3320 1440 3377 facinus.
1476 3320 1582 3377 Sed
1621 3323 1712 3377 alii
1754 3330 1967 3394 turpem
2003 3326 2151 3381 illam

561 3412 1001 3482 ﬂagitiosamque
1030 3426 1143 3465 rem
1174 3410 1282 3465 alia
1319 3411 1552 3478 ratione,
1586 3428 1748 3482 quam
1792 3429 1918 3467 cum
1958 3416 2154 3472 mulie-

559 3504 735 3567 ribus,
760 3511 1049 3568 exercent;
1086 3516 1151 3557 ac
1179 3494 1294 3558 sdis
1328 3502 1433 3573 ipsi
1463 3504 1716 3559 manibus
1748 3505 1815 3558 ad
1849 3504 2149 3563 foeditatem

558 3598 884 3650 abutuntur.
924 3595 1039 3649 Nec
1087 3594 1270 3649 minus
1329 3594 1420 3648 isti
1465 3592 1639 3659 Judm,
1684 3610 1845 3668 quem
1888 3596 2148 3664 diximus,

560 3687 845 3741 imitantur
889 3687 1099 3751 (ilium;
1147 3684 1278 3740 dum
1325 3684 1552 3741 nefariis
1591 3686 1709 3742 suis
1743 3688 2067 3755 sceleribus,
2096 3698 2152 3747 et

557 3778 911 3834 abominandi
963 3776 1212 3833 humoris
1255 3775 1625 3833 destillatione
1665 3787 1866 3834 terram
1902 3796 2149 3838 comma-

2258 3322 2560 3394 λυνόμενοι.
2583 3323 2693 3376 Καὶ
2716 3322 2978 3386 ὡσαύτως
3011 3320 3301 3394 μιμοῦνται
3330 3321 3426 3374 τὸν
3454 3314 3799 3391 προειρημένον

2259 3415 2374 3468 υἱὸν
2395 3414 2490 3468 τοῦ
2529 3414 2715 3478 Ἰούδα,
2744 3414 2841 3486 τὴν
2868 3415 2971 3486 γῆν
3010 3416 3127 3476 ταῖς
3155 3412 3442 3484 ἀθεμίτοις
3469 3410 3638 3464 αὐτῶν
3663 3410 3797 3479 ἐργα-

2260 3507 2402 3572 σίαις
2421 3508 2516 3561 καὶ
2539 3510 2809 3579 μυσαραῖς
2833 3506 3090 3577 σταγόσιν
3114 3504 3554 3578 ἐπιμολύνοντες,
3575 3503 3658 3557 καὶ
3674 3498 3800 3553 ποσὶν

2257 3601 2465 3655 ἑαυτῶν
2493 3601 2677 3675 ῥύσεις
2724 3599 2985 3673 [ἑαυτῶν]
3010 3599 3395 3670 ἀνατρίὼντες
3420 3601 3480 3653 ἐν
3507 3600 3571 3668 τῇ
3609 3597 3671 3666 γῇ
3694 3610 3709 3625 ·
3731 3592 3798 3645 ἵνα

2261 3695 2335 3764 μὴ
2369 3693 2664 3765 ἁρπαγῶσι
2703 3692 2774 3746 τὰ
2816 3693 3026 3747 ἑαυτῶν
3058 3691 3350 3763 σπέρματα
3382 3692 3492 3745 ὑπὸ
3522 3686 3799 3757 ἀκαθάρτων

2259 3784 2607 3857 πνευμάτων,
2634 3786 2714 3848 είς
2734 3783 3002 3856 ὑποδοχὴν
3028 3785 3480 3856 ἐγκυμονήσεως.

556 3867 777 3936 culant;
814 3868 925 3923 imo
978 3882 1110 3923 vero
1158 3865 1482 3937 profluvium
1538 3869 1668 3923 illud
1718 3886 1879 3924 suum
1925 3871 1980 3925 in
2026 3874 2147 3927 solo
2173 3874 2405 3945 pedibus
2442 3881 2739 3942 exterunt;
2780 3890 2849 3931 ne
2884 3875 3203 3945 subreptum
3270 3875 3340 3930 ab
3411 3873 3637 3945 impuris
3668 3867 3800 3940 spiti-

557 3963 705 4017 tibus
735 3961 802 4016 ad
830 3962 994 4015 ullam
1030 3959 1172 4015 fetus
1203 3961 1637 4030 procreationem
1667 3963 1842 4032 possit
1873 3964 2073 4034 excipi.

630 4053 695 4109 ll.
728 4055 995 4110 Caeterum
1029 4053 1212 4108 varios
1241 4093 1255 4117 ,
1289 4052 1369 4106 uti
1423 4051 1559 4118 dixi,
1594 4061 1703 4108 tam
1734 4052 1946 4112 Veteris
1980 4072 2146 4127 quam

557 4143 694 4201 Novi
720 4143 1058 4200 Testamenti
1091 4144 1264 4199 libros
1306 4142 1611 4213 adhibent;
1650 4160 1749 4201 nec
1787 4162 1898 4201 non
1928 4156 1982 4202 et
2016 4163 2149 4220 apo-

557 4239 796 4309 cryphos
825 4238 1117 4309 quosdam,
1148 4236 1298 4292 velut
1326 4235 1577 4301 Andreae,
1609 4246 1663 4294 et
1690 4238 1921 4294 aliorum
1950 4240 2143 4298 Actus.

2312 4052 2387 4106 B’.
2410 4052 2722 4125 Κέχρηνται
2744 4021 2822 4117 δὲ,
2846 4050 2923 4115 ὼς
2944 4048 3104 4121 ἔφην,
3129 4048 3414 4121 διαφόροις
3436 4052 3687 4125 γραφαῖς,
3704 4048 3796 4101 Πα-

2236 4141 2398 4206 λαιᾶς
2419 4144 2514 4198 καὶ
2536 4143 2746 4216 Καινῆς
2770 4143 3070 4215 Διαθήκης,
3093 4142 3188 4196 καὶ
3208 4143 3556 4215 ἀποκρύφοις
3574 4143 3692 4205 τισὶ,
3714 4140 3794 4210 μά·

2235 4238 2394 4292 λιστα
2412 4236 2534 4298 ταῖς
2554 4235 2879 4306 λεγομέναις
2903 4235 3172 4308 Πράξεσιν
3207 4234 3460 4307 Ἀνδρέου
3487 4235 3580 4289 καὶ
3605 4232 3705 4286 τῶν
3722 4230 3795 4286 ἆ).-

559 4330 725 4385 lidem
757 4337 813 4384 et
852 4329 919 4385 de
967 4329 1175 4384 incesta
1228 4329 1320 4384 illa
1377 4345 1479 4385 sua
1517 4345 1720 4385 venere
1763 4331 1940 4401 palam
1975 4331 2143 4386 etiam

2256 4347 2363 4384 .wv.
2402 4327 2543 4398 Ἤδη
2564 4325 2622 4380 δέ
2650 4329 2897 4381 κάκεῖνοι
2931 4329 3089 4383 αὐτοὶ
3128 4328 3510 4399 ἐκαυχήσαντο
3546 4324 3792 4383 πολλάκις,

557 4423 781 4495 gloriari
835 4437 946 4476 non
1002 4421 1296 4488 dubitant;
1334 4429 1390 4476 et
1436 4436 1557 4477 eam
1613 4421 1874 4476 audacter
1912 4436 1975 4476 ac
2024 4421 2146 4477 sine

2256 4421 2311 4486 ὓς
2336 4419 2917 4492 πεπαῤῥησιασμένως
2938 4419 3099 4475 τοῦτο
3123 4418 3418 4474 ἐπιτελεῖν.
3446 4412 3796 4489 Κατηγοροῦσι

559 4486 671 4566 ullo
726 4510 935 4580 pudore
975 4486 1313 4580 perpetrant.
1374 4508 1596 4565 Interim
1655 4525 1784 4565 vero
1842 4511 2147 4567 catholicos

2256 4511 2289 4567 ἑὲ
2307 4512 2469 4584 δῆθεν
2613 4513 2672 4565 ἐν
2693 4486 2760 4583 sil
2776 4511 3078 4584 Ἐκκλησία
3092 4510 3192 4575 τὰς
3207 4511 3522 4581 ἀταπητὰς
3534 4486 3797 4580 λεγομένας

560 4602 682 4655 illos
713 4600 945 4654 clericos
979 4606 1279 4665 accusant,
1319 4600 1413 4668 qui
1461 4600 1718 4666 dilectas,
1749 4615 1887 4671 quas
1926 4609 2144 4663 vocant,

556 4702 609 4748 et
638 4690 1039 4746 contubernales
1076 4689 1307 4747 feminas
1352 4692 1670 4746 asciscunt:
1712 4706 1851 4761 quos
1890 4702 2148 4747 asserunt

554 4784 868 4840 clanculum
903 4781 1051 4837 istud
1085 4784 1263 4853 ipsum
1301 4790 1523 4854 propter
1559 4760 1842 4839 hominum
1882 4786 2145 4855 pudorem

553 4877 933 4940 committere,
991 4882 1049 4929 ut
1099 4881 1152 4930 et
1192 4889 1315 4928 cum
1356 4875 1602 4945 nequitia
1642 4875 1733 4930 illa
1767 4877 2143 4947 sepeliantur;

552 4978 608 5026 et
640 4970 821 5041 specie
849 4960 1035 5032 tentis,
1091 4967 1164 5022 ob
1194 4967 1427 5022 aliorum
1457 4967 1845 5024 verecundiam
1874 5008 1889 5032 ,
1922 4972 2143 5026 castita-

553 5065 626 5119 tis
658 5064 880 5119 nomine
918 5063 1242 5134 glorientur.
1278 5065 1356 5116 Ae
1410 5062 1663 5117 nonnulli
1719 5078 1788 5118 ex
1839 5063 1906 5121 iis
1958 5075 2140 5122 certos

554 5156 837 5220 homines,
874 5157 967 5224 qui
999 5155 1108 5226 jam
1151 5156 1260 5210 vita
1297 5155 1465 5209 functi
1500 5164 1671 5218 sunt,
1709 5153 1777 5209 ad
1812 5170 1899 5211 me
1940 5157 2143 5212 detule-

549 5259 718 5315 runt;
755 5265 785 5302 a
836 5248 1038 5319 quibus
1069 5248 1428 5303 commissum
1477 5246 1581 5302 hoc
1629 5244 1818 5316 flagitii
1856 5262 2031 5318 genus
2060 5246 2145 5302 af-

551 5338 867 5402 firmarent,
907 5339 1069 5410 idque
1098 5355 1158 5395 se
1189 5340 1259 5395 ab
1303 5338 1436 5409 ipsis
1457 5381 1471 5402 ,
1504 5352 1643 5408 quas
1671 5337 1750 5391 illi
1796 5352 2146 5408 compresse-

548 5439 700 5494 rant,
751 5429 1093 5486 mulierculis
1127 5431 1427 5502 accepisse.
1466 5430 1611 5485 Inter
1661 5445 1799 5501 quos
1846 5433 2138 5502 quemdam

619 5585 789 5641 ‘Gen.
814 5597 1044 5650 xxxvnl,
1065 5587 1117 5642 9.
1194 5591 1214 5620 ³
1241 5587 1298 5642 F.
1323 5588 1381 5642 οὐ
1399 5588 1679 5643 δοκοῦσαν.

2248 4603 2689 4672 συνεισάκτους
2720 4607 2984 4674 γυναῖκας
3016 4607 3391 4678 κεκτημένων,
3421 4607 3499 4670 ὡς
3527 4604 3622 4658 καὶ
3650 4599 3801 4656 αὐτῶν

2246 4696 2406 4750 τοῦτο
2438 4698 2832 4754 ἐπιτελούντων
2879 4698 3065 4771 κρυφῆ
3109 4699 3199 4753 διὰ
3243 4699 3341 4771 τὴν
3380 4698 3491 4752 τῶν
3531 4694 3801 4767 ἀνθρώπων

2249 4789 2413 4842 αἰδῶο
2447 4790 2536 4844 ἵνα
2572 4791 2671 4861 μὲν
2695 4793 2761 4863 τῇ
2797 4792 3027 4865 πονηρίᾳ
3054 4792 3489 4856 συνθάπτωνται,
3524 4788 3672 4862 τῷδέ
3696 4801 3805 4857 προο

2251 4883 2493 4953 σχήματι
2518 4884 2624 4937 τῶν
2652 4884 2749 4938 ἀνθ
2758 4885 2957 4957 ρώπων
2978 4886 3141 4940 ἕνεκα
3158 4886 3220 4939 τὸ
3244 4886 3413 4956 ὄνομα
3441 4902 3500 4938 σε
3509 4883 3684 4955 μνύνω
3694 4895 3801 4933 nat.

2249 4974 2611 5044 Διελέχθησαν
2653 4977 2711 5030 δὲ
2753 4980 2885 5049 ἡμῖν
2920 4979 3015 5032 καί
3044 4996 3189 5042 τινες
3224 4978 3347 5049 περί
3375 4994 3540 5030 τινων
3584 4972 3808 5037 τελευτην

2251 5070 2482 5134 σάντων,
2514 5072 2608 5125 καὶ
2631 5071 2792 5143 δῆθεν
2823 5072 2902 5136 ὡς
2937 5072 3102 5125 τινῶν
3135 5071 3293 5126 τοῦτο
3322 5069 3722 5132 ἐπιτελούντων,
3745 5061 3805 5121 ὡς

2249 5163 2356 5216 ὑπὸ
2376 5164 2483 5216 τῶν
2507 5163 2883 5235 βεϐιασμένων
2906 5163 2997 5219 ὑπ’
3014 5165 3192 5219 αὐτῶν
3216 5163 3491 5234 γυναικῶν
3513 5157 3804 5239 ἀκηκοότες·

2249 5255 2307 5307 ἐν
2360 5249 2443 5319 οἷς
2494 5256 2590 5309 καὶ
2627 5258 2797 5328 ὄνομα
2829 5258 3127 5311 ἐπισκόπου
3173 5260 3252 5321 εἰς
3297 5257 3458 5327 μέσον
3493 5254 3697 5325 ἔφερον.
3733 5247 3803 5299 Ἐν

2252 5344 2407 5398 πόλει
2443 5349 2618 5419 μικρᾷ
2672 5350 2773 5419 τῆς
2828 5348 3197 5417 Παλαιστίνης
3249 5346 3341 5400 τὸν
3386 5345 3484 5399 τοῦ
3538 5340 3804 5397 ἐπισκόπου

2249 5436 2448 5509 κλῆρον
2478 5439 2569 5491 ἐπὶ
2608 5441 2810 5504 ἱκανοῖς
2844 5440 2988 5494 ἔτεσι
3021 5440 3416 5512 διοικήσαντος,
3457 5435 3737 5508 ἐσχηκότος
3758 5426 3807 5480 δὲ

605 5742 717 5816 (22)
765 5736 1168 5825 Ῑξξξ-ξξψεένρὶυ
1209 5745 1330 5825 ,τοῦ
1382 5744 1749 5825 Σξυνιςάφιτου.
1798 5746 2024 5805 Hieron.
2083 5749 2139 5806 In

2256 5752 2292 5824 Γ.
2356 5754 2513 5825 Apol.
2565 5752 2594 5808 Ι
2625 5769 2643 5808 :
2688 5752 2796 5809 Pro
2824 5751 3118 5808 eruditione
3174 5765 3280 5820 qua
3334 5745 3522 5816 polles,
3565 5749 3612 5797 et
3656 5729 3794 5800 inrig-

531 5806 622 5870 Ius‘
645 5806 976 5870 σύντὰκτης
1009 5809 1061 5862 in
1094 5813 1376 5870 Occidente
1407 5816 1669 5871 laudaris.
