4046 6436
242 437 378 495 1005

916 432 1284 490 ADVERSUS
1324 429 1665 487 ΠΛΞΒΕΞΕΞ
1698 429 1824 484 LIB.
1870 431 1931 485 ll.
1977 430 2138 522 T_O‘M.
2181 432 2221 485 l.
2247 463 2313 471 -—
2354 429 2630 486 llzﬁRES.
2674 427 2860 485 LXIII.

3362 431 3496 488 1MB

241 557 494 621 τοιαύτας
520 559 782 625 γυναῖκας
826 555 1337 628 ἐξυπηρετουμένας
1371 552 1543 624 αὐτῷ,
1580 552 1722 622 φημὶ
1757 550 1814 604 δὲ

1934 551 2234 622 episcopum
2277 552 2674 616 nominabant,
2708 551 2804 621 qui
2841 551 2911 615 .in
2965 549 3160 620 exiguo
3196 549 3502 608 Palaestinae

242 645 648 711 συνεισάκτους.
689 647 850 702 Ἀλλά
883 649 977 702 καὶ
1009 645 1068 711 ἐξ
1099 645 1448 716 όμολογητῶν
1468 641 1558 696 τὸν
1583 641 1822 696 τοιοῦτον

241 738 370 791 ὂντα
419 737 658 808 οἴδαμεν.
695 739 884 808 Ὅμως
925 741 1036 802 τοῖς
1085 736 1329 808 είρηκόσι
1380 734 1539 789 τοῦτο
1586 735 1678 788 καὶ
1715 734 1824 787 ἀπὸ

241 833 349 882 τῶν
383 827 658 896 γυναικῶν
692 829 986 900 ἀκηκοέναι
1025 826 1326 897 φάσκουσιν
1353 826 1414 878 οὐ
1458 822 1824 877 πεπιστεύκα-

241 938 367 989 μεν.
405 920 468 971 Ἠ
500 919 610 991 γὰρ
636 919 851 989 ἀνάγκη
879 919 979 988 τῆς
1001 918 1110 971 τῶν
1139 917 1438 987 εἰρηκότων
1461 913 1825 986 κακοτροπίας

241 1009 548 1063 ὑπέϐαλλεν
581 1012 714 1080 ἡμῖν
743 1002 873 1064 ποτὲ
905 1009 1003 1079 μὲν
1044 1007 1339 1071 πιστεύειν,
1368 1006 1498 1059 ’τοτὲ
1531 1003 1589 1059 δὲ
1631 1005 1706 1076 μὴ
1737 1022 1826 1057 πι-

242 1099 483 1162 στεύειν,
526 1101 619 1154 ἐπὶ¹
661 1099 757 1171 τὴν
803 1099 896 1153 τοῦ
943 1099 1343 1172 προειρημένου
1406 1098 1658 1169 γέροντος
1702 1099 1824 1150 ἐπι-

243 1191 451 1265 σκόπου
507 1193 644 1261 μετά
693 1192 792 1263 τὴν
834 1186 998 1245 αὐτοῦ
1047 1190 1299 1261 τελευτὴν
1346 1187 1716 1260 κακοφημίανέ
1759 1182 1826 1241 Ἦ

243 1280 358 1352 γὰρ
387 1283 535 1335 αἰτία
563 1284 595 1352 ή
629 1284 708 1346 εἰς
735 1281 896 1336 αὑτὸν
926 1281 1180 1352 φθάσασα
1223 1279 1446 1352 τοιαύτη
1475 1297 1558 1344 τις
1583 1274 1821 1348 γέγονεν·

254 1373 434 1427 Ἑάλω
468 1391 550 1437 τις
578 1373 817 1436 τοιοῦτος
847 1372 940 1427 ἐπὶ
989 1373 1231 1445 ἁμαρτία
1276 1371 1552 1438 γυναικός.
1601 1371 1712 1426 Καὶ
1751 1371 1826 1433 ὡς

245 1463 508 1534 ἠλέγχετο
558 1464 646 1533 ὑφ’
689 1464 866 1535 ἡμῶν,
911 1455 1207 1533 ἀπολογίαν
1253 1455 1456 1534 ταύτην
1499 1456 1712 1534 ἔφερεν,
1751 1462 1826 1527 ὡς

244 1556 350 1626 τῆς
381 1556 791 1627 συμτρθαρείσης
821 1555 969 1627 αὐτῷ
1000 1556 1275 1625 γυναικὸς,
1322 1547 1564 1624 καίτοιγε
1593 1555 1694 1626 ἠδη
1731 1565 1828 1606 πε-

247 1649 638 1719 παλαιωμένης
680 1648 771 1702 τὸν
813 1648 1036 1718 χρόνον,
1096 1648 1190 1702 καὶ
1241 1649 1300 1700 ἐν
1351 1641 1535 1719 ἡλικίᾳ
1581 1647 1829 1718 γηραλέα

243 1731 622 1811 ὑπαρχούσης,
668 1738 928 1808 εἰπούσης
966 1739 1116 1810 αὐτῷ
1161 1738 1259 1810 τὴν
1302 1739 1404 1808 τῆς
1450 1738 1828 1809 κακοπραγίας

247 1830 552 1900 ἐργασίαν·
586 1830 661 1894 ὡς
703 1829 934 1901 χρῆσθαι
983 1831 1080 1901 μὲν
1127 1830 1290 1885 αὐτὸν
1341 1831 1645 1895 ἐδίδασκεν,
1695 1829 1827 1894 ἕξω-

1925 635 2126 712 Oppido
2165 643 2352 699 multis
2403 643 2562 697 annis
2617 641 2876 698 Ecclesiae
2928 641 3175 711 prmfuit,
3235 641 3396 712 522
3451 653 3505 698 ct

1925 733 2344 790 contubernales
2380 734 2691 790 istiusmodi
2746 733 2977 790 feminas
3031 734 3095 788 ad
3141 736 3502 792 domesticum

1925 824 2292 880 ministerium
2325 826 2550 880 habuit°
2593 841 2753 895 quem
2791 841 2889 881 nos
2916 826 3078 880 etiam
3117 842 3182 882 ex
3231 826 3508 885 confesso-

1927 929 2048 968 rum
2078 930 2307 971 numero
2335 915 2509 972 fuisse
2541 917 2769 972 scimus.
2794 915 2899 973 Sed
2929 917 3018 980 iis,
3051 918 3146 987 qui
3174 918 3243 974 de
3269 935 3336 975 eo
3356 920 3504 976 istud

1928 1001 2283 1070 afﬁrmarent,
2324 1014 2379 1062 et
2431 1007 2498 1063 de
2529 996 2870 1064 mulierculis
2903 1009 3040 1080 ipsis
3071 1011 3396 1081 cognovisse
3424 1011 3505 1066 di-

1927 1104 2137 1161 cerent,
2174 1096 2332 1152 [idem
2363 1099 2568 1152 nullam
2602 1097 2965 1155 adhibendam
3000 1100 3334 1172 putavimus.
3367 1101 3503 1156 Nam

1927 1199 2119 1240 eorum
2153 1178 2249 1256 qui
2302 1186 2354 1241 id
2389 1181 2671 1257 iactabant
2696 1226 2712 1255 ,
2745 1188 3066 1259 improbitas
3121 1190 3504 1248 necessitatem

1927 1276 2222 1347 quamdam
2277 1280 2501 1345 attulit,
2535 1288 2595 1335 ut
2648 1278 2940 1351 aliquando
2971 1280 3318 1339 crederemus
3350 1327 3364 1350 ,
3405 1284 3507 1339 ali-

1928 1366 2148 1436 quando
2181 1368 2402 1425 minime
2436 1372 2787 1427 crederemus
2815 1388 2935 1442 qua:
2967 1373 3033 1428 ad
3075 1389 3226 1430 senis
3260 1373 3402 1431 illius
3431 1377 3504 1430 in-

1930 1457 2150 1512 famiam
2182 1459 2448 1532 episc0pi,
2481 1471 2607 1532 post
2643 1463 2765 1534 ejus
2793 1462 3027 1529 obitum,
3060 1465 3345 1520 referrent.
3379 1465 3510 1521 Por-

1930 1563 1992 1605 ro
2024 1549 2228 1605 crimen
2256 1551 2386 1607 illud
2413 1552 2571 1622 cujus
2600 1553 3043 1618 insimulabatur,
3084 1555 3352 1624 ejusmodi
3383 1558 3506 1612 fuit.

1929 1637 2066 1693 Cum
2095 1653 2161 1695 ex
2185 1654 2248 1695 ea
2276 1640 2512 1698 factione
2539 1654 2600 1697 ac
2631 1658 2794 1714 grege
2818 1644 3038 1714 quidam
3066 1645 3324 1701 facinoris
3351 1646 3508 1703 istius

1931 1730 2215 1786 convictus
2257 1745 2286 1784 a
2321 1732 2486 1788 nobis
2535 1733 2987 1805 redargueretur,
3031 1736 3136 1790 hoc
3183 1736 3250 1791 ad
3281 1750 3512 1808 purgans

1931 1820 2062 1873 dum
2098 1835 2222 1876 sese
2255 1822 2309 1877 in
2350 1821 2586 1877 medium
2615 1825 2824 1879 attulit:
2859 1826 2927 1880 ab
2958 1841 3019 1881 ea
3041 1866 3056 1892 ,
3093 1843 3255 1898 quam
3295 1839 3510 1884 constu-

247 1919 346 1973 θεν
379 1921 566 1987 δὲτὰς
613 1923 863 1993 μυσαρὰς
911 1921 1074 1976 αὐτοῦ
1127 1923 1262 1994 ρυὰς
1318 1922 1410 1976 ἐπὶ
1455 1921 1558 1992 γῆς
1612 1923 1826 1975 διασκε-

1934 1919 2181 1980 praverat
2211 1953 2224 1978 ,
2260 1911 2461 1968 femina
2487 1955 2502 1980 ,
2562 1929 2876 1987 quanquam
2915 1917 3072 1972 eﬂ‘eta
3118 1918 3230 1988 jam
3263 1928 3320 1975 et
3373 1938 3512 1978 anus

247 2012 454 2083 δάςειν.

338 2293 402 2353 I".
438 2294 546 2352 Kal.
576 2297 713 2370 αὕτη
764 2298 861 2370 μὲν
901 2301 934 2371 ή
968 2292 1170 2354 τούτων
1218 2302 1438 2371 μυσαρά
1481 2301 1623 2354 ἐστιν
1665 2301 1829 2370 ἐργα-

250 2383 367 2454 σία,
397 2393 488 2445 τὸν
516 2393 639 2446 νοῦν
681 2392 859 2446 αὐτῶν
889 2391 1172 2457 άπατῶσα,
1215 2392 1308 2445 καὶ⁹
1349 2393 1414 2444 ἐκ
1461 2390 1708 2444 διαϐόλου
1741 2408 1831 2444 τε-

249 2483 601 2556 τυφλωμένη.
627 2479 729 2538 Ὧν
748 2484 846 2548 τὰς
879 2483 1183 2555 μαρτυρίας
1209 2484 1274 2537 δι’
1303 2476 1379 2538 ὧν
1417 2483 1724 2549 πίπτουσιν,
1751 2483 1830 2546 είς

250 2575 422 2646 μέσον
449 2575 636 2646 φέρειν
663 2575 763 2628 οὐκ
784 2576 1081 2644 ἀναγκαῖον
1107 2575 1340 2647 ἥγημαι,
1371 2576 1458 2630 ἵνα
1497 2572 1570 2646 μὴ
1591 2574 1832 2646 δόξωμεν

249 2667 320 2721 δι’
372 2661 447 2722 ὧν
501 2667 798 2738 βουλόμεθα
849 2668 1221 2740 ἀκριϐολογεῖν
1258 2670 1338 2731 είς
1387 2668 1705 2738 ἀποτροπὴν
1731 2668 1832 2736 τῆς

249 2760 514 2829 ἀθεμίτου
545 2760 830 2829 ἀσελγείας
867 2761 1100 2829 ἑκάστης
1143 2759 1660 2831 αἱρέσεως,-μᾶλλον
1699 2777 1833 2830 προ-ι

250 2849 547 2922 τρέπεσθαι
576 2851 684 2904 τῶν
715 2851 1057 2922 ἀστηρίκτων
1086 2850 1178 2903 καὶ
1222 2849 1600 2921 χαυνουμένων
1625 2851 1713 2904 ἀεὶ⁵
1736 2848 1832 2920 τὴν

249 2940 513 3005 διάνοιαν,
542 2939 651 2993 τῶν
683 2939 742 2993 τὸ
769 2941 1002 3010 πονηρὸν
1027 2940 1239 3002 ἑαυτοῖς
1267 2937 1534 3010 θηρᾶσθαι
1563 2939 1703 3011 ὑπὲρ
1733 2941 1831 3010 τὴν

250 3031 566 3102 ἀγαθότητα
593 3030 1019 3102 ἐπιθυμούντων.
1055 3032 1149 3096 Είς
1184 3030 1400 3101 ἔλεγχον
1423 3031 1480 3084 δὲ
1506 3031 1706 3102 μᾶλλον
1731 3032 1832 3102 τῆς

251 3121 436 3192 δεινῆς
464 3123 666 3192 ταύτης
723 3124 814 3176 καὶ
848 3121 1184 3194 ἐρπετώδους
1226 3123 1489 3194 αἱρέσεως
1531 3124 1687 3191 ὀλίγα
1723 3123 1832 3176 ἀπὸ

252 3211 466 3265 πολλῶν
507 3209 910 3284 παραθήσομαι.

330 3493 500 3548 Πόθεν
540 3493 817 3566 εἰλήφατε,
851 3486 896 3548 ὦ
927 3481 1096 3558 οὗτοι,
1134 3495 1232 3567 τὴν
1259 3488 1358 3566 τῆς
1386 3495 1647 3567 ἀθεμίτου
1673 3497 1838 3568 ἐργα-

256 3587 380 3648 σίας
405 3586 684 3654 ἐπίνοιαν;
713 3586 936 3659 Πρῶτον
975 3586 1073 3657 μὲν
1113 3587 1241 3658 γάρ,
1276 3589 1358 3640 ὅτι
1402 3588 1464 3641 τὸ
1503 3590 1610 3641 πᾶν
1634 3591 1739 3641 τίνι
1776 3590 1836 3643 οὐ

251 3677 417 3748 δῆλόν
449 3679 615 3744 ἐστιν,
641 3678 722 3731 ὅτι
763 3677 1032 3749 δαιμόνων
1073 3678 1276 3748 ἐστὶνή
1312 3678 1552 3750 ὑμετέρα
1588 3679 1840 3733 διδασκα-

253 3770 365 3832 λία,
414 3769 778 3840 ἠπατημένων
832 3770 888 3823 δὲ
948 3769 1037 3822 τὸν
1090 3768 1213 3822 νοῦν
1261 3769 1356 3822 καὶ
1402 3769 1759 3841 ἐφθαρμένων
1805 3771 1837 3840 ἡ

255 3858 650 3930 ἐπινενοημένη
696 3859 1112 3930 κακομηχανία;
1163 3859 1224 3912 Et
1265 3858 1374 3930 γὰρ
1425 3859 1562 3922 ὅλως
1606 3859 1839 3930 πονηρὸν

254 3950 320 4003 τὸ
345 3951 612 4013 κυῖσκειν,
637 3951 736 4004 οὐκ
765 3952 874 4022 ἄρα
894 3952 980 4004 διὰ
1011 3952 1072 4005 τὸ
1104 3954 1459 4021 τεκνογονεῖν,
1496 3950 1632 4006 ἀλλά
1663 3951 1752 4004 διὰ
1780 3951 1840 4003 τὸ

257 4040 626 4095 συνάπτεσθαι
657 4039 889 4114 σώματι.
932 4042 1056 4106 Πῶς
1093 4038 1184 4096 οὖν
1211 4042 1501 4114 ἡττημένοι
1533 4043 1691 4115 ἡδονῇ
1717 4060 1841 4096 συν-

255 4130 496 4184 άπτεσθε
531 4129 774 4201 σώματι;
821 4132 930 4184 Καὶ
963 4135 1012 4186 εί
1058 4133 1118 4186 ού
1150 4133 1382 4205 πονηρὸν
1414 4132 1474 4186 τὸ
1503 4133 1840 4204 συναφθῆναι

243 4215 494 4289 κσώματι,
529 4217 652 4271 οὐδὲ
684 4220 917 4290 πονηρὸν
949 4221 1010 4272 τὸ
1047 4221 1444 4292 τελεσιουργείν
1479 4222 1540 4274 τὸ
1578 4238 1834 4293 γεγεννη·

257 4306 443 4377 μένον.
483 4309 555 4361 Ἢ
591 4308 700 4380 γάρ
731 4310 1140 4382 ἀποταξάμενον
1173 4306 1186 4342 ί
1224 4313 1510 4381 ἄνθρωπον
1550 4315 1624 4385 μὴ
1669 4332 1843 4387 γεωρ-

254 4401 378 4468 γεῖν
424 4400 508 4454 τὰ.
536 4401 629 4455 ἐπὶ
660 4401 760 4470 τῆς
789 4402 912 4470 γῆς,
943 4401 1018 4463 ὡς
1054 4405 1082 4455 ό
1109 4403 1273 4456 Ἀϐελ
1310 4399 1378 4474 ἦν
1412 4405 1612 4476 ποιμὴν
1641 4407 1844 4475 προϐά-

255 4507 393 4554 των,
427 4491 565 4544 Κάῖν
605 4491 661 4544 δὲ
704 4491 1067 4562 ἐργαζόμενος
1104 4493 1200 4564 τὴν
1230 4494 1352 4564 γῆν.
1397 4496 1459 4548 Εἰ
1511 4496 1567 4549 δὲ
1607 4501 1844 4569 γεωργεί

252 4599 344 4644 τις
371 4580 468 4652 τὴν
497 4580 620 4652 γῆν,
641 4577 717 4646 ὡς
744 4585 772 4636 ό
803 4584 949 4649 Νῶε,
980 4585 1062 4636 ὄτι
1093 4583 1354 4653 Ἐγένετο
1379 4585 1534 4654 ἀνὴρ
1562 4587 1836 4656 γεωργὸς,
1870 4580 1915 4634 D

255 4673 361 4729 καὶ
387 4673 721 4752 ἐφύτευσεν
739 4670 1079 4744 ἀμπελῶνα,
1103 4675 1203 4728 οὐκ
1224 4675 1517 4744 ἐφύτευσεν
1540 4675 1840 4747 ἀμπελῶνα

254 4767 387 4840 [οὐκ
416 4764 756 4838 ἐφύτευσεν],
803 4767 888 4822 ἵνα
925 4761 1119 4838 βότρυν
1161 4766 1235 4838 μὴ
1281 4767 1478 4841 ἐνέγκῃ
1501 4785 1516 4800 ·
1568 4768 1679 4821 ἀλλ’
1707 4761 1839 4837 ἐφύ-

255 4855 441 4924 τευσε,
473 4858 566 4914 καὶ
599 4858 768 4913 ἔπιεν
810 4860 874 4912 ἐκ
922 4859 1015 4912 τοῦ
1069 4858 1280 4930 καρποῦ
1320 4857 1506 4923 αὑτοῦ,
1561 4854 1658 4913 καὶ
1711 4860 1842 4929 34(8—

255 4948 476 5015 θῦσθη,
535 4950 610 5015 ὡς
663 4949 989 5021 γέγραπται.
1022 4945 1130 5004 ’Ἦν
1180 4947 1238 5004 δὲ
1277 4949 1606 5021 συγγνώμην
1639 4951 1714 5023 τῷ
1753 4951 1861 5028 γέογ

259 5061 410 5118 ροντι
456 5042 766 5112 ἀπονεῖμαι.
799 5042 1100 5113 Εὐάρεστος
1137 5040 1243 5112 γὰρ
1283 5040 1360 5111 τῷ
1398 5042 1516 5112 Θεῷ
1561 5041 1843 5114 ὑπάρχων,

253 5137 322 5191 οὐ
364 5133 450 5187 διὰ
479 5132 720 5187 ἀσωτίαν
746 5133 843 5203 τὴν
875 5131 1046 5204 μέθην
1080 5132 1306 5202 ὑπέστη,
1343 5131 1478 5185 ἀλλά
1508 5132 1654 5206 λύπῃ
1682 5136 1844 5207 φερό-

259 5242 423 5298 μενος
449 5225 586 5294 τάχα
610 5223 920 5294 ἐκεκάρωτο
941 5239 954 5252 ·
985 5223 1078 5277 καὶ
1111 5223 1185 5295 μὴ
1219 5222 1402 5295 φέρων
1430 5221 1490 5290 ἐξ
1520 5224 1845 5296 ἀμφοτέρων

257 5317 350 5371 διά
375 5316 436 5368 τὸ
476 5314 700 5377 ἀσθενὲς
748 5314 843 5367 καὶ
887 5313 1173 5386 γηραλέον,
1225 5315 1479 5386 ἀσθενείᾳ.
1533 5315 1842 5368 ὑπέπεσεΨ

255 5410 362 5479 οὐχ
389 5407 475 5460 ἵνα
503 5405 772 5476 χλευασθῇ
819 5405 924 5458 ὑπὸ
963 5405 1176 5458 τέκνου.
1213 5402 1275 5460 ’0
1316 5406 1395 5469 δὲ,
1444 5407 1846 5477 καταγελάσας,

258 5498 439 5570 ἐαυτῷ
467 5497 653 5568 εἴληφε
678 5496 776 5568 τὴν
809 5498 1070 5569 κατάραν,
1099 5497 1183 5549 ἴνα
1212 5497 1546 5561 κολάζωνται
1575 5500 1622 5552 οἱ
1652 5500 1847 5569 ἐνσκή-

260 5609 490 5658 πτοντες
523 5593 636 5654 τοῖς
670 5591 940 5660 πατράσιν
979 5590 1157 5662 ὓϐριν,
1200 5590 1296 5644 καὶ
1335 5591 1385 5643 οἱ
1424 5592 1483 5644 ἐν
1510 5593 1638 5662 ὑμῖν
1669 5592 1844 5646 διαλο-

337 5809 352 5844 ¹
382 5808 540 5864 Dccst
571 5767 674 5861 63!.
747 5809 766 5839 '
795 5806 931 5861 Gen.
966 5823 1040 5870 iv,
1074 5807 1127 5860 2.
1210 5801 1232 5833 ³
1261 5800 1395 5858 Gen.
1430 5819 1504 5868 Ix,
1545 5807 1614 5861 20
1646 5819 1766 5876 sqq.

579 5925 850 5985 Ρλτιιοι..
888 5923 1004 5984 Gn.
1037 5914 1200 5986 XLI.

1929 2012 2085 2071 erat;
2119 2005 2440 2063 foedissimae
2471 2005 2616 2063 illius
2646 2004 2888 2065 libidinis
2927 2009 3190 2064 rationem
3228 2011 3508 2081 didicisse,

1931 2091 1999 2150 ab
2041 2111 2214 2169 eaque
2249 2098 2327 2152 uti
2358 2100 2651 2154 concubitu
2684 2100 2765 2155 sic
2793 2100 3069 2163 edoctum,
3110 2109 3168 2155 ut
3202 2096 3509 2159 detestandi

1931 2187 2178 2245 humoris
2217 2189 2542 2260 profluvium
2573 2191 2629 2245 in
2662 2201 2862 2247 terram
2892 2204 3191 2264 spargeret.

2002 2296 2088 2352 ιςι.
2120 2298 2298 2370 Atque
2327 2300 2429 2354 hoc
2460 2301 2680 2372 quidem
2727 2301 3103 2372 turpissimum
3135 2310 3191 2360 et
3217 2319 3509 2361 exsecran-

1931 2386 2063 2467 dum
2118 2397 2201 2444 est
2238 2389 2456 2444 illorum
2487 2391 2703 2457 scelus,
2750 2391 2895 2461 quod
2925 2398 2979 2447 et
3017 2391 3259 2462 ipsorum
3307 2395 3512 2466 decipit

1932 2481 2174 2547 animos,
2215 2488 2269 2536 et
2305 2496 2335 2536 a
2373 2472 2640 2538 diabolica
2689 2485 2935 2540 caecitate
2971 2485 3356 2555 proﬁciscitur.
3384 2488 3512 2556 Qui~

1932 2573 2166 2629 busnam
2223 2590 2348 2631 vero
2396 2576 2817 2634 auctoritatibus
2877 2579 3314 2652 testimoniisque
3385 2583 3510 2638 freti

1933 2666 2002 2721 ad
2037 2666 2127 2722 illa
2158 2667 2366 2737 delapsi
2397 2667 2544 2733 sint,
2586 2669 2639 2722 in
2689 2670 2925 2725 medium
2963 2671 3158 2726 aﬂerre
3183 2688 3289 2727 non
3326 2679 3510 2744 putavi

1934 2758 2331 2822 necessarium,
2364 2775 2432 2814 ne
2465 2759 2593 2814 dum
2631 2760 2697 2815 ad
2737 2760 3004 2833 cujusque
3033 2762 3257 2820 haeresis
3288 2764 3516 2837 ﬂagitio-

1934 2862 2052 2902 sam
2088 2848 2368 2905 libidinem
2415 2851 2773 2906 aversandam
2817 2855 3129 2909 accuratius
3158 2856 3371 2928 singula
3401 2875 3517 2929 pcr-

1933 2939 2216 3008 sequimur
2242 2978 2258 3004 ,
2309 2938 2722 2996 imbecilliorum
2772 2958 2837 2997 ac
2881 2943 3095 3002 levitate
3141 2949 3374 3018 quadam
3410 2953 3517 3007 elao

1932 3034 2110 3082 torum
2170 3027 2449 3083 hominum
2506 3021 2716 3084 animos
2780 3031 2848 3085 ad
2916 3047 2980 3089 ea
3052 3037 3225 3107 magis
3288 3038 3519 3094 incitare

1933 3117 2244 3174 videamur:
2271 3119 2363 3190 qui
2387 3120 2605 3192 quidem
2631 3122 2832 3176 malum
2863 3137 2973 3192 pra).
3006 3123 3150 3179 bono
3175 3125 3278 3182 sibi
3311 3127 3520 3183 conscio

1858 3238 1904 3298 ο
1937 3225 2090 3266 scere
2135 3225 2200 3265 ac
2241 3217 2463 3280 captare
2485 3221 2840 3269 consuerunt.
2879 3212 3076 3269 Verum
3105 3214 3174 3270 ad
3208 3218 3514 3275 uberiorem

1937 3300 2223 3356 horrendae
2276 3301 2421 3357 illius
2474 3317 2536 3356 ac
2575 3305 2901 3374 serpentinae
2934 3306 3156 3363 hzeresis
3183 3308 3515 3365 confutatio-

1940 3409 2062 3449 nem
2086 3434 2101 3459 ,
2139 3409 2312 3465 pauca
2361 3395 2427 3450 de
2466 3395 2655 3451 multis
2689 3405 2946 3452 attexam.

2010 3506 2167 3564 Unde
2193 3510 2378 3579 igitur,
2411 3525 2616 3581 quaeso,
2660 3519 2769 3566 tam
2807 3512 3074 3569 nefarium
3104 3517 3283 3572 scelus
3312 3521 3524 3591 excogi-

1942 3609 2056 3656 tare
2099 3599 2404 3659 didicistis?
2437 3601 2683 3660 Primum
2710 3606 2857 3660 enim
2884 3647 2898 3673 ,
2931 3614 2991 3662 ut
3030 3610 3282 3666 universe
3317 3609 3520 3676 dicam,

1939 3692 2065 3760 quis
2090 3707 2202 3748 non
2243 3695 2418 3759 videt,
2449 3711 2576 3751 cum
2611 3697 2919 3754 daemonum
2957 3702 3236 3771 propriam
3284 3713 3520 3760 vestram

1867 3833 1872 3838 .
1940 3783 2084 3838 hanc
2115 3799 2239 3840 esse
2276 3785 2613 3853 doctrinam,
2655 3796 2771 3844 tum
2834 3792 2968 3848 illud
3033 3801 3244 3850 tantum
3299 3805 3521 3869 tamque

1941 3881 2099 3927 atrox
2161 3888 2189 3927 a
2227 3875 2383 3930 vobis
2432 3878 2709 3932 inventum
2749 3877 3012 3951 flagitium
3067 3886 3286 3942 nonnisi
3338 3903 3526 3944 errore

1942 3963 2257 4034 depravatis
2317 3966 2633 4024 hominibus
2687 3984 2753 4024 ac
2821 3975 3132 4044 corruptela
3188 3979 3525 4034 convenire?

1941 4051 2077 4107 Nam
2107 4055 2153 4109 si
2182 4055 2407 4111 omnino
2433 4060 2723 4129 concipere
2763 4062 2965 4116 malum
2996 4072 3099 4131 est,
3135 4067 3380 4136 profecto
3409 4085 3519 4125 non

1942 4145 2012 4200 ob
2052 4145 2226 4215 ipsam
2258 4147 2462 4204 sobolis
2487 4151 2956 4219 procreationem,
2999 4155 3094 4211 sed
3124 4159 3193 4213 ob
3227 4173 3520 4230 corporum

1943 4238 2345 4307 copulationem
2392 4241 2593 4296 malum
2634 4258 2756 4300 esse
2811 4245 3103 4302 videbitur.
3153 4247 3332 4314 Quare
3386 4253 3517 4322 quid

1945 4342 2044 4382 vos
2081 4328 2274 4384 attinet
2334 4329 2612 4400 voluptate
2647 4342 2935 4403 superatos
2987 4341 3346 4395 commiscere
3396 4357 3522 4396 cor-
3605 4339 3609 4343 ’

1945 4417 2116 4486 pora?
2153 4418 2262 4472 Aut
2312 4418 2360 4472 si
2397 4435 2690 4490 corporum
2742 4422 2833 4477 illa
2876 4425 3193 4495 conjunctio
3228 4430 3369 4482 mala
3411 4447 3521 4486 non

1943 4517 2048 4571 est,
2080 4524 2148 4563 ne
2176 4507 2414 4579 idipsum
2461 4511 2680 4580 quidem
2731 4514 2877 4582 quod
2928 4515 3168 4586 gignitur
3195 4517 3268 4592 ad
3317 4521 3523 4575 exitum

1947 4598 2265 4668 perducere,
2306 4602 2508 4657 malum
2535 4611 2639 4658 est.
2677 4604 2889 4660 Etenim
2929 4607 3014 4663 vel
3058 4609 3324 4667 abdicatis
3345 4615 3525 4668 omni-

1949 4689 2073 4755 bus,
2101 4691 2491 4761 agriculturam
2529 4695 2754 4750 omnino
2803 4711 2912 4753 non
2952 4700 3220 4771 attingere
3250 4699 3523 4761 hominem

1950 4789 2202 4852 oportet:
2237 4785 2696 4854 quemadmodum
2725 4788 2860 4844 Abel
2896 4792 3076 4844 ovium
3112 4792 3279 4848 fuisse
3318 4805 3528 4864 pastor,

1949 4874 2152 4928 (lainus
2211 4883 2413 4930 terram
2471 4878 2708 4934 coluisse
2753 4879 2958 4934 dicitur
3002 4883 3044 4934 ³.
3099 4881 3192 4936 Vel
3246 4885 3290 4938 si
3349 4888 3526 4942 solum

1950 4964 2111 5035 523
2152 4981 2408 5021 exercere
2460 4968 2660 5047 aliquis
2697 4969 2970 5036 instituit,
3034 4973 3110 5025 uli
3165 4973 3278 5029 Noe
3337 4975 3530 5034 fecisse

1947 5057 2172 5124 dicitur,
2202 5058 2292 5128 qui
2317 5100 2332 5124 ,
2365 5067 2424 5114 ut
2472 5061 2736 5132 scriptum
2767 5070 2882 5126 est,
2920 5064 2999 5116 vir
3032 5065 3133 5131 fuit
3176 5068 3431 5137 agricola,
3479 5081 3531 5124 et

1947 5147 2209 5214 plantavit
2241 5149 2443 5204 vineam
2469 5151 2528 5205 ':
2564 5168 2671 5207 non
2703 5153 2846 5218 ideo,
2880 5161 3032 5225 puto,
3066 5157 3278 5213 vineam
3310 5161 3529 5231 planta-

1949 5237 2060 5304 vit,
2096 5245 2156 5291 ut
2197 5253 2266 5293 ne
2303 5254 2550 5297 racemos
2585 5241 2889 5312 proferret;
2921 5247 3015 5301 sed
3063 5257 3120 5303 et
3150 5248 3444 5319 plantavit,
3478 5262 3532 5307 et

1951 5325 2018 5382 de
2051 5326 2229 5383 fructu
2261 5330 2406 5385 illius
2435 5331 2604 5397 bibit,
2637 5343 2687 5388 et
2737 5335 3032 5393 inebriatus
3060 5349 3138 5394 est
3164 5379 3180 5403 ,
3222 5349 3283 5394 ut
3314 5357 3378 5395 eo
3410 5342 3532 5396 loco

1953 5415 2171 5487 legitur.
2204 5418 2260 5473 ln
2313 5436 2422 5490 quo
2449 5412 2582 5477 sane
2623 5423 2779 5478 venia
2826 5425 3046 5495 dignus.
3075 5444 3241 5484 senex
3291 5428 3382 5484 ille
3409 5429 3531 5485 fuit.

1954 5504 2059 5574 Qui
2098 5523 2222 5564 cum
2259 5509 2370 5566 Deo
2393 5520 2582 5582 gratus
2632 5524 2778 5571 esset
2801 5557 2815 5581 ,
2853 5533 2962 5573 non
2992 5535 3058 5574 ex
3112 5520 3534 5593 intemperantia

1956 5598 2011 5651 in
2043 5598 2189 5654 illam
2227 5600 2544 5658 ebrietatem
2585 5603 2807 5672 incidit;
2843 5607 2959 5677 sed,
2991 5614 3051 5662 ut
3089 5609 3303 5679 opinor,
3334 5624 3402 5668 ex
3432 5610 3533 5666 tri-

3109 5918 3183 5982 34
