  <div class='ocr_page' id='page_1' title='image "/cluster/home/n/w/nwhite01/storage/ocr_20150623/41:no.1/coo.31924054869387/541.png"; bbox 0 0 4046 6434; ppageno 0'>
   <div class='ocr_carea' id='block_1_1' title="bbox 605 434 3804 501">
    <p class='ocr_par' dir='ltr' id='par_1_1' title="bbox 605 434 3804 501">
     <span class='ocr_line' id='line_1_1' title="bbox 605 434 3804 501; baseline 0.004 -13"><span class='ocrx_word' id='word_1_1' title='bbox 605 440 744 498; x_wconf 69' lang='grc' dir='ltr'>ίοιπ</span> <span class='ocrx_word' id='word_1_2' title='bbox 2011 440 2070 494; x_wconf 88' lang='lat' dir='ltr'><strong>S.</strong></span> <span class='ocrx_word' id='word_1_3' title='bbox 2106 434 2452 495; x_wconf 71' lang='lat' dir='ltr'><strong>manu.th</strong></span> <span class='ocrx_word' id='word_1_4' title='bbox 3205 435 3210 440; x_wconf 84' lang='lat'>&#39;</span> <span class='ocrx_word' id='word_1_5' title='bbox 3697 446 3804 501; x_wconf 70' lang='lat' dir='ltr'><strong>totis</strong></span> 
     </span>
    </p>
   </div>
   <div class='ocr_carea' id='block_1_2' title="bbox 604 549 2188 625">
    <p class='ocr_par' dir='ltr' id='par_1_2' title="bbox 604 549 2186 622">
     <span class='ocr_line' id='line_1_2' title="bbox 604 549 2186 622; baseline -0.001 -15"><span class='ocrx_word' id='word_1_6' title='bbox 604 552 751 607; x_wconf 82' lang='lat' dir='ltr'><strong>stitia</strong></span> <span class='ocrx_word' id='word_1_7' title='bbox 788 566 850 605; x_wconf 87' lang='lat' dir='ltr'><strong>ac</strong></span> <span class='ocrx_word' id='word_1_8' title='bbox 886 566 1120 606; x_wconf 75' lang='lat' dir='ltr'><strong>mmrore</strong></span> <span class='ocrx_word' id='word_1_9' title='bbox 1140 551 1362 622; x_wconf 88' lang='lat' dir='ltr'><strong>quidam</strong></span> <span class='ocrx_word' id='word_1_10' title='bbox 1397 551 1448 606; x_wconf 90' lang='lat' dir='ltr'><strong>ei</strong></span> <span class='ocrx_word' id='word_1_11' title='bbox 1485 549 1665 605; x_wconf 99' lang='lat' dir='ltr'><strong>somni</strong></span> <span class='ocrx_word' id='word_1_12' title='bbox 1698 558 1888 620; x_wconf 89' lang='lat' dir='ltr'><strong>torpor</strong></span> <span class='ocrx_word' id='word_1_13' title='bbox 1919 550 2186 622; x_wconf 92' lang='lat' dir='ltr'><strong>obrepsit.</strong></span> 
     </span>
    </p>
   </div>
   <div class='ocr_carea' id='block_1_3' title="bbox 2291 549 3809 625">
    <p class='ocr_par' dir='ltr' id='par_1_3' title="bbox 2295 551 3809 625">
     <span class='ocr_line' id='line_1_3' title="bbox 2295 551 3809 625; baseline 0.005 -21"><span class='ocrx_word' id='word_1_14' title='bbox 2295 554 2486 623; x_wconf 72' lang='grc' dir='ltr'>γισμοὶ</span> <span class='ocrx_word' id='word_1_15' title='bbox 2527 553 2935 624; x_wconf 74' lang='grc' dir='ltr'>ἐπεγειρόμενοι</span> <span class='ocrx_word' id='word_1_16' title='bbox 2980 554 3119 606; x_wconf 75' lang='grc' dir='ltr'>κατὰ</span> <span class='ocrx_word' id='word_1_17' title='bbox 3168 553 3264 623; x_wconf 73' lang='grc' dir='ltr'>τῆς</span> <span class='ocrx_word' id='word_1_18' title='bbox 3311 553 3401 606; x_wconf 78' lang='grc' dir='ltr'><strong>τοῦ</strong></span> <span class='ocrx_word' id='word_1_19' title='bbox 3444 551 3566 613; x_wconf 74' lang='grc' dir='ltr'>θεο]</span> <span class='ocrx_word' id='word_1_20' title='bbox 3606 557 3809 625; x_wconf 64' lang='grc' dir='ltr'>γνώσεως</span> 
     </span>
    </p>
   </div>
   <div class='ocr_carea' id='block_1_4' title="bbox 603 640 2188 713">
    <p class='ocr_par' dir='ltr' id='par_1_4' title="bbox 603 642 2188 713">
     <span class='ocr_line' id='line_1_4' title="bbox 603 642 2188 713; baseline -0.002 -15"><span class='ocrx_word' id='word_1_21' title='bbox 603 644 739 698; x_wconf 71' lang='lat' dir='ltr'><strong>Cum</strong></span> <span class='ocrx_word' id='word_1_22' title='bbox 775 652 955 697; x_wconf 85' lang='lat' dir='ltr'><strong>autem</strong></span> <span class='ocrx_word' id='word_1_23' title='bbox 990 643 1277 713; x_wconf 90' lang='lat' dir='ltr'><strong>utriusque</strong></span> <span class='ocrx_word' id='word_1_24' title='bbox 1303 642 1706 698; x_wconf 64' lang='lat' dir='ltr'><strong>vim‘sustinere</strong></span> <span class='ocrx_word' id='word_1_25' title='bbox 1737 643 1808 696; x_wconf 89' lang='lat' dir='ltr'><strong>ob</strong></span> <span class='ocrx_word' id='word_1_26' title='bbox 1839 642 2188 697; x_wconf 82' lang='lat' dir='ltr'><strong>imbecillita-</strong></span> 
     </span>
    </p>
   </div>
   <div class='ocr_carea' id='block_1_5' title="bbox 2291 640 3326 713">
    <p class='ocr_par' dir='ltr' id='par_1_5' title="bbox 2298 640 3326 712">
     <span class='ocr_line' id='line_1_5' title="bbox 2298 640 3326 712; baseline 0.001 -18"><span class='ocrx_word' id='word_1_27' title='bbox 2298 641 2392 694; x_wconf 71' lang='grc' dir='ltr'>καὶ</span> <span class='ocrx_word' id='word_1_28' title='bbox 2438 640 2619 704; x_wconf 88' lang='grc' dir='ltr'>καλῶς</span> <span class='ocrx_word' id='word_1_29' title='bbox 2647 641 2986 712; x_wconf 78' lang='grc' dir='ltr'><strong>τεταγμένης</strong></span> <span class='ocrx_word' id='word_1_30' title='bbox 3016 642 3326 708; x_wconf 76' lang='grc' dir='ltr'>διατάξεως.</span> 
     </span>
    </p>
   </div>
   <div class='ocr_carea' id='block_1_6' title="bbox 604 731 3809 806">
    <p class='ocr_par' dir='ltr' id='par_1_6' title="bbox 604 731 3809 806">
     <span class='ocr_line' id='line_1_6' title="bbox 604 731 3809 806; baseline 0.002 -19"><span class='ocrx_word' id='word_1_31' title='bbox 604 743 711 787; x_wconf 88' lang='lat' dir='ltr'><strong>tem</strong></span> <span class='ocrx_word' id='word_1_32' title='bbox 755 741 808 786; x_wconf 90' lang='lat' dir='ltr'><strong>et</strong></span> <span class='ocrx_word' id='word_1_33' title='bbox 855 740 1068 787; x_wconf 61' lang='lat' dir='ltr'><strong>atatem</strong></span> <span class='ocrx_word' id='word_1_34' title='bbox 1108 749 1219 786; x_wconf 89' lang='lat' dir='ltr'><strong>non</strong></span> <span class='ocrx_word' id='word_1_35' title='bbox 1263 740 1490 804; x_wconf 91' lang='lat' dir='ltr'><strong>posset,</strong></span> <span class='ocrx_word' id='word_1_36' title='bbox 1544 733 1599 786; x_wconf 92' lang='lat' dir='ltr'><strong>in</strong></span> <span class='ocrx_word' id='word_1_37' title='bbox 1639 731 2178 787; x_wconf 83' lang='lat' dir='ltr'><strong>cam-infirmitatem</strong></span> <span class='ocrx_word' id='word_1_38' title='bbox 2208 733 2510 805; x_wconf 83' lang='lat' dir='ltr'><strong>prolapsus</strong></span> <span class='ocrx_word' id='word_1_39' title='bbox 2537 741 2656 787; x_wconf 88' lang='lat' dir='ltr'><strong>est:</strong></span> <span class='ocrx_word' id='word_1_40' title='bbox 2715 748 2814 786; x_wconf 88' lang='lat' dir='ltr'><strong>nec</strong></span> <span class='ocrx_word' id='word_1_41' title='bbox 2863 732 2984 788; x_wconf 85' lang='lat' dir='ltr'><strong>ideo</strong></span> <span class='ocrx_word' id='word_1_42' title='bbox 3025 743 3210 787; x_wconf 88' lang='lat' dir='ltr'><strong>tamen</strong></span> <span class='ocrx_word' id='word_1_43' title='bbox 3280 733 3472 806; x_wconf 74' lang='lat' dir='ltr'><strong>dignus</strong></span> <span class='ocrx_word' id='word_1_44' title='bbox 3519 745 3654 802; x_wconf 86' lang='lat' dir='ltr'><strong>erat,</strong></span> <span class='ocrx_word' id='word_1_45' title='bbox 3702 743 3809 794; x_wconf 82' lang='lat' dir='ltr'><strong>utei</strong></span> 
     </span>
    </p>
   </div>
   <div class='ocr_carea' id='block_1_7' title="bbox 605 825 3876 901">
    <p class='ocr_par' dir='ltr' id='par_1_7' title="bbox 605 825 3876 901">
     <span class='ocr_line' id='line_1_7' title="bbox 605 825 3876 901; baseline 0.002 -21"><span class='ocrx_word' id='word_1_46' title='bbox 605 826 748 880; x_wconf 86' lang='lat' dir='ltr'><strong>ﬁlius</strong></span> <span class='ocrx_word' id='word_1_47' title='bbox 783 825 1052 881; x_wconf 89' lang='lat' dir='ltr'><strong>illuderct.</strong></span> <span class='ocrx_word' id='word_1_48' title='bbox 1089 825 1270 892; x_wconf 89' lang='lat' dir='ltr'><strong>Quare</strong></span> <span class='ocrx_word' id='word_1_49' title='bbox 1295 827 1388 897; x_wconf 89' lang='lat' dir='ltr'><strong>qui</strong></span> <span class='ocrx_word' id='word_1_50' title='bbox 1443 826 1597 881; x_wconf 90' lang='lat' dir='ltr'><strong>illum</strong></span> <span class='ocrx_word' id='word_1_51' title='bbox 1632 826 1831 882; x_wconf 87' lang='lat' dir='ltr'><strong>derisit</strong></span> <span class='ocrx_word' id='word_1_52' title='bbox 1858 865 1874 892; x_wconf 86' lang='lat'><strong><em>.</em></strong></span> <span class='ocrx_word' id='word_1_53' title='bbox 1914 827 1968 881; x_wconf 89' lang='lat' dir='ltr'><strong>in</strong></span> <span class='ocrx_word' id='word_1_54' title='bbox 2042 828 2397 897; x_wconf 85' lang='lat' dir='ltr'><strong>semetipsum</strong></span> <span class='ocrx_word' id='word_1_55' title='bbox 2445 827 2899 897; x_wconf 87' lang='lat' dir='ltr'><strong>imprecationem</strong></span> <span class='ocrx_word' id='word_1_56' title='bbox 2971 828 3264 883; x_wconf 77' lang='lat' dir='ltr'><strong>convertit.</strong></span> <span class='ocrx_word' id='word_1_57' title='bbox 3298 827 3367 885; x_wconf 84' lang='lat' dir='ltr'><strong>Ut</strong></span> <span class='ocrx_word' id='word_1_58' title='bbox 3409 830 3448 884; x_wconf 90' lang='lat' dir='ltr'><strong>ii</strong></span> <span class='ocrx_word' id='word_1_59' title='bbox 3503 834 3665 901; x_wconf 74' lang='lat' dir='ltr'><strong>pomis</strong></span> <span class='ocrx_word' id='word_1_60' title='bbox 3722 833 3813 886; x_wconf 61' lang='lat' dir='ltr'><strong>alii»</strong></span> <span class='ocrx_word' id='word_1_61' title='bbox 3866 843 3876 862; x_wconf 88' lang='lat'><strong>&#39;</strong></span> 
     </span>
    </p>
   </div>
   <div class='ocr_carea' id='block_1_8' title="bbox 603 922 3812 996">
    <p class='ocr_par' dir='ltr' id='par_1_8' title="bbox 603 922 3812 996">
     <span class='ocr_line' id='line_1_8' title="bbox 603 922 3812 996; baseline 0.002 -18"><span class='ocrx_word' id='word_1_62' title='bbox 603 925 858 990; x_wconf 86' lang='lat' dir='ltr'><strong>ciantur,</strong></span> <span class='ocrx_word' id='word_1_63' title='bbox 907 925 997 995; x_wconf 88' lang='lat' dir='ltr'><strong>qui</strong></span> <span class='ocrx_word' id='word_1_64' title='bbox 1041 925 1359 996; x_wconf 88' lang='lat' dir='ltr'><strong>parentibus</strong></span> <span class='ocrx_word' id='word_1_65' title='bbox 1397 924 1514 981; x_wconf 88' lang='lat' dir='ltr'><strong>suis</strong></span> <span class='ocrx_word' id='word_1_66' title='bbox 1563 924 1950 979; x_wconf 90' lang='lat' dir='ltr'><strong>contumeliam</strong></span> <span class='ocrx_word' id='word_1_67' title='bbox 2008 923 2321 994; x_wconf 89' lang='lat' dir='ltr'><strong>imponunt,</strong></span> <span class='ocrx_word' id='word_1_68' title='bbox 2358 922 2602 994; x_wconf 86' lang='lat' dir='ltr'><strong>adeoque</strong></span> <span class='ocrx_word' id='word_1_69' title='bbox 2631 923 2994 995; x_wconf 82' lang='lat' dir='ltr'><strong>cogitationes</strong></span> <span class='ocrx_word' id='word_1_70' title='bbox 3055 925 3192 987; x_wconf 68' lang='lat' dir='ltr'><strong>illae,</strong></span> <span class='ocrx_word' id='word_1_71' title='bbox 3261 940 3383 996; x_wconf 73' lang='lat' dir='ltr'><strong>qua:</strong></span> <span class='ocrx_word' id='word_1_72' title='bbox 3446 925 3686 983; x_wconf 85' lang='lat' dir='ltr'><strong>adversus</strong></span> <span class='ocrx_word' id='word_1_73' title='bbox 3734 926 3812 984; x_wconf 67' lang='lat' dir='ltr'><strong>Dei</strong></span> 
     </span>
    </p>
   </div>
   <div class='ocr_carea' id='block_1_9' title="bbox 604 1019 2287 1091">
    <p class='ocr_par' dir='ltr' id='par_1_9' title="bbox 604 1019 2287 1091">
     <span class='ocr_line' id='line_1_9' title="bbox 604 1019 2287 1091; baseline -0.001 -16"><span class='ocrx_word' id='word_1_74' title='bbox 604 1022 968 1091; x_wconf 78' lang='lat' dir='ltr'><strong>cognitionem</strong></span> <span class='ocrx_word' id='word_1_75' title='bbox 1003 1031 1056 1076; x_wconf 92' lang='lat' dir='ltr'><strong>et</strong></span> <span class='ocrx_word' id='word_1_76' title='bbox 1079 1028 1244 1089; x_wconf 83' lang='lat' dir='ltr'><strong>recte</strong></span> <span class='ocrx_word' id='word_1_77' title='bbox 1282 1019 1643 1075; x_wconf 86' lang='lat' dir='ltr'><strong>constitutum</strong></span> <span class='ocrx_word' id='word_1_78' title='bbox 1684 1019 1935 1074; x_wconf 80' lang='lat' dir='ltr'><strong>ordinem</strong></span> <span class='ocrx_word' id='word_1_79' title='bbox 1967 1019 2287 1090; x_wconf 78' lang='lat' dir='ltr'><strong>insurgunt.</strong></span> 
     </span>
    </p>
   </div>
   <div class='ocr_carea' id='block_1_10' title="bbox 675 1113 2190 1185">
    <p class='ocr_par' dir='ltr' id='par_1_10' title="bbox 675 1113 2190 1185">
     <span class='ocr_line' id='line_1_10' title="bbox 675 1113 2190 1185; baseline 0.003 -19"><span class='ocrx_word' id='word_1_80' title='bbox 675 1113 763 1168; x_wconf 83' lang='grc' dir='ltr'>ιν.</span> <span class='ocrx_word' id='word_1_81' title='bbox 797 1113 1086 1170; x_wconf 85' lang='lat' dir='ltr'><strong>Enimvero</strong></span> <span class='ocrx_word' id='word_1_82' title='bbox 1115 1115 1243 1170; x_wconf 90' lang='lat' dir='ltr'><strong>licet</strong></span> <span class='ocrx_word' id='word_1_83' title='bbox 1266 1121 1452 1169; x_wconf 90' lang='lat' dir='ltr'><strong>tantus</strong></span> <span class='ocrx_word' id='word_1_84' title='bbox 1483 1113 1696 1184; x_wconf 88' lang='lat' dir='ltr'><strong>nuptiis</strong></span> <span class='ocrx_word' id='word_1_85' title='bbox 1724 1113 1924 1177; x_wconf 86' lang='lat' dir='ltr'><strong>honor,</strong></span> <span class='ocrx_word' id='word_1_86' title='bbox 1949 1123 2190 1185; x_wconf 90' lang='lat' dir='ltr'><strong>quantus</strong></span> 
     </span>
    </p>
   </div>
   <div class='ocr_carea' id='block_1_11' title="bbox 606 1204 2194 1277">
    <p class='ocr_par' dir='ltr' id='par_1_11' title="bbox 606 1204 2194 1277">
     <span class='ocr_line' id='line_1_11' title="bbox 606 1204 2194 1277; baseline 0 -17"><span class='ocrx_word' id='word_1_87' title='bbox 606 1206 901 1277; x_wconf 74' lang='lat' dir='ltr'><strong>virginitati</strong></span> <span class='ocrx_word' id='word_1_88' title='bbox 922 1246 936 1271; x_wconf 92' lang='lat'><strong>,</strong></span> <span class='ocrx_word' id='word_1_89' title='bbox 971 1206 1195 1262; x_wconf 91' lang='lat' dir='ltr'><strong>minime</strong></span> <span class='ocrx_word' id='word_1_90' title='bbox 1224 1206 1294 1263; x_wconf 87' lang='lat' dir='ltr'><strong>sit</strong></span> <span class='ocrx_word' id='word_1_91' title='bbox 1327 1205 1634 1272; x_wconf 88' lang='lat' dir='ltr'><strong>habendus,</strong></span> <span class='ocrx_word' id='word_1_92' title='bbox 1659 1214 1713 1260; x_wconf 92' lang='lat' dir='ltr'><strong>et</strong></span> <span class='ocrx_word' id='word_1_93' title='bbox 1743 1204 1861 1258; x_wconf 72' lang='lat' dir='ltr'><strong>iure</strong></span> <span class='ocrx_word' id='word_1_94' title='bbox 1896 1205 2003 1261; x_wconf 87' lang='lat' dir='ltr'><strong>illis</strong></span> <span class='ocrx_word' id='word_1_95' title='bbox 2038 1213 2194 1260; x_wconf 50' lang='lat' dir='ltr'><strong>ante-</strong></span> 
     </span>
    </p>
   </div>
   <div class='ocr_carea' id='block_1_12' title="bbox 600 1297 2193 1371">
    <p class='ocr_par' dir='ltr' id='par_1_12' title="bbox 600 1297 2193 1371">
     <span class='ocr_line' id='line_1_12' title="bbox 600 1297 2193 1371; baseline -0.002 -17"><span class='ocrx_word' id='word_1_96' title='bbox 600 1299 852 1370; x_wconf 89' lang='lat' dir='ltr'><strong>ponenda</strong></span> <span class='ocrx_word' id='word_1_97' title='bbox 882 1301 988 1366; x_wconf 88' lang='lat' dir='ltr'><strong>sit;</strong></span> <span class='ocrx_word' id='word_1_98' title='bbox 1026 1315 1150 1354; x_wconf 92' lang='lat' dir='ltr'><strong>cum</strong></span> <span class='ocrx_word' id='word_1_99' title='bbox 1199 1305 1474 1355; x_wconf 42' lang='lat' dir='ltr'><strong>ea‘tamen</strong></span> <span class='ocrx_word' id='word_1_100' title='bbox 1514 1314 1642 1354; x_wconf 87' lang='lat' dir='ltr'><strong>vera</strong></span> <span class='ocrx_word' id='word_1_101' title='bbox 1672 1297 1962 1371; x_wconf 76' lang='lat' dir='ltr'><strong>virginitas</strong></span> <span class='ocrx_word' id='word_1_102' title='bbox 2003 1298 2193 1368; x_wconf 83' lang='lat' dir='ltr'><strong>appel-</strong></span> 
     </span>
    </p>
   </div>
   <div class='ocr_carea' id='block_1_13' title="bbox 602 1390 2190 1465">
    <p class='ocr_par' dir='ltr' id='par_1_13' title="bbox 602 1390 2190 1465">
     <span class='ocr_line' id='line_1_13' title="bbox 602 1390 2190 1465; baseline -0.003 -18"><span class='ocrx_word' id='word_1_103' title='bbox 602 1394 766 1458; x_wconf 86' lang='lat' dir='ltr'><strong>latur,</strong></span> <span class='ocrx_word' id='word_1_104' title='bbox 797 1410 920 1465; x_wconf 78' lang='lat' dir='ltr'><strong>quae</strong></span> <span class='ocrx_word' id='word_1_105' title='bbox 950 1409 1074 1447; x_wconf 88' lang='lat' dir='ltr'><strong>cum</strong></span> <span class='ocrx_word' id='word_1_106' title='bbox 1101 1393 1387 1449; x_wconf 84' lang='lat' dir='ltr'><strong>honestate</strong></span> <span class='ocrx_word' id='word_1_107' title='bbox 1410 1400 1496 1448; x_wconf 91' lang='lat' dir='ltr'><strong>est</strong></span> <span class='ocrx_word' id='word_1_108' title='bbox 1537 1399 1590 1447; x_wconf 89' lang='lat' dir='ltr'><strong>et</strong></span> <span class='ocrx_word' id='word_1_109' title='bbox 1613 1390 1818 1446; x_wconf 89' lang='lat' dir='ltr'><strong>virtute</strong></span> <span class='ocrx_word' id='word_1_110' title='bbox 1870 1391 2190 1461; x_wconf 87' lang='lat' dir='ltr'><strong>conjuncta,</strong></span> 
     </span>
    </p>
   </div>
   <div class='ocr_carea' id='block_1_14' title="bbox 601 1483 2190 1555">
    <p class='ocr_par' dir='ltr' id='par_1_14' title="bbox 601 1483 2190 1555">
     <span class='ocr_line' id='line_1_14' title="bbox 601 1483 2190 1555; baseline -0.001 -17"><span class='ocrx_word' id='word_1_111' title='bbox 601 1492 721 1538; x_wconf 90' lang='lat' dir='ltr'><strong>tum</strong></span> <span class='ocrx_word' id='word_1_112' title='bbox 754 1484 1106 1540; x_wconf 83' lang='lat' dir='ltr'><strong>honorabiles</strong></span> <span class='ocrx_word' id='word_1_113' title='bbox 1130 1483 1332 1555; x_wconf 66' lang='lat' dir='ltr'><strong>nuptiae</strong></span> <span class='ocrx_word' id='word_1_114' title='bbox 1365 1483 1381 1514; x_wconf 86' lang='lat'><strong>‘</strong></span> <span class='ocrx_word' id='word_1_115' title='bbox 1417 1499 1448 1538; x_wconf 89' lang='lat' dir='ltr'><strong>a</strong></span> <span class='ocrx_word' id='word_1_116' title='bbox 1489 1483 1782 1540; x_wconf 89' lang='lat' dir='ltr'><strong>liberorum</strong></span> <span class='ocrx_word' id='word_1_117' title='bbox 1812 1483 2190 1554; x_wconf 87' lang='lat' dir='ltr'><strong>procreatione</strong></span> 
     </span>
    </p>
   </div>
   <div class='ocr_carea' id='block_1_15' title="bbox 603 1575 2192 1646">
    <p class='ocr_par' dir='ltr' id='par_1_15' title="bbox 603 1575 2192 1646">
     <span class='ocr_line' id='line_1_15' title="bbox 603 1575 2192 1646; baseline -0.001 -15"><span class='ocrx_word' id='word_1_118' title='bbox 603 1593 714 1631; x_wconf 90' lang='lat' dir='ltr'><strong>non</strong></span> <span class='ocrx_word' id='word_1_119' title='bbox 764 1577 1100 1642; x_wconf 89' lang='lat' dir='ltr'><strong>abhorrent,</strong></span> <span class='ocrx_word' id='word_1_120' title='bbox 1150 1590 1328 1646; x_wconf 91' lang='lat' dir='ltr'><strong>neque</strong></span> <span class='ocrx_word' id='word_1_121' title='bbox 1356 1575 1424 1630; x_wconf 88' lang='lat' dir='ltr'><strong>ad</strong></span> <span class='ocrx_word' id='word_1_122' title='bbox 1456 1575 1812 1645; x_wconf 75' lang='lat' dir='ltr'><strong>ignominiam</strong></span> <span class='ocrx_word' id='word_1_123' title='bbox 1853 1590 1917 1630; x_wconf 86' lang='lat' dir='ltr'><strong>ea</strong></span> <span class='ocrx_word' id='word_1_124' title='bbox 1962 1576 2192 1630; x_wconf 86' lang='lat' dir='ltr'><strong>trahunt</strong></span> 
     </span>
    </p>
   </div>
   <div class='ocr_carea' id='block_1_16' title="bbox 2365 1114 3812 1190">
    <p class='ocr_par' dir='ltr' id='par_1_16' title="bbox 2365 1114 3812 1190">
     <span class='ocr_line' id='line_1_16' title="bbox 2365 1114 3812 1190; baseline 0.003 -22"><span class='ocrx_word' id='word_1_125' title='bbox 2365 1118 2436 1171; x_wconf 83' lang='lat' dir='ltr'><strong>A&#39;.</strong></span> <span class='ocrx_word' id='word_1_126' title='bbox 2460 1118 2520 1169; x_wconf 85' lang='lat' dir='ltr'><strong>Ei</strong></span> <span class='ocrx_word' id='word_1_127' title='bbox 2537 1116 2646 1188; x_wconf 65' lang='grc' dir='ltr'>γὰρ</span> <span class='ocrx_word' id='word_1_128' title='bbox 2665 1117 2759 1170; x_wconf 72' lang='grc' dir='ltr'><strong>καὶ</strong></span> <span class='ocrx_word' id='word_1_129' title='bbox 2780 1117 2840 1170; x_wconf 83' lang='grc' dir='ltr'><strong>οὐ</strong></span> <span class='ocrx_word' id='word_1_130' title='bbox 2865 1116 3170 1182; x_wconf 75' lang='grc' dir='ltr'><strong>δεδόξασται</strong></span> <span class='ocrx_word' id='word_1_131' title='bbox 3188 1118 3216 1170; x_wconf 80' lang='grc' dir='ltr'>ὁ</span> <span class='ocrx_word' id='word_1_132' title='bbox 3243 1116 3414 1189; x_wconf 86' lang='grc' dir='ltr'>γάμος</span> <span class='ocrx_word' id='word_1_133' title='bbox 3436 1114 3508 1180; x_wconf 79' lang='grc' dir='ltr'>ὦς</span> <span class='ocrx_word' id='word_1_134' title='bbox 3529 1119 3559 1190; x_wconf 78' lang='grc' dir='ltr'><strong>ἡ</strong></span> <span class='ocrx_word' id='word_1_135' title='bbox 3581 1117 3812 1188; x_wconf 79' lang='grc' dir='ltr'>παρθενία,</span> 
     </span>
    </p>
   </div>
   <div class='ocr_carea' id='block_1_17' title="bbox 2297 1207 3815 1281">
    <p class='ocr_par' dir='ltr' id='par_1_17' title="bbox 2297 1207 3815 1281">
     <span class='ocr_line' id='line_1_17' title="bbox 2297 1207 3815 1281; baseline 0.002 -21"><span class='ocrx_word' id='word_1_136' title='bbox 2297 1208 2435 1278; x_wconf 84' lang='grc' dir='ltr'>ὑπὲρ</span> <span class='ocrx_word' id='word_1_137' title='bbox 2493 1207 2654 1261; x_wconf 80' lang='grc' dir='ltr'>αὑτὸν</span> <span class='ocrx_word' id='word_1_138' title='bbox 2707 1208 2764 1261; x_wconf 86' lang='grc' dir='ltr'><strong>δέ</strong></span> <span class='ocrx_word' id='word_1_139' title='bbox 2814 1209 3047 1280; x_wconf 82' lang='grc' dir='ltr'>ὑπάρχει</span> <span class='ocrx_word' id='word_1_140' title='bbox 3091 1212 3125 1281; x_wconf 76' lang='grc' dir='ltr'>ἡ</span> <span class='ocrx_word' id='word_1_141' title='bbox 3179 1209 3460 1279; x_wconf 86' lang='grc' dir='ltr'>παρθενία,</span> <span class='ocrx_word' id='word_1_142' title='bbox 3505 1211 3739 1280; x_wconf 83' lang='grc' dir='ltr'>παρθενία</span> <span class='ocrx_word' id='word_1_143' title='bbox 3773 1211 3815 1263; x_wconf 72' lang='grc' dir='ltr'>δὲ</span> 
     </span>
    </p>
   </div>
   <div class='ocr_carea' id='block_1_18' title="bbox 2297 1298 3817 1372">
    <p class='ocr_par' dir='ltr' id='par_1_18' title="bbox 2297 1298 3817 1372">
     <span class='ocr_line' id='line_1_18' title="bbox 2297 1298 3817 1372; baseline 0.001 -20"><span class='ocrx_word' id='word_1_144' title='bbox 2297 1298 2634 1370; x_wconf 75' lang='grc' dir='ltr'><strong>ἀληθεύουσα</strong></span> <span class='ocrx_word' id='word_1_145' title='bbox 2661 1299 2869 1365; x_wconf 81' lang='grc' dir='ltr'>ἔνδοξος</span> <span class='ocrx_word' id='word_1_146' title='bbox 2903 1301 2997 1354; x_wconf 80' lang='grc' dir='ltr'>καὶ</span> <span class='ocrx_word' id='word_1_147' title='bbox 3028 1301 3282 1372; x_wconf 82' lang='grc' dir='ltr'>ἐνάρετος</span> <span class='ocrx_word' id='word_1_148' title='bbox 3310 1301 3579 1371; x_wconf 86' lang='grc' dir='ltr'>κέκληται,</span> <span class='ocrx_word' id='word_1_149' title='bbox 3602 1302 3656 1353; x_wconf 79' lang='grc' dir='ltr'><strong>ού</strong></span> <span class='ocrx_word' id='word_1_150' title='bbox 3689 1317 3817 1372; x_wconf 77' lang='grc' dir='ltr'>μεμο-</span> 
     </span>
    </p>
   </div>
   <div class='ocr_carea' id='block_1_19' title="bbox 2295 1390 3818 1465">
    <p class='ocr_par' dir='ltr' id='par_1_19' title="bbox 2295 1390 3818 1465">
     <span class='ocr_line' id='line_1_19' title="bbox 2295 1390 3818 1465; baseline 0.003 -24"><span class='ocrx_word' id='word_1_151' title='bbox 2295 1390 2559 1464; x_wconf 80' lang='grc' dir='ltr'>λυσμένη,</span> <span class='ocrx_word' id='word_1_152' title='bbox 2589 1394 2684 1446; x_wconf 73' lang='grc' dir='ltr'><strong>καὶ</strong></span> <span class='ocrx_word' id='word_1_153' title='bbox 2713 1395 2741 1445; x_wconf 79' lang='grc' dir='ltr'><strong>δ</strong></span> <span class='ocrx_word' id='word_1_154' title='bbox 2771 1393 2967 1464; x_wconf 83' lang='grc' dir='ltr'>σεμνὸς</span> <span class='ocrx_word' id='word_1_155' title='bbox 2990 1393 3044 1448; x_wconf 75' lang='grc' dir='ltr'>δὲ</span> <span class='ocrx_word' id='word_1_156' title='bbox 3076 1394 3252 1465; x_wconf 80' lang='grc' dir='ltr'><strong>γάμος</strong></span> <span class='ocrx_word' id='word_1_157' title='bbox 3301 1394 3628 1446; x_wconf 75' lang='grc' dir='ltr'><strong>παιδοποιίαν</strong></span> <span class='ocrx_word' id='word_1_158' title='bbox 3656 1394 3737 1447; x_wconf 71' lang='grc' dir='ltr'>οὐκ</span> <span class='ocrx_word' id='word_1_159' title='bbox 3761 1396 3818 1458; x_wconf 81' lang='grc' dir='ltr'>εἰς</span> 
     </span>
    </p>
   </div>
   <div class='ocr_carea' id='block_1_20' title="bbox 2297 1482 3815 1557">
    <p class='ocr_par' dir='ltr' id='par_1_20' title="bbox 2297 1482 3815 1557">
     <span class='ocr_line' id='line_1_20' title="bbox 2297 1482 3815 1557; baseline 0.001 -21"><span class='ocrx_word' id='word_1_160' title='bbox 2297 1482 2559 1554; x_wconf 79' lang='grc' dir='ltr'><strong>αἰσχύνην</strong></span> <span class='ocrx_word' id='word_1_161' title='bbox 2588 1483 2657 1536; x_wconf 74' lang='grc' dir='ltr'><strong>τὰ</strong></span> <span class='ocrx_word' id='word_1_162' title='bbox 2693 1485 2756 1537; x_wconf 85' lang='grc' dir='ltr'><strong>ἐκ</strong></span> <span class='ocrx_word' id='word_1_163' title='bbox 2788 1483 2923 1537; x_wconf 94' lang='grc' dir='ltr'>Θεοῦ</span> <span class='ocrx_word' id='word_1_164' title='bbox 2969 1485 3149 1548; x_wconf 82' lang='grc' dir='ltr'>καλῶς</span> <span class='ocrx_word' id='word_1_165' title='bbox 3182 1487 3475 1556; x_wconf 72' lang='grc' dir='ltr'>ἐκτισμένα</span> <span class='ocrx_word' id='word_1_166' title='bbox 3509 1485 3815 1557; x_wconf 72' lang='grc' dir='ltr'>ἀπαγορεύει·</span> 
     </span>
    </p>
   </div>
   <div class='ocr_carea' id='block_1_21' title="bbox 2294 1570 3818 1647">
    <p class='ocr_par' dir='ltr' id='par_1_21' title="bbox 2294 1570 3818 1647">
     <span class='ocr_line' id='line_1_21' title="bbox 2294 1570 3818 1647; baseline 0.001 -21"><span class='ocrx_word' id='word_1_167' title='bbox 2294 1571 2409 1626; x_wconf 82' lang='grc' dir='ltr'>ἀλλ’</span> <span class='ocrx_word' id='word_1_168' title='bbox 2449 1570 2572 1625; x_wconf 82' lang='grc' dir='ltr'>οῦτε</span> <span class='ocrx_word' id='word_1_169' title='bbox 2607 1572 2780 1638; x_wconf 82' lang='grc' dir='ltr'>άλλως</span> <span class='ocrx_word' id='word_1_170' title='bbox 2811 1574 3249 1645; x_wconf 68' lang='grc' dir='ltr'>μεταχειρίζεται</span> <span class='ocrx_word' id='word_1_171' title='bbox 3297 1577 3398 1646; x_wconf 77' lang='grc' dir='ltr'>τῆς</span> <span class='ocrx_word' id='word_1_172' title='bbox 3440 1576 3529 1630; x_wconf 86' lang='grc' dir='ltr'><strong>τοῦ</strong></span> <span class='ocrx_word' id='word_1_173' title='bbox 3558 1578 3714 1647; x_wconf 71' lang='grc' dir='ltr'>γάμου</span> <span class='ocrx_word' id='word_1_174' title='bbox 3739 1594 3818 1629; x_wconf 82' lang='grc' dir='ltr'>κοι-</span> 
     </span>
    </p>
   </div>
   <div class='ocr_carea' id='block_1_22' title="bbox 602 1663 2188 1738">
    <p class='ocr_par' dir='ltr' id='par_1_22' title="bbox 602 1663 2187 1738">
     <span class='ocr_line' id='line_1_22' title="bbox 602 1663 2187 1738; baseline -0.001 -20"><span class='ocrx_word' id='word_1_175' title='bbox 602 1683 723 1738; x_wconf 70' lang='lat' dir='ltr'><strong>quae</strong></span> <span class='ocrx_word' id='word_1_176' title='bbox 757 1683 785 1720; x_wconf 87' lang='lat' dir='ltr'><strong>a</strong></span> <span class='ocrx_word' id='word_1_177' title='bbox 836 1665 944 1721; x_wconf 81' lang='lat' dir='ltr'><strong>Deo</strong></span> <span class='ocrx_word' id='word_1_178' title='bbox 992 1666 1250 1736; x_wconf 74' lang='lat' dir='ltr'><strong>pneclare</strong></span> <span class='ocrx_word' id='word_1_179' title='bbox 1289 1665 1507 1719; x_wconf 89' lang='lat' dir='ltr'><strong>condita</strong></span> <span class='ocrx_word' id='word_1_180' title='bbox 1541 1671 1711 1726; x_wconf 91' lang='lat' dir='ltr'><strong>sunt,</strong></span> <span class='ocrx_word' id='word_1_181' title='bbox 1755 1663 1869 1717; x_wconf 85' lang='lat' dir='ltr'><strong>imo</strong></span> <span class='ocrx_word' id='word_1_182' title='bbox 1901 1678 2029 1716; x_wconf 88' lang='lat' dir='ltr'><strong>vero</strong></span> <span class='ocrx_word' id='word_1_183' title='bbox 2081 1678 2187 1717; x_wconf 92' lang='lat' dir='ltr'><strong>non</strong></span> 
     </span>
    </p>
   </div>
   <div class='ocr_carea' id='block_1_23' title="bbox 2291 1663 3818 1738">
    <p class='ocr_par' dir='ltr' id='par_1_23' title="bbox 2291 1664 3818 1738">
     <span class='ocr_line' id='line_1_23' title="bbox 2291 1664 3818 1738; baseline 0.001 -20"><span class='ocrx_word' id='word_1_184' title='bbox 2291 1664 2490 1728; x_wconf 76' lang='grc' dir='ltr'>νωνίας</span> <span class='ocrx_word' id='word_1_185' title='bbox 2515 1664 2616 1736; x_wconf 77' lang='grc' dir='ltr'><strong>τὴν</strong></span> <span class='ocrx_word' id='word_1_186' title='bbox 2651 1665 2715 1718; x_wconf 84' lang='grc' dir='ltr'><strong>ἐκ</strong></span> <span class='ocrx_word' id='word_1_187' title='bbox 2770 1665 2907 1718; x_wconf 85' lang='grc' dir='ltr'>Θεοῦ</span> <span class='ocrx_word' id='word_1_188' title='bbox 2956 1666 3298 1736; x_wconf 80' lang='grc' dir='ltr'>τεταγμένην</span> <span class='ocrx_word' id='word_1_189' title='bbox 3331 1668 3569 1737; x_wconf 78' lang='grc' dir='ltr'>ἀγωγήν.</span> <span class='ocrx_word' id='word_1_190' title='bbox 3599 1667 3818 1738; x_wconf 74' lang='grc' dir='ltr'>Παρθενία</span> 
     </span>
    </p>
   </div>
   <div class='ocr_carea' id='block_1_24' title="bbox 603 1753 2190 1829">
    <p class='ocr_par' dir='ltr' id='par_1_24' title="bbox 603 1753 2190 1829">
     <span class='ocr_line' id='line_1_24' title="bbox 603 1753 2190 1829; baseline -0.003 -15"><span class='ocrx_word' id='word_1_191' title='bbox 603 1760 760 1814; x_wconf 78' lang='lat' dir='ltr'><strong>aliter</strong></span> <span class='ocrx_word' id='word_1_192' title='bbox 814 1753 1191 1829; x_wconf 61' lang='lat' dir='ltr'><strong>praiscriptum</strong></span> <span class='ocrx_word' id='word_1_193' title='bbox 1234 1756 1494 1811; x_wconf 87' lang='lat' dir='ltr'><strong>divinitus</strong></span> <span class='ocrx_word' id='word_1_194' title='bbox 1533 1755 1797 1826; x_wconf 86' lang='lat' dir='ltr'><strong>nuptialis</strong></span> <span class='ocrx_word' id='word_1_195' title='bbox 1843 1756 2190 1826; x_wconf 91' lang='lat' dir='ltr'><strong>conjunctio-</strong></span> 
     </span>
    </p>
   </div>
   <div class='ocr_carea' id='block_1_25' title="bbox 602 1847 2191 1919">
    <p class='ocr_par' dir='ltr' id='par_1_25' title="bbox 602 1847 2191 1919">
     <span class='ocr_line' id='line_1_25' title="bbox 602 1847 2191 1919; baseline -0.001 -15"><span class='ocrx_word' id='word_1_196' title='bbox 602 1852 690 1905; x_wconf 90' lang='lat' dir='ltr'><strong>nis</strong></span> <span class='ocrx_word' id='word_1_197' title='bbox 723 1853 942 1904; x_wconf 87' lang='lat' dir='ltr'><strong>modum</strong></span> <span class='ocrx_word' id='word_1_198' title='bbox 983 1864 1047 1903; x_wconf 89' lang='lat' dir='ltr'><strong>ac</strong></span> <span class='ocrx_word' id='word_1_199' title='bbox 1081 1849 1348 1903; x_wconf 86' lang='lat' dir='ltr'><strong>rationem</strong></span> <span class='ocrx_word' id='word_1_200' title='bbox 1383 1855 1673 1918; x_wconf 89' lang='lat' dir='ltr'><strong>usurpant.</strong></span> <span class='ocrx_word' id='word_1_201' title='bbox 1715 1847 1929 1918; x_wconf 81' lang='lat' dir='ltr'><strong>Quippe</strong></span> <span class='ocrx_word' id='word_1_202' title='bbox 1963 1849 2191 1919; x_wconf 83' lang='lat' dir='ltr'><strong>virgini-</strong></span> 
     </span>
    </p>
   </div>
   <div class='ocr_carea' id='block_1_26' title="bbox 2295 1757 3818 1832">
    <p class='ocr_par' dir='ltr' id='par_1_26' title="bbox 2295 1757 3818 1832">
     <span class='ocr_line' id='line_1_26' title="bbox 2295 1757 3818 1832; baseline 0 -22"><span class='ocrx_word' id='word_1_203' title='bbox 2295 1758 2403 1829; x_wconf 83' lang='grc' dir='ltr'><strong>γάρ</strong></span> <span class='ocrx_word' id='word_1_204' title='bbox 2442 1760 2589 1812; x_wconf 82' lang='grc' dir='ltr'>ἐστιν</span> <span class='ocrx_word' id='word_1_205' title='bbox 2616 1757 2850 1830; x_wconf 84' lang='grc' dir='ltr'>άληθῶς,</span> <span class='ocrx_word' id='word_1_206' title='bbox 2881 1758 2956 1822; x_wconf 81' lang='grc' dir='ltr'>ὡς</span> <span class='ocrx_word' id='word_1_207' title='bbox 2987 1759 3172 1830; x_wconf 82' lang='grc' dir='ltr'>ἐκείνη</span> <span class='ocrx_word' id='word_1_208' title='bbox 3207 1761 3240 1832; x_wconf 78' lang='grc' dir='ltr'>ἡ</span> <span class='ocrx_word' id='word_1_209' title='bbox 3267 1758 3374 1812; x_wconf 81' lang='grc' dir='ltr'>ὑπὸ</span> <span class='ocrx_word' id='word_1_210' title='bbox 3396 1759 3486 1813; x_wconf 89' lang='grc' dir='ltr'><strong>τοῦ</strong></span> <span class='ocrx_word' id='word_1_211' title='bbox 3520 1761 3659 1827; x_wconf 79' lang='grc' dir='ltr'>ἁγίου</span> <span class='ocrx_word' id='word_1_212' title='bbox 3692 1760 3818 1812; x_wconf 75' lang='grc' dir='ltr'>Ἀπο-</span> 
     </span>
    </p>
   </div>
   <div class='ocr_carea' id='block_1_27' title="bbox 2290 1850 3815 1922">
    <p class='ocr_par' dir='ltr' id='par_1_27' title="bbox 2290 1850 3815 1922">
     <span class='ocr_line' id='line_1_27' title="bbox 2290 1850 3815 1922; baseline 0.003 -20"><span class='ocrx_word' id='word_1_213' title='bbox 2290 1850 2484 1902; x_wconf 61' lang='grc' dir='ltr'>ηστόλου</span> <span class='ocrx_word' id='word_1_214' title='bbox 2513 1851 2877 1922; x_wconf 74' lang='grc' dir='ltr'>ἐπαινουμένη</span> <span class='ocrx_word' id='word_1_215' title='bbox 2897 1891 2911 1915; x_wconf 90' lang='grc'><strong>,</strong></span> <span class='ocrx_word' id='word_1_216' title='bbox 2957 1851 3038 1904; x_wconf 78' lang='grc' dir='ltr'><strong>ὅτι</strong></span> <span class='ocrx_word' id='word_1_217' title='bbox 3071 1852 3142 1906; x_wconf 83' lang='grc' dir='ltr'>Ἡ</span> <span class='ocrx_word' id='word_1_218' title='bbox 3180 1851 3475 1920; x_wconf 79' lang='grc' dir='ltr'>παρθένος</span> <span class='ocrx_word' id='word_1_219' title='bbox 3516 1852 3604 1906; x_wconf 84' lang='grc' dir='ltr'><strong>καί</strong></span> <span class='ocrx_word' id='word_1_220' title='bbox 3641 1853 3674 1920; x_wconf 73' lang='grc' dir='ltr'><strong>ἡ</strong></span> <span class='ocrx_word' id='word_1_221' title='bbox 3707 1852 3815 1921; x_wconf 75' lang='grc' dir='ltr'>ἄγα·</span> 
     </span>
    </p>
   </div>
   <div class='ocr_carea' id='block_1_28' title="bbox 603 1936 2188 2011">
    <p class='ocr_par' dir='ltr' id='par_1_28' title="bbox 603 1939 2188 2010">
     <span class='ocr_line' id='line_1_28' title="bbox 603 1939 2188 2010; baseline -0.001 -16"><span class='ocrx_word' id='word_1_222' title='bbox 603 1949 688 1996; x_wconf 82' lang='lat' dir='ltr'><strong>tas</strong></span> <span class='ocrx_word' id='word_1_223' title='bbox 737 1955 924 1995; x_wconf 76' lang='lat' dir='ltr'><strong>revera</strong></span> <span class='ocrx_word' id='word_1_224' title='bbox 973 1940 1094 2008; x_wconf 89' lang='lat' dir='ltr'><strong>ejus</strong></span> <span class='ocrx_word' id='word_1_225' title='bbox 1149 1939 1324 1993; x_wconf 88' lang='lat' dir='ltr'><strong>instar</strong></span> <span class='ocrx_word' id='word_1_226' title='bbox 1361 1948 1445 1994; x_wconf 90' lang='lat' dir='ltr'><strong>est</strong></span> <span class='ocrx_word' id='word_1_227' title='bbox 1474 1979 1488 2004; x_wconf 98' lang='lat'><strong>,</strong></span> <span class='ocrx_word' id='word_1_228' title='bbox 1535 1953 1698 2010; x_wconf 80' lang='lat' dir='ltr'><strong>quam</strong></span> <span class='ocrx_word' id='word_1_229' title='bbox 1755 1940 2048 2009; x_wconf 84' lang='lat' dir='ltr'><strong>Apostolus</strong></span> <span class='ocrx_word' id='word_1_230' title='bbox 2106 1939 2188 1994; x_wconf 86' lang='lat' dir='ltr'><strong>his</strong></span> 
     </span>
    </p>
   </div>
   <div class='ocr_carea' id='block_1_29' title="bbox 2291 1936 3814 2011">
    <p class='ocr_par' dir='ltr' id='par_1_29' title="bbox 2291 1940 3814 2011">
     <span class='ocr_line' id='line_1_29' title="bbox 2291 1940 3814 2011; baseline 0.001 -16"><span class='ocrx_word' id='word_1_231' title='bbox 2291 1960 2405 2011; x_wconf 85' lang='grc' dir='ltr'><strong>μος</strong></span> <span class='ocrx_word' id='word_1_232' title='bbox 2427 1940 2684 2011; x_wconf 79' lang='grc' dir='ltr'>μεριμνᾷ</span> <span class='ocrx_word' id='word_1_233' title='bbox 2722 1944 2792 1995; x_wconf 80' lang='grc' dir='ltr'>τὰ</span> <span class='ocrx_word' id='word_1_234' title='bbox 2821 1942 2928 1996; x_wconf 82' lang='grc' dir='ltr'><strong>τοῦ</strong></span> <span class='ocrx_word' id='word_1_235' title='bbox 2961 1942 3202 2011; x_wconf 80' lang='grc' dir='ltr'><strong>Κυρίου,</strong></span> <span class='ocrx_word' id='word_1_236' title='bbox 3255 1940 3382 2008; x_wconf 82' lang='grc' dir='ltr'><strong>πῶς</strong></span> <span class='ocrx_word' id='word_1_237' title='bbox 3422 1943 3613 2011; x_wconf 80' lang='grc' dir='ltr'>ἁρέσει</span> <span class='ocrx_word' id='word_1_238' title='bbox 3643 1942 3708 2007; x_wconf 80' lang='grc' dir='ltr'>τῷ</span> <span class='ocrx_word' id='word_1_239' title='bbox 3731 1947 3814 1998; x_wconf 82' lang='grc' dir='ltr'><strong>Κυ-</strong></span> 
     </span>
    </p>
   </div>
   <div class='ocr_carea' id='block_1_30' title="bbox 601 2025 2188 2102">
    <p class='ocr_par' dir='ltr' id='par_1_30' title="bbox 601 2029 2188 2102">
     <span class='ocr_line' id='line_1_30' title="bbox 601 2029 2188 2102; baseline 0.001 -19"><span class='ocrx_word' id='word_1_240' title='bbox 601 2031 782 2087; x_wconf 86' lang='lat' dir='ltr'><strong>verbis</strong></span> <span class='ocrx_word' id='word_1_241' title='bbox 825 2030 1122 2102; x_wconf 72' lang='lat' dir='ltr'><strong>praedicat:</strong></span> <span class='ocrx_word' id='word_1_242' title='bbox 1168 2029 1326 2101; x_wconf 78' lang='lat' dir='ltr'><strong>Virgo</strong></span> <span class='ocrx_word' id='word_1_243' title='bbox 1367 2040 1415 2084; x_wconf 85' lang='lat' dir='ltr'><strong>et</strong></span> <span class='ocrx_word' id='word_1_244' title='bbox 1473 2031 1693 2098; x_wconf 81' lang='lat' dir='ltr'><strong>innupta</strong></span> <span class='ocrx_word' id='word_1_245' title='bbox 1744 2030 1979 2084; x_wconf 81' lang='lat' dir='ltr'><strong>sollicita</strong></span> <span class='ocrx_word' id='word_1_246' title='bbox 2016 2031 2188 2086; x_wconf 81' lang='lat' dir='ltr'><strong>estde</strong></span> 
     </span>
    </p>
   </div>
   <div class='ocr_carea' id='block_1_31' title="bbox 2291 2025 3815 2102">
    <p class='ocr_par' dir='ltr' id='par_1_31' title="bbox 2291 2025 3815 2102">
     <span class='ocr_line' id='line_1_31' title="bbox 2291 2025 3815 2102; baseline 0.001 -20"><span class='ocrx_word' id='word_1_247' title='bbox 2291 2031 2415 2098; x_wconf 84' lang='grc' dir='ltr'>ρίῳ,</span> <span class='ocrx_word' id='word_1_248' title='bbox 2472 2031 2571 2082; x_wconf 81' lang='grc' dir='ltr'>ἵνα</span> <span class='ocrx_word' id='word_1_249' title='bbox 2613 2025 2654 2100; x_wconf 80' lang='grc' dir='ltr'><em>ᾖ</em></span> <span class='ocrx_word' id='word_1_250' title='bbox 2703 2031 2841 2099; x_wconf 77' lang='grc' dir='ltr'>ἁγία</span> <span class='ocrx_word' id='word_1_251' title='bbox 2883 2028 2963 2096; x_wconf 85' lang='grc' dir='ltr'>τῷ</span> <span class='ocrx_word' id='word_1_252' title='bbox 3005 2030 3231 2099; x_wconf 77' lang='grc' dir='ltr'>σώματι</span> <span class='ocrx_word' id='word_1_253' title='bbox 3274 2033 3372 2086; x_wconf 76' lang='grc' dir='ltr'><strong>καί</strong></span> <span class='ocrx_word' id='word_1_254' title='bbox 3423 2032 3494 2102; x_wconf 81' lang='grc' dir='ltr'>τῇ</span> <span class='ocrx_word' id='word_1_255' title='bbox 3534 2033 3702 2102; x_wconf 64' lang='grc' dir='ltr'>ψυχῇ.</span> <span class='ocrx_word' id='word_1_256' title='bbox 3732 2035 3815 2085; x_wconf 87' lang='grc' dir='ltr'>Ἵνα</span> 
     </span>
    </p>
   </div>
   <div class='ocr_carea' id='block_1_32' title="bbox 603 2123 2188 2195">
    <p class='ocr_par' dir='ltr' id='par_1_32' title="bbox 603 2123 2188 2195">
     <span class='ocr_line' id='line_1_32' title="bbox 603 2123 2188 2195; baseline 0.002 -18"><span class='ocrx_word' id='word_1_257' title='bbox 603 2125 666 2178; x_wconf 74' lang='lat' dir='ltr'><strong>iis</strong></span> <span class='ocrx_word' id='word_1_258' title='bbox 701 2141 817 2195; x_wconf 76' lang='lat' dir='ltr'><strong>qua:</strong></span> <span class='ocrx_word' id='word_1_259' title='bbox 855 2134 978 2178; x_wconf 83' lang='lat' dir='ltr'><strong>sunt</strong></span> <span class='ocrx_word' id='word_1_260' title='bbox 1016 2124 1254 2189; x_wconf 81' lang='lat' dir='ltr'><strong>Domini,</strong></span> <span class='ocrx_word' id='word_1_261' title='bbox 1283 2124 1543 2194; x_wconf 83' lang='lat' dir='ltr'><strong>quomodo</strong></span> <span class='ocrx_word' id='word_1_262' title='bbox 1573 2125 1781 2192; x_wconf 73' lang='lat' dir='ltr'><strong>placeat</strong></span> <span class='ocrx_word' id='word_1_263' title='bbox 1828 2123 2055 2180; x_wconf 81' lang='lat' dir='ltr'><strong>Domino</strong></span> <span class='ocrx_word' id='word_1_264' title='bbox 2078 2167 2091 2188; x_wconf 93' lang='lat'><strong>,</strong></span> <span class='ocrx_word' id='word_1_265' title='bbox 2133 2136 2188 2180; x_wconf 88' lang='lat' dir='ltr'><strong>ut</strong></span> 
     </span>
    </p>
   </div>
   <div class='ocr_carea' id='block_1_33' title="bbox 602 2214 2188 2284">
    <p class='ocr_par' dir='ltr' id='par_1_33' title="bbox 602 2214 2188 2284">
     <span class='ocr_line' id='line_1_33' title="bbox 602 2214 2188 2284; baseline 0.003 -16"><span class='ocrx_word' id='word_1_266' title='bbox 602 2219 665 2268; x_wconf 79' lang='lat' dir='ltr'><strong>sit</strong></span> <span class='ocrx_word' id='word_1_267' title='bbox 693 2227 878 2269; x_wconf 79' lang='lat' dir='ltr'><strong>sancta</strong></span> <span class='ocrx_word' id='word_1_268' title='bbox 905 2217 1120 2279; x_wconf 68' lang='lat' dir='ltr'><strong>carpare</strong></span> <span class='ocrx_word' id='word_1_269' title='bbox 1149 2225 1198 2270; x_wconf 89' lang='lat' dir='ltr'><strong>et</strong></span> <span class='ocrx_word' id='word_1_270' title='bbox 1219 2217 1398 2269; x_wconf 83' lang='lat' dir='ltr'><strong>anima</strong></span> <span class='ocrx_word' id='word_1_271' title='bbox 1420 2218 1461 2271; x_wconf 83' lang='grc'><strong>¹.</strong></span> <span class='ocrx_word' id='word_1_272' title='bbox 1497 2214 1566 2271; x_wconf 87' lang='lat' dir='ltr'><strong>Ut</strong></span> <span class='ocrx_word' id='word_1_273' title='bbox 1595 2217 1928 2284; x_wconf 79' lang='lat' dir='ltr'><strong>ostenderet,</strong></span> <span class='ocrx_word' id='word_1_274' title='bbox 1959 2219 2188 2282; x_wconf 82' lang='lat' dir='ltr'><strong>nullam,</strong></span> 
     </span>
    </p>
   </div>
   <div class='ocr_carea' id='block_1_34' title="bbox 601 2309 2191 2380">
    <p class='ocr_par' dir='ltr' id='par_1_34' title="bbox 601 2309 2191 2380">
     <span class='ocr_line' id='line_1_34' title="bbox 601 2309 2191 2380; baseline 0.003 -21"><span class='ocrx_word' id='word_1_275' title='bbox 601 2323 668 2360; x_wconf 86' lang='lat' dir='ltr'><strong>ne</strong></span> <span class='ocrx_word' id='word_1_276' title='bbox 699 2309 980 2362; x_wconf 85' lang='lat' dir='ltr'><strong>minimam</strong></span> <span class='ocrx_word' id='word_1_277' title='bbox 1014 2309 1235 2380; x_wconf 86' lang='lat' dir='ltr'><strong>quidem</strong></span> <span class='ocrx_word' id='word_1_278' title='bbox 1265 2351 1279 2376; x_wconf 89' lang='lat'><strong>,</strong></span> <span class='ocrx_word' id='word_1_279' title='bbox 1319 2309 1690 2380; x_wconf 80' lang='lat' dir='ltr'><strong>suspicionem</strong></span> <span class='ocrx_word' id='word_1_280' title='bbox 1727 2309 2038 2365; x_wconf 87' lang='lat' dir='ltr'><strong>solitarium</strong></span> <span class='ocrx_word' id='word_1_281' title='bbox 2067 2309 2191 2364; x_wconf 71' lang='lat' dir='ltr'><strong>vitae</strong></span> 
     </span>
    </p>
   </div>
   <div class='ocr_carea' id='block_1_35' title="bbox 600 2401 2191 2467">
    <p class='ocr_par' dir='ltr' id='par_1_35' title="bbox 600 2401 2191 2467">
     <span class='ocr_line' id='line_1_35' title="bbox 600 2401 2191 2467; baseline 0.003 -14"><span class='ocrx_word' id='word_1_282' title='bbox 600 2418 772 2467; x_wconf 59' lang='lat' dir='ltr'><strong>genus</strong></span> <span class='ocrx_word' id='word_1_283' title='bbox 808 2401 1140 2457; x_wconf 74' lang='lat' dir='ltr'><strong>‘admittere.</strong></span> <span class='ocrx_word' id='word_1_284' title='bbox 1188 2401 1392 2458; x_wconf 74' lang='lat' dir='ltr'><strong>Verum</strong></span> <span class='ocrx_word' id='word_1_285' title='bbox 1455 2409 1509 2458; x_wconf 91' lang='lat' dir='ltr'><strong>et</strong></span> <span class='ocrx_word' id='word_1_286' title='bbox 1555 2401 1928 2457; x_wconf 82' lang='lat' dir='ltr'><strong>Abrahamum</strong></span> <span class='ocrx_word' id='word_1_287' title='bbox 1982 2404 2191 2459; x_wconf 89' lang='lat' dir='ltr'><strong>scimus</strong></span> 
     </span>
    </p>
   </div>
   <div class='ocr_carea' id='block_1_36' title="bbox 603 2491 2191 2562">
    <p class='ocr_par' dir='ltr' id='par_1_36' title="bbox 603 2491 2191 2562">
     <span class='ocr_line' id='line_1_36' title="bbox 603 2491 2191 2562; baseline 0.004 -19"><span class='ocrx_word' id='word_1_288' title='bbox 603 2493 788 2545; x_wconf 82' lang='lat' dir='ltr'><strong>liberis</strong></span> <span class='ocrx_word' id='word_1_289' title='bbox 843 2508 1064 2562; x_wconf 88' lang='lat' dir='ltr'><strong>operam</strong></span> <span class='ocrx_word' id='word_1_290' title='bbox 1128 2493 1386 2558; x_wconf 89' lang='lat' dir='ltr'><strong>dedisse,</strong></span> <span class='ocrx_word' id='word_1_291' title='bbox 1442 2503 1496 2549; x_wconf 88' lang='lat' dir='ltr'><strong>et</strong></span> <span class='ocrx_word' id='word_1_292' title='bbox 1547 2494 1783 2548; x_wconf 89' lang='lat' dir='ltr'><strong>amicum</strong></span> <span class='ocrx_word' id='word_1_293' title='bbox 1833 2494 2050 2548; x_wconf 90' lang='lat' dir='ltr'><strong>interim</strong></span> <span class='ocrx_word' id='word_1_294' title='bbox 2095 2491 2191 2549; x_wconf 86' lang='lat' dir='ltr'><strong>Dei</strong></span> 
     </span>
    </p>
   </div>
   <div class='ocr_carea' id='block_1_37' title="bbox 602 2582 2192 2654">
    <p class='ocr_par' dir='ltr' id='par_1_37' title="bbox 602 2582 2192 2654">
     <span class='ocr_line' id='line_1_37' title="bbox 602 2582 2192 2654; baseline 0.004 -20"><span class='ocrx_word' id='word_1_295' title='bbox 602 2583 807 2646; x_wconf 87' lang='lat' dir='ltr'><strong>fuisse,</strong></span> <span class='ocrx_word' id='word_1_296' title='bbox 864 2583 1088 2652; x_wconf 86' lang='lat' dir='ltr'><strong>perinde</strong></span> <span class='ocrx_word' id='word_1_297' title='bbox 1127 2591 1291 2654; x_wconf 88' lang='lat' dir='ltr'><strong>atque</strong></span> <span class='ocrx_word' id='word_1_298' title='bbox 1345 2583 1592 2638; x_wconf 83' lang='lat' dir='ltr'><strong>lsaaeum</strong></span> <span class='ocrx_word' id='word_1_299' title='bbox 1616 2624 1636 2648; x_wconf 81' lang='lat'><strong>,</strong></span> <span class='ocrx_word' id='word_1_300' title='bbox 1677 2590 1731 2637; x_wconf 87' lang='lat' dir='ltr'><strong>et</strong></span> <span class='ocrx_word' id='word_1_301' title='bbox 1785 2582 2053 2638; x_wconf 76' lang='lat' dir='ltr'><strong>Jacobum</strong></span> <span class='ocrx_word' id='word_1_302' title='bbox 2077 2626 2091 2650; x_wconf 94' lang='lat'><strong>,</strong></span> <span class='ocrx_word' id='word_1_303' title='bbox 2127 2599 2192 2640; x_wconf 84' lang='lat' dir='ltr'><strong>ac</strong></span> 
     </span>
    </p>
   </div>
   <div class='ocr_carea' id='block_1_38' title="bbox 600 2672 2190 2746">
    <p class='ocr_par' dir='ltr' id='par_1_38' title="bbox 600 2672 2190 2746">
     <span class='ocr_line' id='line_1_38' title="bbox 600 2672 2190 2746; baseline 0.003 -22"><span class='ocrx_word' id='word_1_304' title='bbox 600 2673 860 2742; x_wconf 73' lang='lat' dir='ltr'><strong>deinceps</strong></span> <span class='ocrx_word' id='word_1_305' title='bbox 901 2681 1146 2727; x_wconf 81' lang='lat' dir='ltr'><strong>caeteros.</strong></span> <span class='ocrx_word' id='word_1_306' title='bbox 1189 2672 1294 2739; x_wconf 87' lang='lat' dir='ltr'><strong>Qui</strong></span> <span class='ocrx_word' id='word_1_307' title='bbox 1330 2689 1506 2743; x_wconf 89' lang='lat' dir='ltr'><strong>neque</strong></span> <span class='ocrx_word' id='word_1_308' title='bbox 1539 2675 1866 2746; x_wconf 90' lang='lat' dir='ltr'><strong>semetipsos</strong></span> <span class='ocrx_word' id='word_1_309' title='bbox 1893 2690 2190 2730; x_wconf 75' lang='lat' dir='ltr'><strong>exsecran-</strong></span> 
     </span>
    </p>
   </div>
   <div class='ocr_carea' id='block_1_39' title="bbox 600 2763 2192 2835">
    <p class='ocr_par' dir='ltr' id='par_1_39' title="bbox 600 2763 2192 2835">
     <span class='ocr_line' id='line_1_39' title="bbox 600 2763 2192 2835; baseline 0.002 -19"><span class='ocrx_word' id='word_1_310' title='bbox 600 2764 688 2819; x_wconf 87' lang='lat' dir='ltr'><strong>dis</strong></span> <span class='ocrx_word' id='word_1_311' title='bbox 723 2763 970 2835; x_wconf 77' lang='lat' dir='ltr'><strong>flagitiis,</strong></span> <span class='ocrx_word' id='word_1_312' title='bbox 1004 2779 1066 2818; x_wconf 88' lang='lat' dir='ltr'><strong>ac</strong></span> <span class='ocrx_word' id='word_1_313' title='bbox 1093 2763 1413 2819; x_wconf 67' lang='lat' dir='ltr'><strong>ltedissimis</strong></span> <span class='ocrx_word' id='word_1_314' title='bbox 1444 2765 1776 2834; x_wconf 84' lang='lat' dir='ltr'><strong>usurpandis</strong></span> <span class='ocrx_word' id='word_1_315' title='bbox 1806 2767 1970 2820; x_wconf 86' lang='lat' dir='ltr'><strong>rebus</strong></span> <span class='ocrx_word' id='word_1_316' title='bbox 2006 2765 2192 2835; x_wconf 88' lang='lat' dir='ltr'><strong>inqui-</strong></span> 
     </span>
    </p>
   </div>
   <div class='ocr_carea' id='block_1_40' title="bbox 602 2854 2190 2926">
    <p class='ocr_par' dir='ltr' id='par_1_40' title="bbox 602 2854 2190 2926">
     <span class='ocr_line' id='line_1_40' title="bbox 602 2854 2190 2926; baseline 0.001 -16"><span class='ocrx_word' id='word_1_317' title='bbox 602 2869 842 2917; x_wconf 89' lang='lat' dir='ltr'><strong>narunt,</strong></span> <span class='ocrx_word' id='word_1_318' title='bbox 895 2871 1070 2926; x_wconf 89' lang='lat' dir='ltr'><strong>neque</strong></span> <span class='ocrx_word' id='word_1_319' title='bbox 1115 2864 1264 2911; x_wconf 84' lang='lat' dir='ltr'><strong>recte</strong></span> <span class='ocrx_word' id='word_1_320' title='bbox 1297 2871 1327 2910; x_wconf 89' lang='lat' dir='ltr'><strong>a</strong></span> <span class='ocrx_word' id='word_1_321' title='bbox 1365 2854 1475 2911; x_wconf 89' lang='lat' dir='ltr'><strong>Deo</strong></span> <span class='ocrx_word' id='word_1_322' title='bbox 1525 2857 1840 2912; x_wconf 70' lang='lat' dir='ltr'><strong>constitutae</strong></span> <span class='ocrx_word' id='word_1_323' title='bbox 1893 2857 2190 2912; x_wconf 83' lang='lat' dir='ltr'><strong>liberorum</strong></span> 
     </span>
    </p>
   </div>
   <div class='ocr_carea' id='block_1_41' title="bbox 602 2945 2193 3018">
    <p class='ocr_par' dir='ltr' id='par_1_41' title="bbox 602 2945 2193 3018">
     <span class='ocr_line' id='line_1_41' title="bbox 602 2945 2193 3018; baseline 0 -18"><span class='ocrx_word' id='word_1_324' title='bbox 602 2962 696 3016; x_wconf 90' lang='lat' dir='ltr'><strong>per</strong></span> <span class='ocrx_word' id='word_1_325' title='bbox 727 2946 946 3016; x_wconf 83' lang='lat' dir='ltr'><strong>nuptias</strong></span> <span class='ocrx_word' id='word_1_326' title='bbox 978 2945 1349 3016; x_wconf 86' lang='lat' dir='ltr'><strong>procreationi</strong></span> <span class='ocrx_word' id='word_1_327' title='bbox 1383 2945 1642 3018; x_wconf 74' lang='lat' dir='ltr'><strong>refragati</strong></span> <span class='ocrx_word' id='word_1_328' title='bbox 1677 2956 1824 3001; x_wconf 89' lang='lat' dir='ltr'><strong>sunt.</strong></span> <span class='ocrx_word' id='word_1_329' title='bbox 1854 2945 2040 3017; x_wconf 84' lang='lat' dir='ltr'><strong>Neque</strong></span> <span class='ocrx_word' id='word_1_330' title='bbox 2073 2962 2193 3017; x_wconf 83' lang='lat' dir='ltr'><strong>por-</strong></span> 
     </span>
    </p>
   </div>
   <div class='ocr_carea' id='block_1_42' title="bbox 598 3038 2191 3109">
    <p class='ocr_par' dir='ltr' id='par_1_42' title="bbox 598 3038 2191 3109">
     <span class='ocr_line' id='line_1_42' title="bbox 598 3038 2191 3109; baseline -0.002 -14"><span class='ocrx_word' id='word_1_331' title='bbox 598 3056 662 3095; x_wconf 90' lang='lat' dir='ltr'><strong>ro</strong></span> <span class='ocrx_word' id='word_1_332' title='bbox 699 3039 792 3109; x_wconf 85' lang='lat' dir='ltr'><strong>qui</strong></span> <span class='ocrx_word' id='word_1_333' title='bbox 851 3040 995 3093; x_wconf 85' lang='lat' dir='ltr'><strong>inter</strong></span> <span class='ocrx_word' id='word_1_334' title='bbox 1058 3039 1206 3108; x_wconf 89' lang='lat' dir='ltr'><strong>ipsos</strong></span> <span class='ocrx_word' id='word_1_335' title='bbox 1259 3039 1638 3094; x_wconf 85' lang='lat' dir='ltr'><strong>castimoniam</strong></span> <span class='ocrx_word' id='word_1_336' title='bbox 1696 3053 1761 3093; x_wconf 87' lang='lat' dir='ltr'><strong>ac</strong></span> <span class='ocrx_word' id='word_1_337' title='bbox 1824 3038 2191 3109; x_wconf 75' lang='lat' dir='ltr'><strong>virginitatem</strong></span> 
     </span>
    </p>
   </div>
   <div class='ocr_carea' id='block_1_43' title="bbox 599 3129 2192 3203">
    <p class='ocr_par' dir='ltr' id='par_1_43' title="bbox 599 3129 2192 3203">
     <span class='ocr_line' id='line_1_43' title="bbox 599 3129 2192 3203; baseline -0.001 -18"><span class='ocrx_word' id='word_1_338' title='bbox 599 3132 972 3198; x_wconf 79' lang='lat' dir='ltr'><strong>instituerant,</strong></span> <span class='ocrx_word' id='word_1_339' title='bbox 1004 3130 1322 3187; x_wconf 73' lang='lat' dir='ltr'><strong>centaminis</strong></span> <span class='ocrx_word' id='word_1_340' title='bbox 1368 3131 1516 3203; x_wconf 72' lang='lat' dir='ltr'><strong>leges</strong></span> <span class='ocrx_word' id='word_1_341' title='bbox 1556 3129 1856 3196; x_wconf 83' lang='lat' dir='ltr'><strong>violarunt,</strong></span> <span class='ocrx_word' id='word_1_342' title='bbox 1887 3138 2011 3193; x_wconf 93' lang='lat' dir='ltr'><strong>aut,</strong></span> <span class='ocrx_word' id='word_1_343' title='bbox 2045 3129 2192 3185; x_wconf 86' lang='lat' dir='ltr'><strong>velut</strong></span> 
     </span>
    </p>
   </div>
   <div class='ocr_carea' id='block_1_44' title="bbox 595 3223 2192 3295">
    <p class='ocr_par' dir='ltr' id='par_1_44' title="bbox 595 3223 2192 3295">
     <span class='ocr_line' id='line_1_44' title="bbox 595 3223 2192 3295; baseline -0.001 -17"><span class='ocrx_word' id='word_1_344' title='bbox 595 3225 925 3294; x_wconf 88' lang='lat' dir='ltr'><strong>quibusdam</strong></span> <span class='ocrx_word' id='word_1_345' title='bbox 953 3224 1268 3295; x_wconf 68' lang='lat' dir='ltr'><strong>praestigiis,</strong></span> <span class='ocrx_word' id='word_1_346' title='bbox 1316 3223 1458 3278; x_wconf 88' lang='lat' dir='ltr'><strong>hanc</strong></span> <span class='ocrx_word' id='word_1_347' title='bbox 1485 3224 1704 3278; x_wconf 89' lang='lat' dir='ltr'><strong>virtutis</strong></span> <span class='ocrx_word' id='word_1_348' title='bbox 1736 3223 2192 3278; x_wconf 79' lang='lat' dir='ltr'><strong>exercitationem</strong></span> 
     </span>
    </p>
   </div>
   <div class='ocr_carea' id='block_1_45' title="bbox 2291 2120 3815 2194">
    <p class='ocr_par' dir='ltr' id='par_1_45' title="bbox 2291 2120 3815 2194">
     <span class='ocr_line' id='line_1_45' title="bbox 2291 2120 3815 2194; baseline 0.003 -21"><span class='ocrx_word' id='word_1_349' title='bbox 2291 2120 2461 2193; x_wconf 73' lang='grc' dir='ltr'>δείξῃ.</span> <span class='ocrx_word' id='word_1_350' title='bbox 2489 2121 2572 2174; x_wconf 83' lang='grc' dir='ltr'>ὅτι</span> <span class='ocrx_word' id='word_1_351' title='bbox 2612 2121 2870 2192; x_wconf 76' lang='grc' dir='ltr'>οὐδεμίαν</span> <span class='ocrx_word' id='word_1_352' title='bbox 2909 2121 3087 2175; x_wconf 83' lang='grc' dir='ltr'>αίτίαν</span> <span class='ocrx_word' id='word_1_353' title='bbox 3115 2122 3570 2194; x_wconf 78' lang='grc' dir='ltr'>ἀμπλακημάτων</span> <span class='ocrx_word' id='word_1_354' title='bbox 3605 2125 3694 2178; x_wconf 75' lang='grc' dir='ltr'><strong>κᾶν</strong></span> <span class='ocrx_word' id='word_1_355' title='bbox 3717 2125 3815 2178; x_wconf 79' lang='grc' dir='ltr'>ὑπο-</span> 
     </span>
    </p>
   </div>
   <div class='ocr_carea' id='block_1_46' title="bbox 2291 2211 3816 2286">
    <p class='ocr_par' dir='ltr' id='par_1_46' title="bbox 2291 2211 3816 2286">
     <span class='ocr_line' id='line_1_46' title="bbox 2291 2211 3816 2286; baseline 0.002 -22"><span class='ocrx_word' id='word_1_356' title='bbox 2291 2211 2550 2282; x_wconf 79' lang='grc' dir='ltr'>νοηθῆναι</span> <span class='ocrx_word' id='word_1_357' title='bbox 2577 2213 2610 2283; x_wconf 80' lang='grc' dir='ltr'><strong>ή</strong></span> <span class='ocrx_word' id='word_1_358' title='bbox 2636 2211 2865 2282; x_wconf 80' lang='grc' dir='ltr'>μονὸτης</span> <span class='ocrx_word' id='word_1_359' title='bbox 2895 2211 3186 2283; x_wconf 86' lang='grc' dir='ltr'>ἐνδέχεται.</span> <span class='ocrx_word' id='word_1_360' title='bbox 3225 2213 3386 2267; x_wconf 76' lang='grc' dir='ltr'>Ἀλλὰ</span> <span class='ocrx_word' id='word_1_361' title='bbox 3411 2217 3503 2269; x_wconf 71' lang='grc' dir='ltr'><strong>καὶ</strong></span> <span class='ocrx_word' id='word_1_362' title='bbox 3530 2215 3816 2286; x_wconf 72' lang='grc' dir='ltr'>τὺνἈδραᾶμ</span> 
     </span>
    </p>
   </div>
   <div class='ocr_carea' id='block_1_47' title="bbox 2297 2301 3815 2377">
    <p class='ocr_par' dir='ltr' id='par_1_47' title="bbox 2297 2301 3815 2377">
     <span class='ocr_line' id='line_1_47' title="bbox 2297 2301 3815 2377; baseline 0.003 -23"><span class='ocrx_word' id='word_1_363' title='bbox 2297 2301 2524 2373; x_wconf 73' lang='grc' dir='ltr'>οἴδαμεν</span> <span class='ocrx_word' id='word_1_364' title='bbox 2569 2302 3019 2367; x_wconf 80' lang='grc' dir='ltr'>παιδοποιοῦντα,</span> <span class='ocrx_word' id='word_1_365' title='bbox 3073 2305 3225 2374; x_wconf 78' lang='grc' dir='ltr'>φίλον</span> <span class='ocrx_word' id='word_1_366' title='bbox 3277 2305 3331 2359; x_wconf 89' lang='grc' dir='ltr'><strong>δέ</strong></span> <span class='ocrx_word' id='word_1_367' title='bbox 3355 2306 3509 2358; x_wconf 52' lang='lat' dir='ltr'><strong>&quot;tum</strong></span> <span class='ocrx_word' id='word_1_368' title='bbox 3549 2305 3620 2377; x_wconf 84' lang='grc' dir='ltr'>τῷ</span> <span class='ocrx_word' id='word_1_369' title='bbox 3654 2308 3815 2376; x_wconf 78' lang='grc' dir='ltr'>Κυρίῳ,</span> 
     </span>
    </p>
   </div>
   <div class='ocr_carea' id='block_1_48' title="bbox 2305 2395 3814 2470">
    <p class='ocr_par' dir='ltr' id='par_1_48' title="bbox 2305 2395 3814 2470">
     <span class='ocr_line' id='line_1_48' title="bbox 2305 2395 3814 2470; baseline 0.002 -23"><span class='ocrx_word' id='word_1_370' title='bbox 2305 2395 2490 2448; x_wconf 79' lang='grc' dir='ltr'>Ἰσαὰκ</span> <span class='ocrx_word' id='word_1_371' title='bbox 2519 2395 2577 2449; x_wconf 82' lang='grc' dir='ltr'><strong>δέ</strong></span> <span class='ocrx_word' id='word_1_372' title='bbox 2610 2396 2704 2448; x_wconf 79' lang='grc' dir='ltr'>καὶ</span> <span class='ocrx_word' id='word_1_373' title='bbox 2739 2395 2932 2449; x_wconf 80' lang='grc' dir='ltr'>Ἰακὼὸ</span> <span class='ocrx_word' id='word_1_374' title='bbox 2955 2439 2968 2458; x_wconf 91' lang='grc'><strong>,</strong></span> <span class='ocrx_word' id='word_1_375' title='bbox 3004 2399 3100 2450; x_wconf 74' lang='grc' dir='ltr'>καὶ</span> <span class='ocrx_word' id='word_1_376' title='bbox 3145 2399 3272 2462; x_wconf 76' lang='grc' dir='ltr'>τοὺς</span> <span class='ocrx_word' id='word_1_377' title='bbox 3316 2397 3550 2470; x_wconf 78' lang='grc' dir='ltr'>καθεξῆς</span> <span class='ocrx_word' id='word_1_378' title='bbox 3575 2417 3586 2428; x_wconf 91' lang='grc'>·</span> <span class='ocrx_word' id='word_1_379' title='bbox 3621 2400 3699 2452; x_wconf 78' lang='grc' dir='ltr'><strong>καί</strong></span> <span class='ocrx_word' id='word_1_380' title='bbox 3724 2398 3814 2451; x_wconf 72' lang='grc' dir='ltr'>οὔτε</span> 
     </span>
    </p>
   </div>
   <div class='ocr_carea' id='block_1_49' title="bbox 2293 2487 3814 2562">
    <p class='ocr_par' dir='ltr' id='par_1_49' title="bbox 2293 2487 3814 2562">
     <span class='ocr_line' id='line_1_49' title="bbox 2293 2487 3814 2562; baseline 0.002 -22"><span class='ocrx_word' id='word_1_381' title='bbox 2293 2487 2522 2550; x_wconf 77' lang='grc' dir='ltr'>ἑαυτοὺς</span> <span class='ocrx_word' id='word_1_382' title='bbox 2555 2487 2824 2557; x_wconf 80' lang='grc' dir='ltr'>ἐμόλυναν</span> <span class='ocrx_word' id='word_1_383' title='bbox 2857 2487 3140 2559; x_wconf 82' lang='grc' dir='ltr'>ἀθεμίτοις</span> <span class='ocrx_word' id='word_1_384' title='bbox 3185 2489 3441 2561; x_wconf 77' lang='grc' dir='ltr'>πράξεσι,</span> <span class='ocrx_word' id='word_1_385' title='bbox 3473 2491 3814 2562; x_wconf 72' lang='grc' dir='ltr'>παραπτόμενιι</span> 
     </span>
    </p>
   </div>
   <div class='ocr_carea' id='block_1_50' title="bbox 2291 2576 3814 2654">
    <p class='ocr_par' dir='ltr' id='par_1_50' title="bbox 2291 2576 3814 2654">
     <span class='ocr_line' id='line_1_50' title="bbox 2291 2576 3814 2654; baseline 0.002 -24"><span class='ocrx_word' id='word_1_386' title='bbox 2291 2576 2578 2650; x_wconf 81' lang='grc' dir='ltr'>μυσαρῶν,</span> <span class='ocrx_word' id='word_1_387' title='bbox 2624 2576 2746 2630; x_wconf 72' lang='grc' dir='ltr'>οὔτε</span> <span class='ocrx_word' id='word_1_388' title='bbox 2788 2577 3079 2643; x_wconf 77' lang='grc' dir='ltr'>ἀντιθέτως</span> <span class='ocrx_word' id='word_1_389' title='bbox 3118 2579 3276 2650; x_wconf 72' lang='grc' dir='ltr'>ἔσχον</span> <span class='ocrx_word' id='word_1_390' title='bbox 3323 2582 3466 2653; x_wconf 77' lang='grc' dir='ltr'>πρὸς</span> <span class='ocrx_word' id='word_1_391' title='bbox 3504 2583 3594 2654; x_wconf 79' lang='grc' dir='ltr'>τὴν</span> <span class='ocrx_word' id='word_1_392' title='bbox 3627 2585 3681 2635; x_wconf 85' lang='grc' dir='ltr'><strong>ἐκ</strong></span> <span class='ocrx_word' id='word_1_393' title='bbox 3716 2581 3814 2634; x_wconf 78' lang='grc' dir='ltr'>Θεοῦ</span> 
     </span>
    </p>
   </div>
   <div class='ocr_carea' id='block_1_51' title="bbox 2294 2668 3812 2745">
    <p class='ocr_par' dir='ltr' id='par_1_51' title="bbox 2294 2668 3812 2745">
     <span class='ocr_line' id='line_1_51' title="bbox 2294 2668 3812 2745; baseline 0.003 -23"><span class='ocrx_word' id='word_1_394' title='bbox 2294 2668 2475 2732; x_wconf 86' lang='grc' dir='ltr'>καλῶς</span> <span class='ocrx_word' id='word_1_395' title='bbox 2505 2668 2844 2740; x_wconf 77' lang='grc' dir='ltr'>τεταγμένην</span> <span class='ocrx_word' id='word_1_396' title='bbox 2893 2668 2982 2723; x_wconf 84' lang='grc' dir='ltr'>διὰ</span> <span class='ocrx_word' id='word_1_397' title='bbox 3030 2672 3226 2742; x_wconf 82' lang='grc' dir='ltr'>σεμνοῦ</span> <span class='ocrx_word' id='word_1_398' title='bbox 3281 2673 3465 2745; x_wconf 84' lang='grc' dir='ltr'>γάμου</span> <span class='ocrx_word' id='word_1_399' title='bbox 3503 2674 3812 2728; x_wconf 58' lang='grc' dir='ltr'>παιδοποιίαν</span> 
     </span>
    </p>
   </div>
   <div class='ocr_carea' id='block_1_52' title="bbox 2293 2758 3814 2837">
    <p class='ocr_par' dir='ltr' id='par_1_52' title="bbox 2293 2758 3814 2837">
     <span class='ocr_line' id='line_1_52' title="bbox 2293 2758 3814 2837; baseline 0.001 -24"><span class='ocrx_word' id='word_1_400' title='bbox 2293 2760 2390 2813; x_wconf 77' lang='grc' dir='ltr'>καὶ</span> <span class='ocrx_word' id='word_1_401' title='bbox 2431 2758 2554 2812; x_wconf 76' lang='grc' dir='ltr'>οὔτε</span> <span class='ocrx_word' id='word_1_402' title='bbox 2611 2761 2661 2811; x_wconf 89' lang='grc' dir='ltr'><strong>οί</strong></span> <span class='ocrx_word' id='word_1_403' title='bbox 2719 2760 2778 2812; x_wconf 88' lang='grc' dir='ltr'><strong>ἐν</strong></span> <span class='ocrx_word' id='word_1_404' title='bbox 2830 2761 3014 2825; x_wconf 81' lang='grc' dir='ltr'>αὐτοῖς</span> <span class='ocrx_word' id='word_1_405' title='bbox 3070 2762 3291 2832; x_wconf 82' lang='grc' dir='ltr'>ἁγνείαν</span> <span class='ocrx_word' id='word_1_406' title='bbox 3334 2781 3398 2818; x_wconf 88' lang='grc' dir='ltr'><strong>τε</strong></span> <span class='ocrx_word' id='word_1_407' title='bbox 3449 2767 3538 2819; x_wconf 76' lang='grc' dir='ltr'><strong>καὶ</strong></span> <span class='ocrx_word' id='word_1_408' title='bbox 3581 2766 3814 2837; x_wconf 78' lang='grc' dir='ltr'>παρθενίαν</span> 
     </span>
    </p>
   </div>
   <div class='ocr_carea' id='block_1_53' title="bbox 2289 2852 3814 2928">
    <p class='ocr_par' dir='ltr' id='par_1_53' title="bbox 2289 2852 3814 2928">
     <span class='ocr_line' id='line_1_53' title="bbox 2289 2852 3814 2928; baseline 0.003 -25"><span class='ocrx_word' id='word_1_409' title='bbox 2289 2852 2636 2922; x_wconf 79' lang='grc' dir='ltr'>ἀσκήσαντες</span> <span class='ocrx_word' id='word_1_410' title='bbox 2688 2852 3061 2923; x_wconf 73' lang='grc' dir='ltr'>παρέφθειραν</span> <span class='ocrx_word' id='word_1_411' title='bbox 3117 2856 3210 2908; x_wconf 81' lang='grc' dir='ltr'><strong>τὸν</strong></span> <span class='ocrx_word' id='word_1_412' title='bbox 3269 2858 3484 2927; x_wconf 85' lang='grc' dir='ltr'>ἀγῶνα,</span> <span class='ocrx_word' id='word_1_413' title='bbox 3536 2857 3622 2910; x_wconf 57' lang='grc' dir='ltr'><strong>καί⁸</strong></span> <span class='ocrx_word' id='word_1_414' title='bbox 3665 2857 3814 2928; x_wconf 73' lang='grc' dir='ltr'>ἑτέρως</span> 
     </span>
    </p>
   </div>
   <div class='ocr_carea' id='block_1_54' title="bbox 2297 2944 3814 3021">
    <p class='ocr_par' dir='ltr' id='par_1_54' title="bbox 2297 2944 3814 3021">
     <span class='ocr_line' id='line_1_54' title="bbox 2297 2944 3814 3021; baseline 0.004 -26"><span class='ocrx_word' id='word_1_415' title='bbox 2297 2945 2746 3014; x_wconf 71' lang='grc' dir='ltr'>μετεποιήσαντο,</span> <span class='ocrx_word' id='word_1_416' title='bbox 2787 2944 2864 3010; x_wconf 79' lang='grc' dir='ltr'>ὡς</span> <span class='ocrx_word' id='word_1_417' title='bbox 2907 2945 2997 2998; x_wconf 84' lang='grc' dir='ltr'>διὰ</span> <span class='ocrx_word' id='word_1_418' title='bbox 3036 2947 3292 3016; x_wconf 74' lang='grc' dir='ltr'>κυὸείας,</span> <span class='ocrx_word' id='word_1_419' title='bbox 3345 2952 3440 3003; x_wconf 68' lang='grc' dir='ltr'>τὸν</span> <span class='ocrx_word' id='word_1_420' title='bbox 3488 2953 3711 3021; x_wconf 70' lang='grc' dir='ltr'>ἐνάρετον</span> <span class='ocrx_word' id='word_1_421' title='bbox 3745 2947 3814 3015; x_wconf 70' lang='grc' dir='ltr'>τῆς</span> 
     </span>
    </p>
   </div>
   <div class='ocr_carea' id='block_1_55' title="bbox 2295 3033 3813 3112">
    <p class='ocr_par' dir='ltr' id='par_1_55' title="bbox 2295 3033 3813 3112">
     <span class='ocr_line' id='line_1_55' title="bbox 2295 3033 3813 3112; baseline 0.003 -25"><span class='ocrx_word' id='word_1_422' title='bbox 2295 3033 2576 3105; x_wconf 80' lang='grc' dir='ltr'>ἀθλήσεως</span> <span class='ocrx_word' id='word_1_423' title='bbox 2617 3037 2841 3106; x_wconf 73' lang='grc' dir='ltr'>τρόπον.</span> <span class='ocrx_word' id='word_1_424' title='bbox 2891 3037 3000 3091; x_wconf 82' lang='grc' dir='ltr'><strong>Καὶ</strong></span> <span class='ocrx_word' id='word_1_425' title='bbox 3043 3039 3228 3104; x_wconf 87' lang='grc' dir='ltr'>Ἦλίας</span> <span class='ocrx_word' id='word_1_426' title='bbox 3264 3043 3369 3112; x_wconf 90' lang='grc' dir='ltr'><strong>μέν</strong></span> <span class='ocrx_word' id='word_1_427' title='bbox 3405 3042 3666 3105; x_wconf 82' lang='grc' dir='ltr'>παντελῶς</span> <span class='ocrx_word' id='word_1_428' title='bbox 3682 3038 3813 3093; x_wconf 83' lang='grc' dir='ltr'><strong>ἐν</strong></span> 
     </span>
    </p>
   </div>
   <div class='ocr_carea' id='block_1_56' title="bbox 2294 3128 3812 3207">
    <p class='ocr_par' dir='ltr' id='par_1_56' title="bbox 2294 3128 3812 3207">
     <span class='ocr_line' id='line_1_56' title="bbox 2294 3128 3812 3207; baseline 0.003 -26"><span class='ocrx_word' id='word_1_429' title='bbox 2294 3128 2411 3182; x_wconf 90' lang='grc' dir='ltr'>λεσι</span> <span class='ocrx_word' id='word_1_430' title='bbox 2435 3129 2619 3200; x_wconf 83' lang='grc' dir='ltr'>τάχιον</span> <span class='ocrx_word' id='word_1_431' title='bbox 2652 3133 2754 3185; x_wconf 84' lang='grc' dir='ltr'><strong>οὐκ</strong></span> <span class='ocrx_word' id='word_1_432' title='bbox 2792 3132 2985 3204; x_wconf 72' lang='grc' dir='ltr'>είσῄει,</span> <span class='ocrx_word' id='word_1_433' title='bbox 3018 3135 3140 3188; x_wconf 82' lang='grc' dir='ltr'>οὺδέ</span> <span class='ocrx_word' id='word_1_434' title='bbox 3172 3138 3310 3207; x_wconf 75' lang='grc' dir='ltr'>μετὰ</span> <span class='ocrx_word' id='word_1_435' title='bbox 3355 3139 3623 3207; x_wconf 89' lang='grc' dir='ltr'>γυναικῶν</span> <span class='ocrx_word' id='word_1_436' title='bbox 3650 3137 3812 3205; x_wconf 60' lang='lat' dir='ltr'><strong>«mp:-</strong></span> 
     </span>
    </p>
   </div>
   <div class='ocr_carea' id='block_1_57' title="bbox 2294 3219 3814 3301">
    <p class='ocr_par' dir='ltr' id='par_1_57' title="bbox 2294 3219 3814 3301">
     <span class='ocr_line' id='line_1_57' title="bbox 2294 3219 3814 3301; baseline 0.003 -29"><span class='ocrx_word' id='word_1_437' title='bbox 2294 3219 2384 3284; x_wconf 85' lang='grc' dir='ltr'><strong>λος</strong></span> <span class='ocrx_word' id='word_1_438' title='bbox 2412 3221 2621 3290; x_wconf 83' lang='grc' dir='ltr'>ἐγίνετο</span> <span class='ocrx_word' id='word_1_439' title='bbox 2645 3239 2658 3253; x_wconf 76' lang='grc'><strong><em>⁸</em></strong></span> <span class='ocrx_word' id='word_1_440' title='bbox 2703 3224 2760 3275; x_wconf 83' lang='grc' dir='ltr'><strong>ἐν</strong></span> <span class='ocrx_word' id='word_1_441' title='bbox 2803 3223 2859 3276; x_wconf 83' lang='grc' dir='ltr'>δὲ</span> <span class='ocrx_word' id='word_1_442' title='bbox 2897 3225 3157 3295; x_wconf 82' lang='grc' dir='ltr'>ἐρημίαις</span> <span class='ocrx_word' id='word_1_443' title='bbox 3199 3227 3464 3283; x_wconf 83' lang='grc' dir='ltr'>διατελῶν</span> <span class='ocrx_word' id='word_1_444' title='bbox 3507 3230 3724 3301; x_wconf 82' lang='grc' dir='ltr'>ὑπῆρχε·</span> <span class='ocrx_word' id='word_1_445' title='bbox 3750 3224 3814 3277; x_wconf 78' lang='grc' dir='ltr'>καὶ</span> 
     </span>
    </p>
   </div>
   <div class='ocr_carea' id='block_1_58' title="bbox 599 3286 2188 3388">
    <p class='ocr_par' dir='ltr' id='par_1_58' title="bbox 599 3314 2188 3387">
     <span class='ocr_line' id='line_1_58' title="bbox 599 3314 2188 3387; baseline 0.001 -17"><span class='ocrx_word' id='word_1_446' title='bbox 599 3320 707 3371; x_wconf 84' lang='lat' dir='ltr'><strong>alio</strong></span> <span class='ocrx_word' id='word_1_447' title='bbox 763 3316 926 3372; x_wconf 90' lang='lat' dir='ltr'><strong>modo</strong></span> <span class='ocrx_word' id='word_1_448' title='bbox 975 3323 1408 3372; x_wconf 87' lang='lat' dir='ltr'><strong>commutarunt.</strong></span> <span class='ocrx_word' id='word_1_449' title='bbox 1447 3317 1626 3387; x_wconf 80' lang='lat' dir='ltr'><strong>Atque</strong></span> <span class='ocrx_word' id='word_1_450' title='bbox 1657 3315 1807 3371; x_wconf 87' lang='lat' dir='ltr'><strong>Elias</strong></span> <span class='ocrx_word' id='word_1_451' title='bbox 1854 3331 1989 3371; x_wconf 89' lang='lat' dir='ltr'><strong>sane</strong></span> <span class='ocrx_word' id='word_1_452' title='bbox 2021 3314 2188 3371; x_wconf 87' lang='lat' dir='ltr'><strong>urbes</strong></span> 
     </span>
    </p>
   </div>
   <div class='ocr_carea' id='block_1_59' title="bbox 2291 3286 3814 3388">
    <p class='ocr_par' dir='ltr' id='par_1_59' title="bbox 2307 3286 3814 3388">
     <span class='ocr_line' id='line_1_59' title="bbox 2307 3286 3814 3388; baseline 0.005 -26"><span class='ocrx_word' id='word_1_453' title='bbox 2307 3286 2627 3376; x_wconf 80' lang='grc' dir='ltr'>Ἐλισσαῖος,</span> <span class='ocrx_word' id='word_1_454' title='bbox 2673 3313 2764 3367; x_wconf 74' lang='grc' dir='ltr'><strong>καὶ</strong></span> <span class='ocrx_word' id='word_1_455' title='bbox 2811 3286 3084 3386; x_wconf 73' lang='grc' dir='ltr'>Ἰωάννης,</span> <span class='ocrx_word' id='word_1_456' title='bbox 3116 3286 3210 3370; x_wconf 73' lang='grc' dir='ltr'>καὶ</span> <span class='ocrx_word' id='word_1_457' title='bbox 3248 3319 3452 3386; x_wconf 81' lang='grc' dir='ltr'>πάντες</span> <span class='ocrx_word' id='word_1_458' title='bbox 3480 3323 3525 3374; x_wconf 77' lang='grc' dir='ltr'>οἱ</span> <span class='ocrx_word' id='word_1_459' title='bbox 3547 3321 3566 3351; x_wconf 72' lang='grc'>⁸</span> <span class='ocrx_word' id='word_1_460' title='bbox 3687 3317 3814 3388; x_wconf 64' lang='grc' dir='ltr'>μέγαν</span> 
     </span>
    </p>
   </div>
   <div class='ocr_carea' id='block_1_60' title="bbox 597 3405 2188 3480">
    <p class='ocr_par' dir='ltr' id='par_1_60' title="bbox 597 3405 2188 3480">
     <span class='ocr_line' id='line_1_60' title="bbox 597 3405 2188 3480; baseline -0.002 -15"><span class='ocrx_word' id='word_1_461' title='bbox 597 3412 747 3479; x_wconf 90' lang='lat' dir='ltr'><strong>ipsas</strong></span> <span class='ocrx_word' id='word_1_462' title='bbox 780 3408 1173 3480; x_wconf 86' lang='lat' dir='ltr'><strong>propemodum</strong></span> <span class='ocrx_word' id='word_1_463' title='bbox 1226 3424 1295 3464; x_wconf 91' lang='lat' dir='ltr'><strong>ne</strong></span> <span class='ocrx_word' id='word_1_464' title='bbox 1349 3409 1768 3480; x_wconf 82' lang='lat' dir='ltr'><strong>ingrediehatur</strong></span> <span class='ocrx_word' id='word_1_465' title='bbox 1791 3405 2049 3478; x_wconf 87' lang='lat' dir='ltr'><strong>quidem,</strong></span> <span class='ocrx_word' id='word_1_466' title='bbox 2087 3420 2188 3462; x_wconf 88' lang='lat' dir='ltr'><strong>nec</strong></span> 
     </span>
    </p>
   </div>
   <div class='ocr_carea' id='block_1_61' title="bbox 597 3497 2188 3564">
    <p class='ocr_par' dir='ltr' id='par_1_61' title="bbox 597 3497 2188 3564">
     <span class='ocr_line' id='line_1_61' title="bbox 597 3497 2188 3564; baseline -0.001 -11"><span class='ocrx_word' id='word_1_467' title='bbox 597 3501 741 3554; x_wconf 87' lang='lat' dir='ltr'><strong>inter</strong></span> <span class='ocrx_word' id='word_1_468' title='bbox 777 3501 1039 3556; x_wconf 85' lang='lat' dir='ltr'><strong>mulieres</strong></span> <span class='ocrx_word' id='word_1_469' title='bbox 1089 3499 1446 3564; x_wconf 84' lang='lat' dir='ltr'><strong>versabatur;</strong></span> <span class='ocrx_word' id='word_1_470' title='bbox 1507 3500 1606 3555; x_wconf 84' lang='lat' dir='ltr'><strong>sed</strong></span> <span class='ocrx_word' id='word_1_471' title='bbox 1658 3500 1713 3554; x_wconf 93' lang='lat' dir='ltr'><strong>in</strong></span> <span class='ocrx_word' id='word_1_472' title='bbox 1763 3497 2001 3552; x_wconf 88' lang='lat' dir='ltr'><strong>desertis</strong></span> <span class='ocrx_word' id='word_1_473' title='bbox 2051 3497 2188 3552; x_wconf 90' lang='lat' dir='ltr'><strong>locis</strong></span> 
     </span>
    </p>
   </div>
   <div class='ocr_carea' id='block_1_62' title="bbox 598 3583 2188 3658">
    <p class='ocr_par' dir='ltr' id='par_1_62' title="bbox 598 3583 2188 3658">
     <span class='ocr_line' id='line_1_62' title="bbox 598 3583 2188 3658; baseline -0.002 -14"><span class='ocrx_word' id='word_1_474' title='bbox 598 3591 820 3646; x_wconf 86' lang='lat' dir='ltr'><strong>assidue</strong></span> <span class='ocrx_word' id='word_1_475' title='bbox 861 3590 1104 3656; x_wconf 86' lang='lat' dir='ltr'><strong>vivebat,</strong></span> <span class='ocrx_word' id='word_1_476' title='bbox 1136 3587 1597 3658; x_wconf 86' lang='lat' dir='ltr'><strong>quemadmodum</strong></span> <span class='ocrx_word' id='word_1_477' title='bbox 1632 3587 1884 3654; x_wconf 72' lang='lat' dir='ltr'><strong>Eliszeus,</strong></span> <span class='ocrx_word' id='word_1_478' title='bbox 1910 3595 1965 3642; x_wconf 89' lang='lat' dir='ltr'><strong>et</strong></span> <span class='ocrx_word' id='word_1_479' title='bbox 2022 3583 2188 3641; x_wconf 77' lang='lat' dir='ltr'><strong>Joan-</strong></span> 
     </span>
    </p>
   </div>
   <div class='ocr_carea' id='block_1_63' title="bbox 2293 3403 3814 3485">
    <p class='ocr_par' dir='ltr' id='par_1_63' title="bbox 2293 3403 3814 3485">
     <span class='ocr_line' id='line_1_63' title="bbox 2293 3403 3814 3485; baseline 0.005 -29"><span class='ocrx_word' id='word_1_480' title='bbox 2293 3403 2502 3458; x_wconf 84' lang='grc' dir='ltr'>τουτονὶ</span> <span class='ocrx_word' id='word_1_481' title='bbox 2526 3405 2848 3477; x_wconf 79' lang='grc' dir='ltr'>χαρακτῆρα</span> <span class='ocrx_word' id='word_1_482' title='bbox 2869 3407 2969 3477; x_wconf 77' lang='grc' dir='ltr'>τῆς</span> <span class='ocrx_word' id='word_1_483' title='bbox 2992 3407 3099 3460; x_wconf 88' lang='grc' dir='ltr'><strong>τῶν</strong></span> <span class='ocrx_word' id='word_1_484' title='bbox 3117 3410 3364 3479; x_wconf 81' lang='grc' dir='ltr'>ἀγγέλων</span> <span class='ocrx_word' id='word_1_485' title='bbox 3392 3414 3660 3485; x_wconf 86' lang='grc' dir='ltr'>μιμήσεως</span> <span class='ocrx_word' id='word_1_486' title='bbox 3682 3407 3814 3472; x_wconf 80' lang='grc' dir='ltr'>καλῶς</span> 
     </span>
    </p>
   </div>
   <div class='ocr_carea' id='block_1_64' title="bbox 2293 3495 3813 3575">
    <p class='ocr_par' dir='ltr' id='par_1_64' title="bbox 2293 3495 3813 3575">
     <span class='ocr_line' id='line_1_64' title="bbox 2293 3495 3813 3575; baseline 0.005 -28"><span class='ocrx_word' id='word_1_487' title='bbox 2293 3495 2437 3548; x_wconf 81' lang='grc' dir='ltr'>κατὰ</span> <span class='ocrx_word' id='word_1_488' title='bbox 2462 3495 2564 3566; x_wconf 81' lang='grc' dir='ltr'><strong>τὴν</strong></span> <span class='ocrx_word' id='word_1_489' title='bbox 2599 3495 2960 3569; x_wconf 78' lang='grc' dir='ltr'>εὐαγγελικὴν</span> <span class='ocrx_word' id='word_1_490' title='bbox 2989 3499 3229 3565; x_wconf 82' lang='grc' dir='ltr'>διάταξιν</span> <span class='ocrx_word' id='word_1_491' title='bbox 3256 3501 3352 3555; x_wconf 86' lang='grc' dir='ltr'><strong>τοῦ</strong></span> <span class='ocrx_word' id='word_1_492' title='bbox 3386 3504 3585 3575; x_wconf 81' lang='grc' dir='ltr'>Κυρίου</span> <span class='ocrx_word' id='word_1_493' title='bbox 3619 3499 3813 3564; x_wconf 72' lang='grc' dir='ltr'>ἑαυτοὺς</span> 
     </span>
    </p>
   </div>
   <div class='ocr_carea' id='block_1_65' title="bbox 2292 3585 3472 3664">
    <p class='ocr_par' dir='ltr' id='par_1_65' title="bbox 2292 3585 3472 3664">
     <span class='ocr_line' id='line_1_65' title="bbox 2292 3585 3472 3664; baseline 0.008 -24"><span class='ocrx_word' id='word_1_494' title='bbox 2292 3585 2392 3640; x_wconf 80' lang='grc' dir='ltr'>διὰ</span> <span class='ocrx_word' id='word_1_495' title='bbox 2421 3587 2753 3650; x_wconf 76' lang='grc' dir='ltr'>βασιλείαν</span> <span class='ocrx_word' id='word_1_496' title='bbox 2778 3591 3053 3658; x_wconf 76' lang='grc' dir='ltr'>οὐρανῶν</span> <span class='ocrx_word' id='word_1_497' title='bbox 3080 3595 3472 3664; x_wconf 75' lang='grc' dir='ltr'>εὐνούχισαν.</span> 
     </span>
    </p>
   </div>
   <div class='ocr_carea' id='block_1_66' title="bbox 599 3677 3814 3757">
    <p class='ocr_par' dir='ltr' id='par_1_66' title="bbox 599 3677 3814 3757">
     <span class='ocr_line' id='line_1_66' title="bbox 599 3677 3814 3757; baseline 0 -17"><span class='ocrx_word' id='word_1_498' title='bbox 599 3700 718 3748; x_wconf 89' lang='lat' dir='ltr'><strong>nes,</strong></span> <span class='ocrx_word' id='word_1_499' title='bbox 751 3699 815 3738; x_wconf 87' lang='lat' dir='ltr'><strong>ac</strong></span> <span class='ocrx_word' id='word_1_500' title='bbox 846 3682 1026 3737; x_wconf 63' lang='lat' dir='ltr'><strong>centeri</strong></span> <span class='ocrx_word' id='word_1_501' title='bbox 1055 3697 1281 3749; x_wconf 88' lang='lat' dir='ltr'><strong>omnes;</strong></span> <span class='ocrx_word' id='word_1_502' title='bbox 1311 3683 1428 3752; x_wconf 90' lang='lat' dir='ltr'><strong>qui,</strong></span> <span class='ocrx_word' id='word_1_503' title='bbox 1473 3689 1531 3736; x_wconf 93' lang='lat' dir='ltr'><strong>ut</strong></span> <span class='ocrx_word' id='word_1_504' title='bbox 1563 3681 1826 3752; x_wconf 67' lang='lat' dir='ltr'><strong>praeclare</strong></span> <span class='ocrx_word' id='word_1_505' title='bbox 1852 3695 1918 3735; x_wconf 84' lang='lat' dir='ltr'><strong>ex</strong></span> <span class='ocrx_word' id='word_1_506' title='bbox 1949 3679 2266 3751; x_wconf 71' lang='lat' dir='ltr'><strong>evangelico</strong></span> <span class='ocrx_word' id='word_1_507' title='bbox 2308 3677 2474 3752; x_wconf 59' lang='lat'><strong>525</strong></span> <span class='ocrx_word' id='word_1_508' title='bbox 2500 3677 2714 3734; x_wconf 85' lang='lat' dir='ltr'><strong>Domini</strong></span> <span class='ocrx_word' id='word_1_509' title='bbox 2772 3685 3034 3740; x_wconf 87' lang='lat' dir='ltr'><strong>mandato</strong></span> <span class='ocrx_word' id='word_1_510' title='bbox 3090 3686 3361 3757; x_wconf 78' lang='lat' dir='ltr'><strong>insignem</strong></span> <span class='ocrx_word' id='word_1_511' title='bbox 3405 3689 3550 3743; x_wconf 90' lang='lat' dir='ltr'><strong>illam</strong></span> <span class='ocrx_word' id='word_1_512' title='bbox 3611 3687 3814 3742; x_wconf 83' lang='lat' dir='ltr'><strong>imitatio-</strong></span> 
     </span>
    </p>
   </div>
   <div class='ocr_carea' id='block_1_67' title="bbox 597 3773 3658 3847">
    <p class='ocr_par' dir='ltr' id='par_1_67' title="bbox 597 3773 3658 3847">
     <span class='ocr_line' id='line_1_67' title="bbox 597 3773 3658 3847; baseline 0 -15"><span class='ocrx_word' id='word_1_513' title='bbox 597 3779 684 3832; x_wconf 90' lang='lat' dir='ltr'><strong>nis</strong></span> <span class='ocrx_word' id='word_1_514' title='bbox 740 3775 996 3847; x_wconf 73' lang='lat' dir='ltr'><strong>angelica:</strong></span> <span class='ocrx_word' id='word_1_515' title='bbox 1034 3783 1220 3828; x_wconf 90' lang='lat' dir='ltr'><strong>notam</strong></span> <span class='ocrx_word' id='word_1_516' title='bbox 1249 3783 1412 3844; x_wconf 85' lang='lat' dir='ltr'><strong>atque</strong></span> <span class='ocrx_word' id='word_1_517' title='bbox 1465 3773 1700 3828; x_wconf 83' lang='lat' dir='ltr'><strong>formam</strong></span> <span class='ocrx_word' id='word_1_518' title='bbox 1724 3773 2115 3842; x_wconf 72' lang='lat' dir='ltr'><strong>exprimerent,</strong></span> <span class='ocrx_word' id='word_1_519' title='bbox 2157 3775 2462 3839; x_wconf 76' lang='lat' dir='ltr'><strong>semetipsos</strong></span> <span class='ocrx_word' id='word_1_520' title='bbox 2491 3786 2703 3842; x_wconf 75' lang='lat' dir='ltr'><strong>propter</strong></span> <span class='ocrx_word' id='word_1_521' title='bbox 2731 3791 2948 3846; x_wconf 82' lang='lat' dir='ltr'><strong>regnum</strong></span> <span class='ocrx_word' id='word_1_522' title='bbox 2995 3778 3198 3833; x_wconf 72' lang='lat' dir='ltr'><strong>caeleste</strong></span> <span class='ocrx_word' id='word_1_523' title='bbox 3237 3788 3599 3835; x_wconf 71' lang='lat' dir='ltr'><strong>cas-trauerimt</strong></span> <span class='ocrx_word' id='word_1_524' title='bbox 3623 3781 3658 3833; x_wconf 87' lang='grc'><strong>³.</strong></span> 
     </span>
    </p>
   </div>
   <div class='ocr_carea' id='block_1_68' title="bbox 667 3863 2183 3924">
    <p class='ocr_par' dir='ltr' id='par_1_68' title="bbox 667 3863 2183 3924">
     <span class='ocr_line' id='line_1_68' title="bbox 667 3863 2183 3924; baseline -0.003 -1"><span class='ocrx_word' id='word_1_525' title='bbox 667 3869 950 3924; x_wconf 84' lang='lat' dir='ltr'><strong>Postremo</strong></span> <span class='ocrx_word' id='word_1_526' title='bbox 993 3867 1122 3921; x_wconf 90' lang='lat' dir='ltr'><strong>licet</strong></span> <span class='ocrx_word' id='word_1_527' title='bbox 1158 3865 1330 3919; x_wconf 89' lang='lat' dir='ltr'><strong>multa</strong></span> <span class='ocrx_word' id='word_1_528' title='bbox 1369 3863 1440 3920; x_wconf 89' lang='lat' dir='ltr'><strong>de</strong></span> <span class='ocrx_word' id='word_1_529' title='bbox 1483 3863 1571 3920; x_wconf 86' lang='lat' dir='ltr'><strong>his</strong></span> <span class='ocrx_word' id='word_1_530' title='bbox 1600 3864 1654 3919; x_wconf 89' lang='lat' dir='ltr'><strong>in</strong></span> <span class='ocrx_word' id='word_1_531' title='bbox 1692 3864 1933 3920; x_wconf 86' lang='lat' dir='ltr'><strong>medium</strong></span> <span class='ocrx_word' id='word_1_532' title='bbox 1987 3864 2183 3919; x_wconf 80' lang='lat' dir='ltr'><strong>atl&#39;erre</strong></span> 
     </span>
    </p>
   </div>
   <div class='ocr_carea' id='block_1_69' title="bbox 597 3956 2184 4033">
    <p class='ocr_par' dir='ltr' id='par_1_69' title="bbox 597 3956 2184 4033">
     <span class='ocr_line' id='line_1_69' title="bbox 597 3956 2184 4033; baseline -0.004 -16"><span class='ocrx_word' id='word_1_533' title='bbox 597 3961 897 4033; x_wconf 86' lang='lat' dir='ltr'><strong>possimus,</strong></span> <span class='ocrx_word' id='word_1_534' title='bbox 928 3968 982 4015; x_wconf 92' lang='lat' dir='ltr'><strong>et</strong></span> <span class='ocrx_word' id='word_1_535' title='bbox 1014 3957 1246 4013; x_wconf 77' lang='lat' dir='ltr'><strong>inﬁnitis</strong></span> <span class='ocrx_word' id='word_1_536' title='bbox 1296 3956 1598 4029; x_wconf 69' lang='lat' dir='ltr'><strong>Scriptum</strong></span> <span class='ocrx_word' id='word_1_537' title='bbox 1636 3956 1967 4013; x_wconf 85' lang='lat' dir='ltr'><strong>testimoniis</strong></span> <span class='ocrx_word' id='word_1_538' title='bbox 2000 3963 2056 4013; x_wconf 89' lang='lat' dir='ltr'><strong>et</strong></span> <span class='ocrx_word' id='word_1_539' title='bbox 2087 3970 2184 4011; x_wconf 88' lang='lat' dir='ltr'><strong>au-</strong></span> 
     </span>
    </p>
   </div>
   <div class='ocr_carea' id='block_1_70' title="bbox 595 4049 2184 4109">
    <p class='ocr_par' dir='ltr' id='par_1_70' title="bbox 595 4049 2184 4109">
     <span class='ocr_line' id='line_1_70' title="bbox 595 4049 2184 4109; baseline -0.004 0"><span class='ocrx_word' id='word_1_540' title='bbox 595 4053 944 4109; x_wconf 86' lang='lat' dir='ltr'><strong>ctoritatibus</strong></span> <span class='ocrx_word' id='word_1_541' title='bbox 1010 4051 1227 4107; x_wconf 84' lang='lat' dir='ltr'><strong>illusam</strong></span> <span class='ocrx_word' id='word_1_542' title='bbox 1290 4064 1322 4104; x_wconf 83' lang='lat' dir='ltr'><strong>a</strong></span> <span class='ocrx_word' id='word_1_543' title='bbox 1385 4049 1605 4105; x_wconf 82' lang='lat' dir='ltr'><strong>diabolo</strong></span> <span class='ocrx_word' id='word_1_544' title='bbox 1660 4059 1900 4105; x_wconf 88' lang='lat' dir='ltr'><strong>mentem</strong></span> <span class='ocrx_word' id='word_1_545' title='bbox 1965 4049 2184 4104; x_wconf 86' lang='lat' dir='ltr'><strong>illorum</strong></span> 
     </span>
    </p>
   </div>
   <div class='ocr_carea' id='block_1_71' title="bbox 595 4141 2186 4218">
    <p class='ocr_par' dir='ltr' id='par_1_71' title="bbox 595 4141 2186 4218">
     <span class='ocr_line' id='line_1_71' title="bbox 595 4141 2186 4218; baseline -0.003 -17"><span class='ocrx_word' id='word_1_546' title='bbox 595 4148 959 4218; x_wconf 77' lang='lat' dir='ltr'><strong>redarguere,</strong></span> <span class='ocrx_word' id='word_1_547' title='bbox 1012 4145 1207 4216; x_wconf 87' lang='lat' dir='ltr'><strong>paucis</strong></span> <span class='ocrx_word' id='word_1_548' title='bbox 1254 4143 1363 4198; x_wconf 88' lang='lat' dir='ltr'><strong>illis</strong></span> <span class='ocrx_word' id='word_1_549' title='bbox 1415 4143 1626 4198; x_wconf 87' lang='lat' dir='ltr'><strong>erimus</strong></span> <span class='ocrx_word' id='word_1_550' title='bbox 1657 4141 1932 4208; x_wconf 78' lang='lat' dir='ltr'><strong>contenti,</strong></span> <span class='ocrx_word' id='word_1_551' title='bbox 1974 4157 2099 4197; x_wconf 90' lang='lat' dir='ltr'><strong>cum</strong></span> <span class='ocrx_word' id='word_1_552' title='bbox 2129 4150 2186 4197; x_wconf 88' lang='lat' dir='ltr'><strong>et</strong></span> 
     </span>
    </p>
   </div>
   <div class='ocr_carea' id='block_1_72' title="bbox 595 4232 2185 4308">
    <p class='ocr_par' dir='ltr' id='par_1_72' title="bbox 595 4232 2185 4308">
     <span class='ocr_line' id='line_1_72' title="bbox 595 4232 2185 4308; baseline -0.006 -13"><span class='ocrx_word' id='word_1_553' title='bbox 595 4238 797 4308; x_wconf 88' lang='lat' dir='ltr'><strong>alioqui</strong></span> <span class='ocrx_word' id='word_1_554' title='bbox 845 4235 1136 4292; x_wconf 87' lang='lat' dir='ltr'><strong>manifesto</strong></span> <span class='ocrx_word' id='word_1_555' title='bbox 1181 4242 1398 4292; x_wconf 84' lang='lat' dir='ltr'><strong>constet</strong></span> <span class='ocrx_word' id='word_1_556' title='bbox 1429 4235 1578 4288; x_wconf 90' lang='lat' dir='ltr'><strong>nulla</strong></span> <span class='ocrx_word' id='word_1_557' title='bbox 1610 4233 1681 4289; x_wconf 89' lang='lat' dir='ltr'><strong>ab</strong></span> <span class='ocrx_word' id='word_1_558' title='bbox 1732 4232 2023 4304; x_wconf 87' lang='lat' dir='ltr'><strong>prudentia</strong></span> <span class='ocrx_word' id='word_1_559' title='bbox 2065 4233 2185 4287; x_wconf 80' lang='lat' dir='ltr'><strong>illo-</strong></span> 
     </span>
    </p>
   </div>
   <div class='ocr_carea' id='block_1_73' title="bbox 592 4324 2182 4400">
    <p class='ocr_par' dir='ltr' id='par_1_73' title="bbox 592 4324 2182 4400">
     <span class='ocr_line' id='line_1_73' title="bbox 592 4324 2182 4400; baseline -0.004 -15"><span class='ocrx_word' id='word_1_560' title='bbox 592 4346 714 4385; x_wconf 92' lang='lat' dir='ltr'><strong>rum</strong></span> <span class='ocrx_word' id='word_1_561' title='bbox 744 4329 1016 4400; x_wconf 87' lang='lat' dir='ltr'><strong>prolicisci</strong></span> <span class='ocrx_word' id='word_1_562' title='bbox 1047 4328 1280 4394; x_wconf 84' lang='lat' dir='ltr'><strong>facinus,</strong></span> <span class='ocrx_word' id='word_1_563' title='bbox 1329 4341 1432 4382; x_wconf 85' lang='lat' dir='ltr'><strong>nec</strong></span> <span class='ocrx_word' id='word_1_564' title='bbox 1471 4325 1744 4395; x_wconf 87' lang='lat' dir='ltr'><strong>ejusmodi</strong></span> <span class='ocrx_word' id='word_1_565' title='bbox 1775 4341 1805 4380; x_wconf 89' lang='lat' dir='ltr'><strong>a</strong></span> <span class='ocrx_word' id='word_1_566' title='bbox 1835 4324 1946 4382; x_wconf 89' lang='lat' dir='ltr'><strong>Deo</strong></span> <span class='ocrx_word' id='word_1_567' title='bbox 1973 4325 2182 4380; x_wconf 87' lang='lat' dir='ltr'><strong>deriva-</strong></span> 
     </span>
    </p>
   </div>
   <div class='ocr_carea' id='block_1_74' title="bbox 593 4417 2180 4484">
    <p class='ocr_par' dir='ltr' id='par_1_74' title="bbox 593 4417 2180 4484">
     <span class='ocr_line' id='line_1_74' title="bbox 593 4417 2180 4484; baseline -0.002 -9"><span class='ocrx_word' id='word_1_568' title='bbox 593 4433 704 4475; x_wconf 85' lang='lat' dir='ltr'><strong>tam</strong></span> <span class='ocrx_word' id='word_1_569' title='bbox 743 4435 867 4476; x_wconf 86' lang='lat' dir='ltr'><strong>esse</strong></span> <span class='ocrx_word' id='word_1_570' title='bbox 912 4421 1198 4475; x_wconf 89' lang='lat' dir='ltr'><strong>scientiam</strong></span> <span class='ocrx_word' id='word_1_571' title='bbox 1229 4459 1243 4484; x_wconf 89' lang='lat'><strong>,</strong></span> <span class='ocrx_word' id='word_1_572' title='bbox 1272 4417 1370 4474; x_wconf 90' lang='lat' dir='ltr'><strong>sed</strong></span> <span class='ocrx_word' id='word_1_573' title='bbox 1397 4434 1462 4473; x_wconf 75' lang='lat' dir='ltr'><strong>ex</strong></span> <span class='ocrx_word' id='word_1_574' title='bbox 1509 4419 1814 4473; x_wconf 72' lang='lat' dir='ltr'><strong>daemonum</strong></span> <span class='ocrx_word' id='word_1_575' title='bbox 1856 4417 2043 4473; x_wconf 76' lang='lat' dir='ltr'><strong>afﬂatu</strong></span> <span class='ocrx_word' id='word_1_576' title='bbox 2093 4419 2180 4472; x_wconf 83' lang='lat' dir='ltr'><strong>lu-</strong></span> 
     </span>
    </p>
   </div>
   <div class='ocr_carea' id='block_1_75' title="bbox 591 4505 2176 4564">
    <p class='ocr_par' dir='ltr' id='par_1_75' title="bbox 591 4505 2176 4564">
     <span class='ocr_line' id='line_1_75' title="bbox 591 4505 2176 4564; baseline 0 -1"><span class='ocrx_word' id='word_1_577' title='bbox 591 4510 828 4564; x_wconf 88' lang='lat' dir='ltr'><strong>dibrium</strong></span> <span class='ocrx_word' id='word_1_578' title='bbox 891 4509 1038 4564; x_wconf 89' lang='lat' dir='ltr'><strong>istud</strong></span> <span class='ocrx_word' id='word_1_579' title='bbox 1093 4523 1256 4562; x_wconf 88' lang='lat' dir='ltr'><strong>omne</strong></span> <span class='ocrx_word' id='word_1_580' title='bbox 1311 4521 1376 4562; x_wconf 89' lang='lat' dir='ltr'><strong>ac</strong></span> <span class='ocrx_word' id='word_1_581' title='bbox 1408 4505 1630 4562; x_wconf 82' lang='lat' dir='ltr'><strong>nefandi</strong></span> <span class='ocrx_word' id='word_1_582' title='bbox 1684 4508 1913 4562; x_wconf 88' lang='lat' dir='ltr'><strong>sceleris</strong></span> <span class='ocrx_word' id='word_1_583' title='bbox 1965 4508 2176 4564; x_wconf 85' lang='lat' dir='ltr'><strong>crimen</strong></span> 
     </span>
    </p>
   </div>
   <div class='ocr_carea' id='block_1_76' title="bbox 2364 3863 3813 3942">
    <p class='ocr_par' dir='ltr' id='par_1_76' title="bbox 2364 3863 3813 3942">
     <span class='ocr_line' id='line_1_76' title="bbox 2364 3863 3813 3942; baseline 0.003 -24"><span class='ocrx_word' id='word_1_584' title='bbox 2364 3866 2473 3918; x_wconf 74' lang='grc' dir='ltr'><strong>Καὶ</strong></span> <span class='ocrx_word' id='word_1_585' title='bbox 2502 3865 2672 3918; x_wconf 76' lang='grc' dir='ltr'>πολλὰ</span> <span class='ocrx_word' id='word_1_586' title='bbox 2691 3866 2794 3936; x_wconf 88' lang='grc' dir='ltr'><strong>μὲν</strong></span> <span class='ocrx_word' id='word_1_587' title='bbox 2823 3863 2916 3921; x_wconf 80' lang='grc' dir='ltr'><strong>οὖν</strong></span> <span class='ocrx_word' id='word_1_588' title='bbox 2938 3867 3151 3938; x_wconf 74' lang='grc' dir='ltr'>ἔχοντες</span> <span class='ocrx_word' id='word_1_589' title='bbox 3172 3871 3299 3942; x_wconf 79' lang='grc' dir='ltr'>περὶ</span> <span class='ocrx_word' id='word_1_590' title='bbox 3322 3873 3529 3926; x_wconf 82' lang='grc' dir='ltr'>τούτων</span> <span class='ocrx_word' id='word_1_591' title='bbox 3559 3872 3728 3941; x_wconf 83' lang='grc' dir='ltr'>λέγειν,</span> <span class='ocrx_word' id='word_1_592' title='bbox 3750 3871 3813 3924; x_wconf 70' lang='grc' dir='ltr'><strong>καί</strong></span> 
     </span>
    </p>
   </div>
   <div class='ocr_carea' id='block_1_77' title="bbox 2289 3957 3815 4038">
    <p class='ocr_par' dir='ltr' id='par_1_77' title="bbox 2289 3957 3815 4038">
     <span class='ocr_line' id='line_1_77' title="bbox 2289 3957 3815 4038; baseline 0.005 -31"><span class='ocrx_word' id='word_1_593' title='bbox 2289 3957 2356 4008; x_wconf 79' lang='grc' dir='ltr'><strong>ἐκ</strong></span> <span class='ocrx_word' id='word_1_594' title='bbox 2382 3957 2591 4010; x_wconf 85' lang='grc' dir='ltr'>πολλῶν</span> <span class='ocrx_word' id='word_1_595' title='bbox 2623 3959 2936 4014; x_wconf 81' lang='grc' dir='ltr'>συστάσεων</span> <span class='ocrx_word' id='word_1_596' title='bbox 2979 3962 3080 4032; x_wconf 76' lang='grc' dir='ltr'>τῆς</span> <span class='ocrx_word' id='word_1_597' title='bbox 3109 3963 3259 4034; x_wconf 85' lang='grc' dir='ltr'>θείας</span> <span class='ocrx_word' id='word_1_598' title='bbox 3304 3965 3551 4038; x_wconf 78' lang='grc' dir='ltr'>Γραφῆς,</span> <span class='ocrx_word' id='word_1_599' title='bbox 3572 3966 3660 4038; x_wconf 71' lang='grc' dir='ltr'><strong>τὴν</strong></span> <span class='ocrx_word' id='word_1_600' title='bbox 3682 3965 3815 4018; x_wconf 74' lang='grc' dir='ltr'>αὐτῶν</span> 
     </span>
    </p>
   </div>
   <div class='ocr_carea' id='block_1_78' title="bbox 2289 4047 3814 4130">
    <p class='ocr_par' dir='ltr' id='par_1_78' title="bbox 2289 4047 3814 4130">
     <span class='ocr_line' id='line_1_78' title="bbox 2289 4047 3814 4130; baseline 0.008 -29"><span class='ocrx_word' id='word_1_601' title='bbox 2289 4047 2673 4120; x_wconf 85' lang='grc' dir='ltr'>διελέγχουσαν</span> <span class='ocrx_word' id='word_1_602' title='bbox 2694 4052 2716 4083; x_wconf 83' lang='grc'><strong><em>⁵</em></strong></span> <span class='ocrx_word' id='word_1_603' title='bbox 2742 4051 2980 4108; x_wconf 89' lang='grc' dir='ltr'>διάνοιαν</span> <span class='ocrx_word' id='word_1_604' title='bbox 3007 4055 3112 4109; x_wconf 83' lang='grc' dir='ltr'>ὑπὸ</span> <span class='ocrx_word' id='word_1_605' title='bbox 3149 4056 3400 4112; x_wconf 80' lang='grc' dir='ltr'>διαϐόλου</span> <span class='ocrx_word' id='word_1_606' title='bbox 3443 4060 3814 4130; x_wconf 75' lang='grc' dir='ltr'>ἐμπαιζομένην,</span> 
     </span>
    </p>
   </div>
   <div class='ocr_carea' id='block_1_79' title="bbox 2288 4142 3814 4222">
    <p class='ocr_par' dir='ltr' id='par_1_79' title="bbox 2288 4142 3814 4222">
     <span class='ocr_line' id='line_1_79' title="bbox 2288 4142 3814 4222; baseline 0.005 -27"><span class='ocrx_word' id='word_1_607' title='bbox 2288 4142 2608 4215; x_wconf 78' lang='grc' dir='ltr'>ἀρκούμεθα</span> <span class='ocrx_word' id='word_1_608' title='bbox 2633 4147 2746 4210; x_wconf 81' lang='grc' dir='ltr'>τοῖς</span> <span class='ocrx_word' id='word_1_609' title='bbox 2767 4146 2967 4216; x_wconf 79' lang='grc' dir='ltr'>ὀλίγοις</span> <span class='ocrx_word' id='word_1_610' title='bbox 2990 4148 3219 4212; x_wconf 87' lang='grc' dir='ltr'>τούτοις·</span> <span class='ocrx_word' id='word_1_611' title='bbox 3273 4151 3464 4222; x_wconf 81' lang='grc' dir='ltr'>ἐπειδὴ</span> <span class='ocrx_word' id='word_1_612' title='bbox 3507 4153 3668 4222; x_wconf 67' lang='grc' dir='ltr'>παντη</span> <span class='ocrx_word' id='word_1_613' title='bbox 3692 4148 3814 4218; x_wconf 71' lang='grc' dir='ltr'>σαφές</span> 
     </span>
    </p>
   </div>
   <div class='ocr_carea' id='block_1_80' title="bbox 2288 4225 3814 4317">
    <p class='ocr_par' dir='ltr' id='par_1_80' title="bbox 2288 4225 3814 4317">
     <span class='ocr_line' id='line_1_80' title="bbox 2288 4225 3814 4317; baseline 0.003 -29"><span class='ocrx_word' id='word_1_614' title='bbox 2288 4235 2458 4300; x_wconf 84' lang='grc' dir='ltr'>ἐστιν,</span> <span class='ocrx_word' id='word_1_615' title='bbox 2505 4237 2588 4290; x_wconf 67' lang='grc' dir='ltr'>ὅτι</span> <span class='ocrx_word' id='word_1_616' title='bbox 2621 4239 2682 4291; x_wconf 85' lang='grc' dir='ltr'><strong>ού</strong></span> <span class='ocrx_word' id='word_1_617' title='bbox 2725 4240 2993 4304; x_wconf 85' lang='grc' dir='ltr'>συνέσεως</span> <span class='ocrx_word' id='word_1_618' title='bbox 3037 4243 3168 4314; x_wconf 80' lang='grc' dir='ltr'>παρ’</span> <span class='ocrx_word' id='word_1_619' title='bbox 3197 4225 3380 4307; x_wconf 84' lang='grc' dir='ltr'>αὐτοῖς</span> <span class='ocrx_word' id='word_1_620' title='bbox 3410 4247 3442 4317; x_wconf 72' lang='grc' dir='ltr'><strong>ἠ</strong></span> <span class='ocrx_word' id='word_1_621' title='bbox 3476 4245 3706 4316; x_wconf 82' lang='grc' dir='ltr'>ἐργασία,</span> <span class='ocrx_word' id='word_1_622' title='bbox 3729 4241 3814 4295; x_wconf 64' lang='lat' dir='ltr'><strong>obii</strong></span> 
     </span>
    </p>
   </div>
   <div class='ocr_carea' id='block_1_81' title="bbox 2287 4327 3815 4410">
    <p class='ocr_par' dir='ltr' id='par_1_81' title="bbox 2287 4327 3815 4410">
     <span class='ocr_line' id='line_1_81' title="bbox 2287 4327 3815 4410; baseline 0.007 -29"><span class='ocrx_word' id='word_1_623' title='bbox 2287 4327 2352 4381; x_wconf 85' lang='grc' dir='ltr'><strong>ἐκ</strong></span> <span class='ocrx_word' id='word_1_624' title='bbox 2383 4328 2519 4383; x_wconf 84' lang='grc' dir='ltr'>Θεοῦ</span> <span class='ocrx_word' id='word_1_625' title='bbox 2551 4331 2584 4402; x_wconf 77' lang='grc' dir='ltr'><strong>ἡ</strong></span> <span class='ocrx_word' id='word_1_626' title='bbox 2611 4331 2833 4405; x_wconf 87' lang='grc' dir='ltr'>τοιαύτη</span> <span class='ocrx_word' id='word_1_627' title='bbox 2857 4332 3058 4403; x_wconf 88' lang='grc' dir='ltr'>γνῶσις</span> <span class='ocrx_word' id='word_1_628' title='bbox 3080 4351 3094 4366; x_wconf 79' lang='grc' dir='ltr'><strong><em>ο</em></strong></span> <span class='ocrx_word' id='word_1_629' title='bbox 3133 4335 3270 4389; x_wconf 77' lang='grc' dir='ltr'>ἀλλὰ</span> <span class='ocrx_word' id='word_1_630' title='bbox 3297 4336 3565 4404; x_wconf 84' lang='grc' dir='ltr'>δαιμόνων</span> <span class='ocrx_word' id='word_1_631' title='bbox 3593 4334 3815 4410; x_wconf 74' lang='grc' dir='ltr'>ἐνεργείας</span> 
     </span>
    </p>
   </div>
   <div class='ocr_carea' id='block_1_82' title="bbox 2285 4419 3816 4499">
    <p class='ocr_par' dir='ltr' id='par_1_82' title="bbox 2285 4419 3816 4499">
     <span class='ocr_line' id='line_1_82' title="bbox 2285 4419 3816 4499; baseline 0.008 -28"><span class='ocrx_word' id='word_1_632' title='bbox 2285 4420 2318 4490; x_wconf 81' lang='grc' dir='ltr'><strong>ἡ</strong></span> <span class='ocrx_word' id='word_1_633' title='bbox 2353 4419 2515 4492; x_wconf 87' lang='grc' dir='ltr'>χλεύη</span> <span class='ocrx_word' id='word_1_634' title='bbox 2565 4422 2658 4475; x_wconf 78' lang='grc' dir='ltr'><strong>καὶ</strong></span> <span class='ocrx_word' id='word_1_635' title='bbox 2707 4423 2914 4488; x_wconf 83' lang='grc' dir='ltr'>πτῶσις</span> <span class='ocrx_word' id='word_1_636' title='bbox 2952 4425 3132 4478; x_wconf 79' lang='grc' dir='ltr'>αὐτῶν</span> <span class='ocrx_word' id='word_1_637' title='bbox 3173 4427 3274 4498; x_wconf 80' lang='grc' dir='ltr'>τῆς</span> <span class='ocrx_word' id='word_1_638' title='bbox 3305 4427 3569 4499; x_wconf 76' lang='grc' dir='ltr'>ἀθεμίτου</span> <span class='ocrx_word' id='word_1_639' title='bbox 3610 4424 3816 4498; x_wconf 75' lang='grc' dir='ltr'>ἐργασίας</span> 
     </span>
    </p>
   </div>
   <div class='ocr_carea' id='block_1_83' title="bbox 2284 4498 3814 4592">
    <p class='ocr_par' dir='ltr' id='par_1_83' title="bbox 2284 4498 3814 4592">
     <span class='ocr_line' id='line_1_83' title="bbox 2284 4498 3814 4592; baseline 0.001 -26"><span class='ocrx_word' id='word_1_640' title='bbox 2284 4512 2512 4581; x_wconf 88' lang='grc' dir='ltr'>γίνεται.</span> <span class='ocrx_word' id='word_1_641' title='bbox 2563 4517 2672 4570; x_wconf 74' lang='grc' dir='ltr'>Καὶ</span> <span class='ocrx_word' id='word_1_642' title='bbox 2717 4516 2922 4590; x_wconf 89' lang='grc' dir='ltr'>ταύτην</span> <span class='ocrx_word' id='word_1_643' title='bbox 2970 4518 3026 4571; x_wconf 81' lang='grc' dir='ltr'><strong>δέ</strong></span> <span class='ocrx_word' id='word_1_644' title='bbox 3078 4498 3488 4592; x_wconf 84' lang='grc' dir='ltr'>παρωσάμενοι,</span> <span class='ocrx_word' id='word_1_645' title='bbox 3542 4498 3710 4590; x_wconf 82' lang='grc' dir='ltr'>ῶσπερ</span> <span class='ocrx_word' id='word_1_646' title='bbox 3743 4516 3814 4586; x_wconf 74' lang='grc' dir='ltr'>τὴν</span> 
     </span>
    </p>
   </div>
   <div class='ocr_carea' id='block_1_84' title="bbox 590 4600 2188 4688">
    <p class='ocr_par' dir='ltr' id='par_1_84' title="bbox 590 4600 2174 4666">
     <span class='ocr_line' id='line_1_84' title="bbox 590 4600 2174 4666; baseline -0.002 -9"><span class='ocrx_word' id='word_1_647' title='bbox 590 4617 714 4657; x_wconf 85' lang='lat' dir='ltr'><strong>esse</strong></span> <span class='ocrx_word' id='word_1_648' title='bbox 754 4601 1070 4656; x_wconf 82' lang='lat' dir='ltr'><strong>conflatum.</strong></span> <span class='ocrx_word' id='word_1_649' title='bbox 1115 4600 1384 4666; x_wconf 78' lang='lat' dir='ltr'><strong>Quocirca</strong></span> <span class='ocrx_word' id='word_1_650' title='bbox 1416 4615 1542 4655; x_wconf 91' lang='lat' dir='ltr'><strong>cum</strong></span> <span class='ocrx_word' id='word_1_651' title='bbox 1578 4615 1680 4656; x_wconf 91' lang='lat' dir='ltr'><strong>nos</strong></span> <span class='ocrx_word' id='word_1_652' title='bbox 1709 4601 1961 4657; x_wconf 79' lang='lat' dir='ltr'><strong>haeresim</strong></span> <span class='ocrx_word' id='word_1_653' title='bbox 1989 4601 2174 4666; x_wconf 87' lang='lat' dir='ltr'><strong>istam,</strong></span> 
     </span>
    </p>
   </div>
   <div class='ocr_carea' id='block_1_85' title="bbox 2291 4600 3814 4688">
    <p class='ocr_par' dir='ltr' id='par_1_85' title="bbox 2291 4605 3814 4688">
     <span class='ocr_line' id='line_1_85' title="bbox 2291 4605 3814 4688; baseline 0 -29"><span class='ocrx_word' id='word_1_654' title='bbox 2291 4605 2462 4678; x_wconf 75' lang='grc' dir='ltr'>δεινὴν</span> <span class='ocrx_word' id='word_1_655' title='bbox 2502 4609 2856 4680; x_wconf 75' lang='grc' dir='ltr'>σκυτάλην,</span> <span class='ocrx_word' id='word_1_656' title='bbox 2901 4611 2998 4683; x_wconf 80' lang='grc' dir='ltr'>τὴν</span> <span class='ocrx_word' id='word_1_657' title='bbox 3033 4612 3242 4684; x_wconf 76' lang='grc' dir='ltr'>ἔχιδναν</span> <span class='ocrx_word' id='word_1_658' title='bbox 3290 4615 3644 4688; x_wconf 71' lang='grc' dir='ltr'>καλουμένην,</span> <span class='ocrx_word' id='word_1_659' title='bbox 3690 4607 3814 4666; x_wconf 74' lang='grc' dir='ltr'>οὖσαν</span> 
     </span>
    </p>
   </div>
   <div class='ocr_carea' id='block_1_86' title="bbox 589 4691 2188 4782">
    <p class='ocr_par' dir='ltr' id='par_1_86' title="bbox 589 4691 2180 4763">
     <span class='ocr_line' id='line_1_86' title="bbox 589 4691 2180 4763; baseline 0 -15"><span class='ocrx_word' id='word_1_660' title='bbox 589 4695 792 4762; x_wconf 82' lang='lat' dir='ltr'><strong>viperae</strong></span> <span class='ocrx_word' id='word_1_661' title='bbox 821 4693 996 4747; x_wconf 90' lang='lat' dir='ltr'><strong>instar</strong></span> <span class='ocrx_word' id='word_1_662' title='bbox 1023 4692 1144 4762; x_wconf 91' lang='lat' dir='ltr'><strong>ejus</strong></span> <span class='ocrx_word' id='word_1_663' title='bbox 1169 4731 1184 4756; x_wconf 93' lang='lat'><strong>,</strong></span> <span class='ocrx_word' id='word_1_664' title='bbox 1225 4706 1389 4761; x_wconf 86' lang='lat' dir='ltr'><strong>quam</strong></span> <span class='ocrx_word' id='word_1_665' title='bbox 1440 4691 1678 4761; x_wconf 74' lang='lat' dir='ltr'><strong>scytalen</strong></span> <span class='ocrx_word' id='word_1_666' title='bbox 1712 4702 1940 4757; x_wconf 85' lang='lat' dir='ltr'><strong>vocant,</strong></span> <span class='ocrx_word' id='word_1_667' title='bbox 1971 4693 2180 4763; x_wconf 87' lang='lat' dir='ltr'><strong>repule-</strong></span> 
     </span>
    </p>
   </div>
   <div class='ocr_carea' id='block_1_87' title="bbox 2291 4691 3813 4782">
    <p class='ocr_par' dir='ltr' id='par_1_87' title="bbox 2291 4700 3813 4782">
     <span class='ocr_line' id='line_1_87' title="bbox 2291 4700 3813 4782; baseline 0.002 -29"><span class='ocrx_word' id='word_1_668' title='bbox 2291 4700 2385 4772; x_wconf 82' lang='grc' dir='ltr'><strong>μὲν</strong></span> <span class='ocrx_word' id='word_1_669' title='bbox 2417 4701 2496 4772; x_wconf 80' lang='grc' dir='ltr'><strong>τῷ</strong></span> <span class='ocrx_word' id='word_1_670' title='bbox 2529 4702 2741 4775; x_wconf 85' lang='grc' dir='ltr'>σώματι</span> <span class='ocrx_word' id='word_1_671' title='bbox 2768 4705 3140 4780; x_wconf 60' lang='grc' dir='ltr'>βραχεῖανντῇ</span> <span class='ocrx_word' id='word_1_672' title='bbox 3167 4707 3225 4760; x_wconf 78' lang='grc' dir='ltr'>δὲ</span> <span class='ocrx_word' id='word_1_673' title='bbox 3257 4708 3464 4782; x_wconf 75' lang='grc' dir='ltr'>ίοὸολίᾳ</span> <span class='ocrx_word' id='word_1_674' title='bbox 3492 4707 3654 4762; x_wconf 88' lang='grc' dir='ltr'>δεινὸν</span> <span class='ocrx_word' id='word_1_675' title='bbox 3670 4702 3813 4774; x_wconf 74' lang='grc' dir='ltr'>ἆσθμα</span> 
     </span>
    </p>
   </div>
   <div class='ocr_carea' id='block_1_88' title="bbox 583 4779 2188 4871">
    <p class='ocr_par' dir='ltr' id='par_1_88' title="bbox 583 4779 2179 4853">
     <span class='ocr_line' id='line_1_88' title="bbox 583 4779 2179 4853; baseline 0.003 -19"><span class='ocrx_word' id='word_1_676' title='bbox 583 4783 800 4847; x_wconf 73' lang='lat' dir='ltr'><strong>rimus;</strong></span> <span class='ocrx_word' id='word_1_677' title='bbox 830 4779 975 4852; x_wconf 88' lang='lat' dir='ltr'><strong>quod</strong></span> <span class='ocrx_word' id='word_1_678' title='bbox 1007 4781 1228 4850; x_wconf 92' lang='lat' dir='ltr'><strong>quidem</strong></span> <span class='ocrx_word' id='word_1_679' title='bbox 1276 4783 1548 4849; x_wconf 85' lang='lat' dir='ltr'><strong>serpentis</strong></span> <span class='ocrx_word' id='word_1_680' title='bbox 1591 4795 1766 4852; x_wconf 71' lang='lat' dir='ltr'><strong>genus</strong></span> <span class='ocrx_word' id='word_1_681' title='bbox 1801 4797 1926 4836; x_wconf 91' lang='lat' dir='ltr'><strong>eum</strong></span> <span class='ocrx_word' id='word_1_682' title='bbox 1976 4784 2179 4853; x_wconf 89' lang='lat' dir='ltr'><strong>pusillo</strong></span> 
     </span>
    </p>
   </div>
   <div class='ocr_carea' id='block_1_89' title="bbox 2291 4779 3816 4871">
    <p class='ocr_par' dir='ltr' id='par_1_89' title="bbox 2291 4794 3816 4871">
     <span class='ocr_line' id='line_1_89' title="bbox 2291 4794 3816 4871; baseline 0.003 -26"><span class='ocrx_word' id='word_1_683' title='bbox 2291 4794 2646 4864; x_wconf 73' lang='grc' dir='ltr'>ἐμπνέουσαν,</span> <span class='ocrx_word' id='word_1_684' title='bbox 2687 4798 2780 4850; x_wconf 82' lang='grc' dir='ltr'><strong>καὶ</strong></span> <span class='ocrx_word' id='word_1_685' title='bbox 2818 4800 2900 4860; x_wconf 84' lang='grc' dir='ltr'><strong>είς</strong></span> <span class='ocrx_word' id='word_1_686' title='bbox 2938 4799 3065 4863; x_wconf 73' lang='grc' dir='ltr'>τοὺς</span> <span class='ocrx_word' id='word_1_687' title='bbox 3109 4801 3506 4871; x_wconf 76' lang='grc' dir='ltr'>πλησιάζοντας</span> <span class='ocrx_word' id='word_1_688' title='bbox 3552 4802 3642 4871; x_wconf 81' lang='grc' dir='ltr'>τὴν</span> <span class='ocrx_word' id='word_1_689' title='bbox 3678 4799 3816 4867; x_wconf 77' lang='grc' dir='ltr'>λύμην</span> 
     </span>
    </p>
   </div>
   <div class='ocr_carea' id='block_1_90' title="bbox 587 4873 2188 4963">
    <p class='ocr_par' dir='ltr' id='par_1_90' title="bbox 587 4873 2176 4944">
     <span class='ocr_line' id='line_1_90' title="bbox 587 4873 2176 4944; baseline 0.002 -16"><span class='ocrx_word' id='word_1_690' title='bbox 587 4889 819 4944; x_wconf 86' lang='lat' dir='ltr'><strong>corpore</strong></span> <span class='ocrx_word' id='word_1_691' title='bbox 847 4875 938 4939; x_wconf 91' lang='lat' dir='ltr'><strong>sit,</strong></span> <span class='ocrx_word' id='word_1_692' title='bbox 973 4875 1264 4928; x_wconf 90' lang='lat' dir='ltr'><strong>molestum</strong></span> <span class='ocrx_word' id='word_1_693' title='bbox 1299 4886 1364 4926; x_wconf 87' lang='lat' dir='ltr'><strong>ac</strong></span> <span class='ocrx_word' id='word_1_694' title='bbox 1395 4873 1690 4930; x_wconf 86' lang='lat' dir='ltr'><strong>vehemens</strong></span> <span class='ocrx_word' id='word_1_695' title='bbox 1717 4873 1935 4929; x_wconf 86' lang='lat' dir='ltr'><strong>asthma</strong></span> <span class='ocrx_word' id='word_1_696' title='bbox 1964 4890 2176 4930; x_wconf 87' lang='lat' dir='ltr'><strong>veneno</strong></span> 
     </span>
    </p>
   </div>
   <div class='ocr_carea' id='block_1_91' title="bbox 2291 4873 3817 4963">
    <p class='ocr_par' dir='ltr' id='par_1_91' title="bbox 2291 4884 3817 4963">
     <span class='ocr_line' id='line_1_91' title="bbox 2291 4884 3817 4963; baseline 0.009 -27"><span class='ocrx_word' id='word_1_697' title='bbox 2291 4884 2651 4954; x_wconf 72' lang='grc' dir='ltr'>ὲμφυσῶσανο</span> <span class='ocrx_word' id='word_1_698' title='bbox 2712 4887 2917 4962; x_wconf 84' lang='grc' dir='ltr'>ταύτην</span> <span class='ocrx_word' id='word_1_699' title='bbox 2979 4893 3395 4963; x_wconf 74' lang='grc' dir='ltr'>συντρίψαντες,</span> <span class='ocrx_word' id='word_1_700' title='bbox 3453 4893 3545 4947; x_wconf 74' lang='grc' dir='ltr'><strong>ἐπὶ</strong></span> <span class='ocrx_word' id='word_1_701' title='bbox 3591 4893 3679 4955; x_wconf 70' lang='grc' dir='ltr'>τὰς</span> <span class='ocrx_word' id='word_1_702' title='bbox 3718 4887 3817 4957; x_wconf 75' lang='grc' dir='ltr'><strong>ἑξῆς</strong></span> 
     </span>
    </p>
   </div>
   <div class='ocr_carea' id='block_1_92' title="bbox 586 4967 2188 5057">
    <p class='ocr_par' dir='ltr' id='par_1_92' title="bbox 586 4967 2178 5041">
     <span class='ocr_line' id='line_1_92' title="bbox 586 4967 2178 5041; baseline 0.001 -18"><span class='ocrx_word' id='word_1_703' title='bbox 586 4984 691 5024; x_wconf 91' lang='lat' dir='ltr'><strong>suo</strong></span> <span class='ocrx_word' id='word_1_704' title='bbox 723 4969 930 5039; x_wconf 88' lang='lat' dir='ltr'><strong>injicit,</strong></span> <span class='ocrx_word' id='word_1_705' title='bbox 969 4979 1023 5023; x_wconf 89' lang='lat' dir='ltr'><strong>et</strong></span> <span class='ocrx_word' id='word_1_706' title='bbox 1074 4967 1642 5038; x_wconf 74' lang='lat' dir='ltr'><strong>appropinquantibus</strong></span> <span class='ocrx_word' id='word_1_707' title='bbox 1675 4968 1851 5024; x_wconf 88' lang='lat' dir='ltr'><strong>labem</strong></span> <span class='ocrx_word' id='word_1_708' title='bbox 1888 4985 1955 5024; x_wconf 87' lang='lat' dir='ltr'><strong>ac</strong></span> <span class='ocrx_word' id='word_1_709' title='bbox 2003 4972 2178 5041; x_wconf 69' lang='lat' dir='ltr'><strong>pernio</strong></span> 
     </span>
    </p>
   </div>
   <div class='ocr_carea' id='block_1_93' title="bbox 2291 4967 3816 5057">
    <p class='ocr_par' dir='ltr' id='par_1_93' title="bbox 2291 4976 3816 5057">
     <span class='ocr_line' id='line_1_93' title="bbox 2291 4976 3816 5057; baseline 0.009 -29"><span class='ocrx_word' id='word_1_710' title='bbox 2291 4976 2470 5047; x_wconf 70' lang='grc' dir='ltr'>ἴωμεν,</span> <span class='ocrx_word' id='word_1_711' title='bbox 2526 4977 2660 5032; x_wconf 80' lang='grc' dir='ltr'>Θεὸν</span> <span class='ocrx_word' id='word_1_712' title='bbox 2709 4980 2924 5052; x_wconf 86' lang='grc' dir='ltr'>ἀρωγὸν</span> <span class='ocrx_word' id='word_1_713' title='bbox 2969 4984 3457 5056; x_wconf 87' lang='grc' dir='ltr'>ἐπικαλεσάμενοι,</span> <span class='ocrx_word' id='word_1_714' title='bbox 3507 4987 3587 5048; x_wconf 83' lang='grc' dir='ltr'>εἰς</span> <span class='ocrx_word' id='word_1_715' title='bbox 3624 4985 3709 5057; x_wconf 72' lang='grc' dir='ltr'><strong>τὴν</strong></span> <span class='ocrx_word' id='word_1_716' title='bbox 3740 4979 3816 5048; x_wconf 80' lang='grc' dir='ltr'><strong>τῆς</strong></span> 
     </span>
    </p>
   </div>
   <div class='ocr_carea' id='block_1_94' title="bbox 584 5061 2188 5150">
    <p class='ocr_par' dir='ltr' id='par_1_94' title="bbox 584 5061 2179 5150">
     <span class='ocr_line' id='line_1_94' title="bbox 584 5061 2179 5150; baseline 0.003 -37"><span class='ocrx_word' id='word_1_717' title='bbox 584 5063 740 5150; x_wconf 73' lang='grc' dir='ltr'><strong>(τίειιῐιι</strong></span> <span class='ocrx_word' id='word_1_718' title='bbox 785 5062 1060 5132; x_wconf 88' lang='lat' dir='ltr'><strong>inspirat:</strong></span> <span class='ocrx_word' id='word_1_719' title='bbox 1101 5075 1226 5115; x_wconf 92' lang='lat' dir='ltr'><strong>cum</strong></span> <span class='ocrx_word' id='word_1_720' title='bbox 1273 5061 1416 5116; x_wconf 90' lang='lat' dir='ltr'><strong>hanc</strong></span> <span class='ocrx_word' id='word_1_721' title='bbox 1467 5062 1634 5134; x_wconf 72' lang='lat' dir='ltr'><strong>igitur</strong></span> <span class='ocrx_word' id='word_1_722' title='bbox 1690 5062 1960 5119; x_wconf 87' lang='lat' dir='ltr'><strong>hactenus</strong></span> <span class='ocrx_word' id='word_1_723' title='bbox 2009 5065 2179 5119; x_wconf 88' lang='lat' dir='ltr'><strong>obtri-</strong></span> 
     </span>
    </p>
   </div>
   <div class='ocr_carea' id='block_1_95' title="bbox 2291 5061 3630 5150">
    <p class='ocr_par' dir='ltr' id='par_1_95' title="bbox 2291 5068 3630 5150">
     <span class='ocr_line' id='line_1_95' title="bbox 2291 5068 3630 5150; baseline 0.007 -30"><span class='ocrx_word' id='word_1_724' title='bbox 2291 5068 2460 5140; x_wconf 73' lang='grc' dir='ltr'>πάσης</span> <span class='ocrx_word' id='word_1_725' title='bbox 2483 5073 2868 5142; x_wconf 83' lang='grc' dir='ltr'>πραγματείας</span> <span class='ocrx_word' id='word_1_726' title='bbox 2895 5075 3052 5146; x_wconf 72' lang='grc' dir='ltr'>ἡμῶν</span> <span class='ocrx_word' id='word_1_727' title='bbox 3073 5075 3256 5131; x_wconf 79' lang='grc' dir='ltr'>ἔνθεον</span> <span class='ocrx_word' id='word_1_728' title='bbox 3283 5078 3630 5150; x_wconf 60' lang='grc' dir='ltr'>ἐπαγγελίαν,</span> 
     </span>
    </p>
   </div>
   <div class='ocr_carea' id='block_1_96' title="bbox 586 5143 3812 5243">
    <p class='ocr_par' dir='ltr' id='par_1_96' title="bbox 586 5143 3812 5243">
     <span class='ocr_line' id='line_1_96' title="bbox 586 5143 3812 5243; baseline 0.004 -35"><span class='ocrx_word' id='word_1_729' title='bbox 586 5143 866 5221; x_wconf 79' lang='lat' dir='ltr'><strong>verimus,</strong></span> <span class='ocrx_word' id='word_1_730' title='bbox 906 5156 973 5209; x_wconf 88' lang='lat' dir='ltr'><strong>ad</strong></span> <span class='ocrx_word' id='word_1_731' title='bbox 1025 5155 1264 5225; x_wconf 87' lang='lat' dir='ltr'><strong>reliquas</strong></span> <span class='ocrx_word' id='word_1_732' title='bbox 1319 5162 1704 5219; x_wconf 85' lang='lat' dir='ltr'><strong>transeamus,</strong></span> <span class='ocrx_word' id='word_1_733' title='bbox 1762 5157 1809 5211; x_wconf 89' lang='lat' dir='ltr'><strong>si</strong></span> <span class='ocrx_word' id='word_1_734' title='bbox 1859 5159 2016 5228; x_wconf 90' lang='lat' dir='ltr'><strong>prius</strong></span> <span class='ocrx_word' id='word_1_735' title='bbox 2068 5156 2163 5213; x_wconf 83' lang='lat' dir='ltr'><strong>Dei</strong></span> <span class='ocrx_word' id='word_1_736' title='bbox 2205 5173 2364 5231; x_wconf 90' lang='lat' dir='ltr'><strong>opem</strong></span> <span class='ocrx_word' id='word_1_737' title='bbox 2412 5143 3034 5235; x_wconf 87' lang='lat' dir='ltr'><strong>imploraverimusut</strong></span> <span class='ocrx_word' id='word_1_738' title='bbox 3104 5168 3351 5226; x_wconf 87' lang='lat' dir='ltr'><strong>divinum</strong></span> <span class='ocrx_word' id='word_1_739' title='bbox 3403 5143 3579 5243; x_wconf 73' lang='lat' dir='ltr'><strong>plane</strong></span> <span class='ocrx_word' id='word_1_740' title='bbox 3613 5143 3812 5236; x_wconf 74' lang='lat' dir='ltr'><strong>suscepti</strong></span> 
     </span>
    </p>
   </div>
   <div class='ocr_carea' id='block_1_97' title="bbox 585 5247 3834 5321">
    <p class='ocr_par' dir='ltr' id='par_1_97' title="bbox 585 5247 3834 5321">
     <span class='ocr_line' id='line_1_97' title="bbox 585 5247 3834 5321; baseline 0 -17"><span class='ocrx_word' id='word_1_741' title='bbox 585 5249 766 5319; x_wconf 90' lang='lat' dir='ltr'><strong>operis</strong></span> <span class='ocrx_word' id='word_1_742' title='bbox 793 5249 1103 5305; x_wconf 88' lang='lat' dir='ltr'><strong>institutum</strong></span> <span class='ocrx_word' id='word_1_743' title='bbox 1133 5247 1320 5302; x_wconf 89' lang='lat' dir='ltr'><strong>favore</strong></span> <span class='ocrx_word' id='word_1_744' title='bbox 1348 5263 1449 5302; x_wconf 89' lang='lat' dir='ltr'><strong>suo</strong></span> <span class='ocrx_word' id='word_1_745' title='bbox 1476 5259 1866 5321; x_wconf 87' lang='lat' dir='ltr'><strong>prosequatur.</strong></span> <span class='ocrx_word' id='word_1_746' title='bbox 2797 5263 2800 5266; x_wconf 86' lang='lat'>&#39;</span> <span class='ocrx_word' id='word_1_747' title='bbox 3205 5255 3211 5262; x_wconf 84' lang='lat'><strong>‘</strong></span> <span class='ocrx_word' id='word_1_748' title='bbox 3828 5281 3834 5314; x_wconf 75' lang='grc' dir='ltr'><strong>ι</strong></span> 
     </span>
    </p>
   </div>
   <div class='ocr_carea' id='block_1_98' title="bbox 725 5352 2188 5445">
    <p class='ocr_par' dir='ltr' id='par_1_98' title="bbox 725 5361 2016 5429">
     <span class='ocr_line' id='line_1_98' title="bbox 725 5361 2016 5429; baseline 0.005 -14"><span class='ocrx_word' id='word_1_749' title='bbox 725 5361 1094 5419; x_wconf 76' lang='lat' dir='ltr'><strong>ADVERSUS</strong></span> <span class='ocrx_word' id='word_1_750' title='bbox 1133 5362 1490 5420; x_wconf 69' lang='lat' dir='ltr'><strong>ORIGENEM</strong></span> <span class='ocrx_word' id='word_1_751' title='bbox 1534 5364 2016 5429; x_wconf 76' lang='lat' dir='ltr'><strong>ADAMANTIUM,</strong></span> 
     </span>
    </p>
   </div>
   <div class='ocr_carea' id='block_1_99' title="bbox 2291 5352 3758 5445">
    <p class='ocr_par' dir='ltr' id='par_1_99' title="bbox 2348 5352 3758 5445">
     <span class='ocr_line' id='line_1_99' title="bbox 2348 5352 3758 5445; baseline 0.008 -26"><span class='ocrx_word' id='word_1_752' title='bbox 2348 5352 2536 5421; x_wconf 71' lang='grc' dir='ltr'><strong>ΚᾸΤΑ</strong></span> <span class='ocrx_word' id='word_1_753' title='bbox 2575 5369 2962 5426; x_wconf 70' lang='grc' dir='ltr'>αΡιΓΕΝογΣ</span> <span class='ocrx_word' id='word_1_754' title='bbox 2998 5372 3111 5445; x_wconf 77' lang='lat'><strong>(25)</strong></span> <span class='ocrx_word' id='word_1_755' title='bbox 3142 5371 3280 5428; x_wconf 74' lang='lat' dir='ltr'><strong>Ter</strong></span> <span class='ocrx_word' id='word_1_756' title='bbox 3317 5369 3758 5430; x_wconf 73' lang='lat' dir='ltr'><strong>AAAMAMIO)‘.</strong></span> 
     </span>
    </p>
   </div>
   <div class='ocr_carea' id='block_1_100' title="bbox 973 5455 2188 5536">
    <p class='ocr_par' dir='ltr' id='par_1_100' title="bbox 973 5455 1810 5512">
     <span class='ocr_line' id='line_1_100' title="bbox 973 5455 1810 5512; baseline 0.002 -2"><span class='ocrx_word' id='word_1_757' title='bbox 973 5456 1206 5512; x_wconf 78' lang='lat' dir='ltr'><strong>eresis</strong></span> <span class='ocrx_word' id='word_1_758' title='bbox 1243 5455 1429 5512; x_wconf 82' lang='lat' dir='ltr'><strong><em>XLIV</em></strong></span> <span class='ocrx_word' id='word_1_759' title='bbox 1463 5459 1568 5512; x_wconf 78' lang='lat' dir='ltr'><strong>sive</strong></span> <span class='ocrx_word' id='word_1_760' title='bbox 1597 5455 1810 5512; x_wconf 84' lang='lat' dir='ltr'><strong>LXIV.</strong></span> 
     </span>
    </p>
   </div>
   <div class='ocr_carea' id='block_1_101' title="bbox 2291 5455 3808 5536">
    <p class='ocr_par' dir='ltr' id='par_1_101' title="bbox 2291 5458 3808 5536">
     <span class='ocr_line' id='line_1_101' title="bbox 2291 5458 3808 5536; baseline 0.007 -24"><span class='ocrx_word' id='word_1_761' title='bbox 2291 5461 2748 5531; x_wconf 78' lang='grc' dir='ltr'>Γεσσαρακοστὴ</span> <span class='ocrx_word' id='word_1_762' title='bbox 2771 5463 3042 5534; x_wconf 76' lang='grc' dir='ltr'>τετάρτη,</span> <span class='ocrx_word' id='word_1_763' title='bbox 3067 5467 3104 5534; x_wconf 82' lang='grc' dir='ltr'><strong><em>ή</em></strong></span> <span class='ocrx_word' id='word_1_764' title='bbox 3127 5465 3228 5520; x_wconf 78' lang='grc' dir='ltr'>καί</span> <span class='ocrx_word' id='word_1_765' title='bbox 3254 5465 3557 5536; x_wconf 67' lang='grc' dir='ltr'>ἑξηκοστή</span> <span class='ocrx_word' id='word_1_766' title='bbox 3584 5458 3808 5528; x_wconf 71' lang='grc' dir='ltr'>τετάρτη·</span> 
     </span>
    </p>
   </div>
   <div class='ocr_carea' id='block_1_102' title="bbox 653 5566 2188 5651">
    <p class='ocr_par' dir='ltr' id='par_1_102' title="bbox 653 5566 2164 5642">
     <span class='ocr_line' id='line_1_102' title="bbox 653 5566 2164 5642; baseline 0.003 -20"><span class='ocrx_word' id='word_1_767' title='bbox 653 5566 696 5623; x_wconf 83' lang='grc' dir='ltr'>ι.</span> <span class='ocrx_word' id='word_1_768' title='bbox 727 5566 989 5638; x_wconf 75' lang='lat' dir='ltr'><strong>Origenes</strong></span> <span class='ocrx_word' id='word_1_769' title='bbox 1015 5609 1030 5635; x_wconf 86' lang='lat'><strong>,</strong></span> <span class='ocrx_word' id='word_1_770' title='bbox 1067 5579 1430 5641; x_wconf 82' lang='lat' dir='ltr'><strong>cognomento</strong></span> <span class='ocrx_word' id='word_1_771' title='bbox 1467 5570 1852 5638; x_wconf 86' lang='lat' dir='ltr'><strong>Adamantius,</strong></span> <span class='ocrx_word' id='word_1_772' title='bbox 1893 5571 2164 5642; x_wconf 86' lang='lat' dir='ltr'><strong>sequitur.</strong></span> 
     </span>
    </p>
   </div>
   <div class='ocr_carea' id='block_1_103' title="bbox 2291 5566 3807 5651">
    <p class='ocr_par' dir='ltr' id='par_1_103' title="bbox 2343 5569 3807 5651">
     <span class='ocr_line' id='line_1_103' title="bbox 2343 5569 3807 5651; baseline 0.013 -28"><span class='ocrx_word' id='word_1_773' title='bbox 2343 5572 2420 5628; x_wconf 83' lang='lat' dir='ltr'><strong>A&#39;.</strong></span> <span class='ocrx_word' id='word_1_774' title='bbox 2471 5572 2772 5646; x_wconf 76' lang='grc' dir='ltr'>Ὤριγένης,</span> <span class='ocrx_word' id='word_1_775' title='bbox 2800 5579 2828 5630; x_wconf 85' lang='grc' dir='ltr'>ὁ</span> <span class='ocrx_word' id='word_1_776' title='bbox 2853 5579 2946 5631; x_wconf 77' lang='grc' dir='ltr'><strong>καὶ</strong></span> <span class='ocrx_word' id='word_1_777' title='bbox 2986 5579 3336 5651; x_wconf 85' lang='grc' dir='ltr'>Ἀδαμάντιος</span> <span class='ocrx_word' id='word_1_778' title='bbox 3370 5578 3688 5651; x_wconf 70' lang='grc' dir='ltr'>ἐπικληθεὶς.</span> <span class='ocrx_word' id='word_1_779' title='bbox 3715 5569 3807 5628; x_wconf 61' lang='grc' dir='ltr'><strong>κτιθ</strong></span> 
     </span>
    </p>
   </div>
   <div class='ocr_carea' id='block_1_104' title="bbox 661 5701 2188 5782">
    <p class='ocr_par' dir='ltr' id='par_1_104' title="bbox 661 5702 2188 5773">
     <span class='ocr_line' id='line_1_104' title="bbox 661 5702 2188 5773; baseline 0.001 -17"><span class='ocrx_word' id='word_1_780' title='bbox 661 5705 678 5736; x_wconf 70' lang='grc' dir='ltr'><strong><em>ι</em></strong></span> <span class='ocrx_word' id='word_1_781' title='bbox 709 5702 874 5758; x_wconf 85' lang='lat' dir='ltr'><strong>Hebr.</strong></span> <span class='ocrx_word' id='word_1_782' title='bbox 903 5718 1022 5766; x_wconf 81' lang='lat' dir='ltr'><strong>xm,</strong></span> <span class='ocrx_word' id='word_1_783' title='bbox 1049 5703 1138 5758; x_wconf 74' lang='lat' dir='ltr'><strong>H.</strong></span> <span class='ocrx_word' id='word_1_784' title='bbox 1216 5703 1278 5757; x_wconf 76' lang='grc' dir='ltr'><strong>Ἰ</strong></span> <span class='ocrx_word' id='word_1_785' title='bbox 1313 5705 1440 5760; x_wconf 85' lang='lat' dir='ltr'><strong>Cor.</strong></span> <span class='ocrx_word' id='word_1_786' title='bbox 1486 5720 1583 5770; x_wconf 86' lang='lat' dir='ltr'><strong>vu,</strong></span> <span class='ocrx_word' id='word_1_787' title='bbox 1617 5705 1710 5760; x_wconf 66' lang='grc'><strong>54.</strong></span> <span class='ocrx_word' id='word_1_788' title='bbox 1790 5705 1809 5735; x_wconf 80' lang='grc'>³</span> <span class='ocrx_word' id='word_1_789' title='bbox 1849 5703 2042 5761; x_wconf 82' lang='lat' dir='ltr'><strong>Matth.</strong></span> <span class='ocrx_word' id='word_1_790' title='bbox 2075 5719 2188 5773; x_wconf 72' lang='lat' dir='ltr'><strong>XIX,</strong></span> 
     </span>
    </p>
   </div>
   <div class='ocr_carea' id='block_1_105' title="bbox 2291 5701 3455 5782">
    <p class='ocr_par' dir='ltr' id='par_1_105' title="bbox 2291 5701 3455 5782">
     <span class='ocr_line' id='line_1_105' title="bbox 2291 5701 3455 5782; baseline 0.006 -25"><span class='ocrx_word' id='word_1_791' title='bbox 2291 5713 2314 5758; x_wconf 73' lang='grc' dir='ltr'><strong>ἰ.</strong></span> <span class='ocrx_word' id='word_1_792' title='bbox 2394 5704 2416 5737; x_wconf 69' lang='grc'>⁸</span> <span class='ocrx_word' id='word_1_793' title='bbox 2437 5701 2600 5760; x_wconf 81' lang='lat' dir='ltr'><strong>Deest</strong></span> <span class='ocrx_word' id='word_1_794' title='bbox 2628 5705 2854 5777; x_wconf 86' lang='lat' dir='ltr'><strong>aliquid.</strong></span> <span class='ocrx_word' id='word_1_795' title='bbox 2933 5709 2958 5740; x_wconf 82' lang='grc'><strong><em>⁵</em></strong></span> <span class='ocrx_word' id='word_1_796' title='bbox 2985 5709 3112 5767; x_wconf 85' lang='lat' dir='ltr'><strong>Cor.</strong></span> <span class='ocrx_word' id='word_1_797' title='bbox 3145 5711 3455 5782; x_wconf 83' lang='grc' dir='ltr'>διελέγχειν.</span> 
     </span>
    </p>
   </div>
   <div class='ocr_carea' id='block_1_106' title="bbox 653 5810 3807 5890">
    <p class='ocr_par' dir='ltr' id='par_1_106' title="bbox 653 5810 3807 5890">
     <span class='ocr_line' id='line_1_106' title="bbox 653 5810 3807 5890; baseline -0.001 -20"><span class='ocrx_word' id='word_1_798' title='bbox 653 5815 767 5886; x_wconf 71' lang='lat'><strong>(25)</strong></span> <span class='ocrx_word' id='word_1_799' title='bbox 842 5813 1191 5890; x_wconf 68' lang='grc' dir='ltr'>Ὼρινένους.</span> <span class='ocrx_word' id='word_1_800' title='bbox 1239 5814 1562 5890; x_wconf 65' lang='lat' dir='ltr'><strong>Proximum</strong></span> <span class='ocrx_word' id='word_1_801' title='bbox 1633 5814 1983 5890; x_wconf 68' lang='lat' dir='ltr'><strong>Qrigenianis</strong></span> <span class='ocrx_word' id='word_1_802' title='bbox 2048 5817 2161 5890; x_wconf 71' lang='grc' dir='ltr'>τοῖς</span> <span class='ocrx_word' id='word_1_803' title='bbox 2269 5813 2504 5882; x_wconf 81' lang='lat' dir='ltr'><strong>Origene</strong></span> <span class='ocrx_word' id='word_1_804' title='bbox 2545 5813 2664 5890; x_wconf 29' lang='lat' dir='ltr'><strong>il_i_oA</strong></span> <span class='ocrx_word' id='word_1_805' title='bbox 2697 5815 2832 5890; x_wconf 84' lang='lat' dir='ltr'><strong>dicti</strong></span> <span class='ocrx_word' id='word_1_806' title='bbox 2882 5817 3043 5890; x_wconf 79' lang='lat' dir='ltr'><strong>cujus</strong></span> <span class='ocrx_word' id='word_1_807' title='bbox 3093 5833 3310 5875; x_wconf 88' lang='lat' dir='ltr'><strong>errores</strong></span> <span class='ocrx_word' id='word_1_808' title='bbox 3349 5817 3706 5890; x_wconf 84' lang='lat' dir='ltr'><strong>capiosissime</strong></span> <span class='ocrx_word' id='word_1_809' title='bbox 3748 5810 3807 5887; x_wconf 63' lang='lat' dir='ltr'><strong>it!-</strong></span> 
     </span>
    </p>
   </div>
   <div class='ocr_carea' id='block_1_107' title="bbox 586 5883 2188 5967">
    <p class='ocr_par' dir='ltr' id='par_1_107' title="bbox 586 5883 2160 5961">
     <span class='ocr_line' id='line_1_107' title="bbox 586 5883 2160 5961; baseline 0.003 -25"><span class='ocrx_word' id='word_1_810' title='bbox 586 5883 952 5958; x_wconf 70' lang='grc' dir='ltr'>αξσχροποιοῑς</span> <span class='ocrx_word' id='word_1_811' title='bbox 999 5889 1183 5952; x_wconf 84' lang='lat' dir='ltr'><strong>locum</strong></span> <span class='ocrx_word' id='word_1_812' title='bbox 1229 5886 1552 5957; x_wconf 80' lang='lat' dir='ltr'><strong>Origenista:</strong></span> <span class='ocrx_word' id='word_1_813' title='bbox 1601 5885 1706 5942; x_wconf 87' lang='lat' dir='ltr'><strong>sibi</strong></span> <span class='ocrx_word' id='word_1_814' title='bbox 1737 5883 2055 5961; x_wconf 57' lang='lat' dir='ltr'><strong>:vindicant,</strong></span> <span class='ocrx_word' id='word_1_815' title='bbox 2092 5888 2160 5941; x_wconf 87' lang='lat' dir='ltr'><strong>ab</strong></span> 
     </span>
    </p>
   </div>
   <div class='ocr_carea' id='block_1_108' title="bbox 2291 5883 3801 5967">
    <p class='ocr_par' dir='ltr' id='par_1_108' title="bbox 2291 5883 3801 5967">
     <span class='ocr_line' id='line_1_108' title="bbox 2291 5883 3801 5967; baseline 0 -28"><span class='ocrx_word' id='word_1_816' title='bbox 2291 5893 2514 5942; x_wconf 62' lang='lat' dir='ltr'><strong>sectatur</strong></span> <span class='ocrx_word' id='word_1_817' title='bbox 2568 5883 2963 5958; x_wconf 53' lang='lat' dir='ltr'><strong>Epiphaniusf</strong></span> <span class='ocrx_word' id='word_1_818' title='bbox 2999 5887 3209 5947; x_wconf 80' lang='lat' dir='ltr'><strong>Horum</strong></span> <span class='ocrx_word' id='word_1_819' title='bbox 3265 5883 3432 5946; x_wconf 63' lang='lat' dir='ltr'><strong>enim&#39;</strong></span> <span class='ocrx_word' id='word_1_820' title='bbox 3462 5904 3572 5967; x_wconf 64' lang='lat' dir='ltr'><strong>prae</strong></span> <span class='ocrx_word' id='word_1_821' title='bbox 3625 5883 3801 5942; x_wconf 57' lang='lat' dir='ltr'><strong>ceteris</strong></span> 
     </span>
    </p>
   </div>
  </div>
