4046 6454
328 288 471 347 1077

1000 292 1379 353 ADVERSUS
1414 294 1761 356 IIAERESES
1797 299 1928 355 LIB.
1963 297 2027 354 II.
2070 294 2231 352 TOM.
2266 292 2690 350 I.-—II1ERES.
2726 292 2914 347 LXIV.

3443 288 3587 361 4073

329 409 569 482 Διόπερ,
591 409 745 481 φησὶ,
778 412 882 468 καὶ·
909 412 1080 485 δέμας
1110 415 1378 486 κέκληται
1406 416 1466 471 τὸ
1504 419 1686 490 σῶμα,
1726 419 1815 474 διὰ
1847 418 1909 472 τὸ

2014 430 2254 484 causam,
2284 414 2382 481 ait,
2424 420 2479 471 et
2517 427 2718 482 corpus
2764 411 2934 484 δέμας
2974 408 3260 482 appellari,
3289 406 3433 479 quod
3470 422 3594 461 cor-

330 498 575 554 δεδέσθαι
626 502 726 572 τὴν
762 502 940 574 ψυχὴν
984 505 1041 558 ὲν
1087 504 1166 576 τῷ
1213 505 1462 578 σώματιο
1521 508 1620 580 τὴν
1677 508 1911 564 παλαιὰν

343 586 612 657 Ἐλλήνων
644 589 861 662 μυθώδη
891 592 1142 648 ὑπόνοιαν
1172 595 1594 669 φανταζόμενος.
1621 600 1715 664 Et;
1741 598 1914 653 ταῦτα

328 676 390 732 δὲ
411 679 506 732 καὶ
535 678 737 750 μύθους
768 680 1271 763 ἐκτίθεται.¹ῐ¹ἴυχὴν
1300 686 1429 761 γὰρ,
1452 691 1607 761 φησι,
1640 689 1729 744 διὰ
1756 688 1912 745 τοῦτο

330 768 626 836 καλοῦμεν,
649 770 737 825 διὰ
758 772 820 826 τὸ
847 773 1053 830 ἀνωθεν
1079 775 1328 850 ὲψύχθαι.

403 943 723 1018 Μαρτυρίας
743 948 798 1002 δὲ
819 950 961 1005 κατὰ
978 951 1069 1008 τδν
1097 952 1225 1008 ἴδιον
1254 953 1377 1008 νοῦν
1398 956 1784 1011 ὲπιπλάττεται
1802 956 1913 1010 ἀπὸ

331 1033 444 1087 τῶν
467 1033 625 1090 θείων
658 1039 914 1111 Γραφῶν,
950 1044 1050 1116 οὐχ
1094 1045 1268 1110 οὕτως
1302 1046 1558 1117 ἐχούσας,
1588 1047 1708 1102 οὐδὲ
1742 1047 1913 1111 οὕτως

332 1126 641 1200 δεδομένας.
658 1133 730 1185 Τὸ
749 1134 857 1208 γὰρ
878 1138 1073 1204 εἰπεῖν,
1098 1142 1249 1210 φησὶ,
1266 1139 1355 1193 τὸν
1386 1142 1705 1214 Προφήτην,
1724 1139 1912 1210 Πρινὴ

333 1224 774 1305 ταπεινωθῆναι
804 1245 902 1298 με,
941 1228 1056 1300 ἐγὼ
1087 1232 1528 1303 ἐπλημμέλησα
1547 1276 1564 1302 ,
1619 1232 1679 1300 ἐξ
1719 1234 1911 1305 αὐτῆς,

334 1310 492 1378 φησὶ,
521 1314 621 1385 τῆς
656 1316 836 1387 ψυχῆς
863 1321 892 1373 ὁ
925 1319 1103 1390 λόγος,
1133 1322 1208 1386 ὡς
1238 1322 1350 1376 ἄνω
1380 1324 1438 1377 ἐν
1469 1322 1683 1394 οὐρανῴ
1705 1323 1915 1396 ἐπλημ-

334 1400 562 1472 μέλησε,
600 1407 764 1480 πρινὴ
801 1412 859 1464 ἐν
887 1411 967 1483 τῷ
994 1412 1203 1484 σώματι
1223 1415 1681 1471 τεταπεινῶσθαι·
1719 1416 1813 1470 καὶ
1836 1416 1916 1490 τῷ

335 1491 545 1559 εἰπεῖν,
592 1497 785 1566 φησὶν,
824 1500 1246 1573 Ἐπίστρεψον,
1292 1505 1464 1575 ⁴ψυχή
1504 1525 1644 1576 μου.
1686 1510 1772 1574 εὶς
1801 1507 1918 1577 τὴν

331 1578 689 1639 ἀνάπαυσιν
715 1603 855 1655 σου,
889 1589 965 1655 ὡς
1004 1594 1099 1646 τοῦ
1140 1593 1650 1667 ἀνδραγαθήσαντος
1683 1595 1915 1651 ἐνταῦθα

330 1671 393 1725 ὲν
420 1673 757 1750 ἀγαθοεργίᾳ
795 1680 1213 1754 ἐπιστρέφοντος
1246 1687 1326 1750 είς
1352 1687 1452 1760 τὴν
1477 1687 1588 1743 ἀνω
1609 1689 1915 1743 ἀνάπαυσιν

2016 509 2134 579 peri
2188 506 2393 578 illigata
2450 505 2523 562 sit
2574 504 2776 559 anima.
2823 502 2881 557 In
2935 516 3045 572 quo
3071 510 3249 555 vetera
3279 498 3590 553 Grmorum

2013 598 2227 655 somnia
2274 613 2340 653 ac
2398 611 2573 667 nugas
2614 595 2829 650 retexit.
2862 593 3005 660 Quin
3037 589 3334 648 nonnullas
3354 589 3421 643 ad
3447 603 3595 643 eam-

2015 688 2139 743 dem
2167 685 2494 743 sententiam
2529 684 2743 739 fabulas
2770 681 3167 751 accommodat.
3194 678 3327 733 Nam
3355 676 3592 730 animam

2015 778 2181 852 528
2211 778 2282 833 ob
2314 776 2390 843 id,
2438 774 2634 848 inquit,
2662 758 2839 847 ipsi-qv
2881 773 3137 837 dicimus.
3193 770 3338 843 Quod
3378 769 3594 849 coalitus

2014 868 2190 927 alliam
2225 868 2317 924 sit.
3014 868 3019 871 ⁷

2085 958 2165 1014 Ad
2218 958 2333 1013 haec
2386 965 2567 1013 certas
2615 957 2684 1011 ad
2737 955 3014 1027 opinionis
3073 954 3222 1011 falsa:
3277 942 3591 1025 praesidiarii

2016 1051 2373 1106 auctoritates
2405 1048 2582 1116 aﬂert,
2607 1064 2745 1121 quas
2776 1047 3078 1120 Scripturis
3106 1046 3281 1104 sacris
3304 1060 3591 1118 perperam

2016 1141 2221 1212 afﬁngit
2251 1160 2264 1196 :
2300 1157 2421 1212 qum
2468 1156 2570 1196 nec
2620 1141 2693 1195 ita
2728 1154 2851 1196 sese
2903 1140 3126 1204 habent,
3151 1154 3215 1194 ae
3243 1132 3404 1210 longe
3435 1135 3596 1189 aliter

2016 1243 2147 1289 sunt
2196 1233 2372 1290 editae.
2424 1232 2578 1300 Quod
2633 1233 2778 1288 enim
2833 1246 2864 1286 a
2916 1231 3185 1302 Propheta
3215 1228 3422 1285 dictum
3458 1234 3544 1282 est
3574 1265 3591 1289 ,

2017 1323 2338 1397 Priusquam
2392 1324 2725 1388 Immiliarer,
2779 1340 2870 1396 ego
2934 1324 3131 1393 deliqui
3166 1325 3205 1386 ‘,
3245 1322 3406 1376 verba
3471 1332 3597 1389 esse

2017 1416 2409 1487 animaaipsius
2433 1415 2685 1477 aﬂirmat.
2711 1430 2834 1469 cum
2868 1415 2925 1469 in
2966 1415 3106 1469 coelo
3136 1423 3295 1467 antea
3325 1410 3594 1480 deliquis-

2018 1517 2122 1572 set,
2158 1522 2321 1580 quam
2357 1509 2424 1562 ad
2464 1506 2568 1563 hoc
2615 1521 2817 1577 corpus
2863 1505 3212 1576 abjicerctur.
3257 1501 3414 1569 Quod
3464 1516 3595 1557 vero

2017 1598 2144 1653 alibi
2192 1598 2455 1668 scriptum
2506 1605 2614 1663 est,
2666 1595 2998 1659 Convertere,
3047 1595 3227 1650 anima
3270 1611 3409 1657 mea,
3441 1594 3495 1646 in
3522 1608 3596 1647 re-

2016 1691 2188 1760 quiem
2213 1699 2357 1745 tuam
2385 1693 2425 1756 ⁸,
2452 1706 2519 1746 eo
2548 1690 2898 1746 referendum
2944 1695 3118 1760 putat,
3155 1686 3300 1758 quod
3336 1685 3429 1757 qui
3458 1693 3597 1740 stre—

329 1760 424 1817 διά
475 1767 576 1836 τὴν
631 1771 798 1825 αὑτοῦ
855 1774 952 1845 τῆς
1005 1778 1270 1847 ἐργασίας
1314 1779 1754 1851 δικαιοπραγίαν.
1802 1780 1913 1836 Καὶ

2016 1796 2124 1839 nne
2166 1789 2329 1852 atque
2370 1781 2589 1853 egregie
2622 1795 2681 1836 se
2722 1781 2778 1833 in
2817 1780 2919 1834 hoc
2970 1779 3177 1834 mundo
3230 1776 3483 1849 gesserit,
3527 1776 3597 1828 ob

330 1855 507 1911 πολλά
536 1858 685 1915 ἔστιν
730 1862 863 1919 ἄλλα
899 1866 1124 1921 τοιαῦτα
1148 1869 1351 1938 λέγειν.
1390 1871 1464 1924 Τὸ
1496 1870 1616 1925 κατ’
1636 1871 1820 1926 εἰκόνα
1856 1872 1915 1927 δέ

328 1960 498 2017 φησιν
524 1949 923 2010 ἀπολωλεκέναι
954 1957 1046 2012 τὸν
1076 1960 1266 2032 Ἀδάμ.
1300 1960 1600 2027 Ἐντεῦθεν,
1629 1967 1786 2035 φησὶ,
1823 1965 1917 2018 καὶ

327 2039 459 2128 ⁴τοὺς
497 2043 731 2111 χιτῶνας
769 2047 895 2111 τοὺς
925 2049 1285 2122 δερματίνους
1333 2055 1782 2127 ἐπισημήνασθαι
1817 2056 1916 2128 τὴν

326 2126 591 2204 Γραφὴν,
650 2136 732 2190 ὅτι
801 2139 1117 2207 Ἐποίησεν
1162 2144 1406 2212 αὐτοῖς,
1447 2126 1613 2217 φησὶ,
1662 2126 1918 2217 χιτῶνάς

327 2218 720 2292 δερματίνους
744 2268 758 2292 ,
818 2229 916 2284 καὶ
975 2230 1269 2288 ἐνέδυσεν
1310 2237 1536 2301 αὐτοὺς
1560 2275 1576 2300 ,
1624 2236 1685 2291 τὸ
1734 2237 1919 2308 σῶμα»

329 2310 516 2380 φησὶν,
548 2316 687 2371 ἐστί.
731 2318 841 2371 Καὶ
872 2320 1039 2394 πολλή
1077 2323 1159 2388 τίς
1205 2325 1321 2397 εστι
1353 2327 1484 2398 παρ’
1531 2325 1696 2380 αὐτοῦ
1721 2328 1755 2396 ἡ
1796 2328 1917 2401 ᾁδο-

330 2403 472 2472 μένη
502 2404 692 2477 χλεύη.
740 2408 852 2478 Τήν
880 2428 941 2464 τε
989 2413 1098 2467 τῶν
1135 2416 1344 2487 νεκρῶν
1385 2418 1681 2473 ἀνάστασιν
1722 2420 1916 2491 ἐλλιπῆ

328 2495 586 2557 ποιεῖται,
746 2498 846 2568 μὲν
876 2498 1019 2572 λόγῳ
1062 2504 1344 2575 παριστῶν
1368 2505 1595 2579 ταύτην,
1632 2508 1709 2580 πὴ
1738 2490 1795 2562 δὲ
1832 2490 1917 2576 ὲξέ

327 2584 663 2656 αρνούμενος
692 2589 1023 2659 τελεώτατα,
1047 2593 1235 2651 ἄλλοτε
1265 2596 1324 2654 δὲ
1344 2597 1635 2671 καὶμέρος
1658 2597 1718 2665 ἐξ
1746 2600 1933 2671 αὐτῆς

328 2673 669 2735 ἀνίστασθαι.
716 2680 1035 2755 Ἀλληγορεῖ
1083 2683 1141 2741 δὲ
1186 2687 1371 2741 λοιπὸν
1410 2690 1620 2761 ὅσαπερ
1667 2689 1914 2755 δύναται,

326 2764 421 2820 τόν
467 2785 527 2821 τε
574 2772 903 2843 παράδεισον
930 2818 946 2842 ,
993 2776 1064 2831 τά
1107 2795 1167 2831 τε
1211 2778 1402 2833 τούτου
1435 2779 1640 2846 ὕδατα,
1702 2784 1796 2835 καὶ
1847 2782 1917 2836 τά

331 2857 515 2913 ἐπάνω
546 2861 655 2915 τῶν
691 2865 963 2937 οὐρανῶν,
1012 2867 1106 2920 καὶ
1142 2869 1204 2922 τὸ
1234 2867 1378 2942 ὕδωρ
1405 2870 1466 2923 τὸ
1515 2872 1774 2926 ὑποκάτω
1814 2873 1917 2945 τῆς

326 2947 454 3016 γῆς.
493 2946 676 3004 Ταῦτα
726 2953 784 3007 δὲ
834 2957 929 3009 καὶ
966 2956 1036 3010 τὰ
1074 2955 1288 3023 τούτοις
1333 2960 1497 3030 ὃμοια
1545 2959 1799 3033 φλυαρῶν
1852 2962 1913 3017 οὐ

325 3037 614 3096 διαλείπει.
654 3045 795 3116 Ἤδη
822 3047 879 3102 δὲ
913 3048 1007 3104 καὶ
1046 3049 1104 3102 ὲν
1130 3049 1309 3114 ἄλλοις
1341 3054 1453 3104 τισὶ
1481 3053 1667 3117 τόποις
1691 3032 1760 3107 τά
1803 3072 1914 3110 τοι·

324 3129 470 3186 αῦτα
499 3135 626 3208 περὶ
656 3137 822 3190 αὐτοῦ
856 3140 1188 3212 μνησθέντες
1208 3140 1687 3214 διεξεληλύθαμεν.

2020 1869 2282 1940 praeclara
2306 1883 2402 1925 sua
2430 1867 2575 1923 facta
2605 1867 2882 1939 vitamque
2901 1882 2966 1923 ex
2982 1867 3196 1938 justit‘ia
3215 1874 3594 1936 temperatam,

2020 1960 2087 2015 ad
2117 1975 2427 2031 supremam
2452 1959 2599 2013 illam
2625 1958 3016 2029 caelestemque
3048 1957 3291 2029 requiem
3322 1972 3445 2011 sese
3466 1969 3598 2010 con-

2018 2063 2213 2110 vertat.
2240 2053 2509 2110 Sexcenta
2538 2052 2604 2107 ad
2634 2067 2758 2107 eum
2781 2052 3001 2107 modum
3018 2050 3436 2107 commemorari
3464 2064 3596 2119 pos-

2019 2155 2169 2203 sunt.
2220 2147 2356 2202 Illud
2411 2161 2575 2218 porro
2623 2146 2842 2212 divinae,
2877 2144 3023 2216 quod
3060 2143 3313 2206 habebat,
3344 2141 3597 2212 imaginis

2018 2239 2188 2296 decus
2215 2238 2485 2293 Adamum
2521 2236 2830 2319 perdidisse
2859 2243 3070 2294 narrat.
3098 2233 3237 2288 Iiinc
3262 2242 3367 2299 est,
3397 2233 3594 2302 inquit,

2018 2329 2163 2400 quod
2197 2329 2548 2399 pellieearum
2597 2330 2913 2385 tunicarum
2951 2328 3007 2383 in
3039 2325 3323 2398 Scriptura
3353 2324 3413 2380 ﬁt
3440 2338 3592 2378 men-

2020 2421 2094 2475 tio
2125 2439 2140 2474 :
2172 2417 2321 2474 Fecit
2382 2419 2489 2474 illis
2536 2421 2744 2475 tunicas
2797 2420 3065 2489 pelliceas,
3105 2428 3153 2473 et
3184 2417 3353 2472 induit
3379 2418 3519 2486 ipsos
3552 2415 3594 2469 ³.

2017 2509 2173 2576 Quod
2203 2510 2269 2565 de
2296 2526 2527 2580 corpore
2558 2511 2777 2582 accipit.
2808 2510 3047 2565 Omnino
3076 2510 3286 2563 inllnita
3332 2509 3436 2562 alia
3469 2516 3599 2563 sunt

2018 2602 2088 2657 ab
2118 2617 2186 2657 eo
2214 2602 2500 2658 decantata
2547 2602 2819 2674 dogmata,
2852 2602 2968 2656 risu
3013 2615 3078 2655 ac
3125 2600 3360 2655 lodibrio
3408 2599 3594 2669 digna.

2018 2691 2154 2747 Nam
2202 2700 2258 2748 et
2303 2699 2644 2748 ιιιυῐιυονυιιι
2701 2690 3162 2746 resurrectionem
3220 2702 3471 2742 mancam
3534 2701 3600 2741 ac

2016 2781 2285 2837 defectam
2319 2780 2539 2836 asserit.
2569 2778 2745 2846 Quam
2776 2778 2995 2850 quidem
3051 2778 3247 2850 partim
3304 2776 3485 2832 verbis
3516 2775 3600 2831 af-

2018 2872 2220 2942 ﬁrmat,
2254 2872 2452 2944 partim
2500 2870 2749 2926 {turditus
2805 2871 2963 2926 tollit.
3009 2871 3160 2926 Alias
3208 2884 3339 2924 vero
3388 2875 3598 2939 partem

2016 2965 2283 3020 duntaxat
2305 2962 2543 3018 hominis
2571 2962 2798 3018 excitari
2815 2970 2989 3033 putat.
3010 2960 3233 3015 Demum
3261 2970 3601 3032 quaeunque

2016 3061 2214 3125 potest,
2249 3053 2316 3108 ad
2356 3051 2647 3122 allegorias
2688 3050 2972 3113 transfert,
3002 3051 3149 3105 velut
3180 3050 3515 3120 paradisum,
3544 3056 3599 3103 et

1937 3139 1982 3199 C
2014 3160 2187 3216 aquas
2236 3160 2359 3216 qua!
2409 3144 2463 3199 in
2493 3160 2559 3199 eo
2591 3152 2749 3207 sunt,
2789 3158 3021 3213 quaeque
3055 3151 3111 3197 et
3142 3156 3308 3211 supra
3342 3140 3598 3196 caelestes

328 3225 518 3291 orbes,
548 3228 741 3284 etsub
778 3239 927 3285 terra
961 3233 1320 3290 collocantur.
1348 3232 1485 3290 Haec
1524 3235 1692 3292 ethis
1743 3236 1946 3293 similia
1970 3228 2176 3310 nugari
2226 3253 2333 3292 non
2368 3236 2587 3302 desinit,
2658 3249 2891 3308 quorum
2942 3234 3271 3288 mentionem
3315 3232 3429 3303 jam
3474 3231 3598 3288 aliis

325 3315 387 3372 in
414 3318 550 3374 locis
578 3321 935 3390 aspersimus.

402 3414 478 3466 ε’.
517 3413 685 3467 Οὐδὲν
706 3412 775 3471 δὲ,
798 3416 894 3473 καὶ
920 3417 1029 3471 νῦν.
1051 3416 1286 3491 λυπήσει
1312 3415 1471 3484 αὖθις
1497 3421 1558 3474 ὲν
1581 3422 1645 3492 τῇ
1676 3422 1794 3475 κατ’
1823 3422 1916 3475 αὒ-

322 3504 431 3578 τὴν
461 3506 675 3577 αἱρέσει
705 3507 836 3577 περὶ
862 3508 962 3578 τῆς
1004 3508 1172 3565 αὐτοῦ
1208 3511 1563 3582 περιπετείας
1592 3512 1687 3566 καὶ
1722 3512 1916 3566 ὑποθέ-

325 3612 473 3659 σεως
491 3594 879 3669 διηγήσασθαι,
909 3601 1006 3654 καὶ
1036 3600 1287 3666 ὲξαῦτοῦ
1326 3602 1436 3655 τῶν
1458 3602 1551 3653 ὑπ’
1584 3598 1749 3657 αὑτοῦ
1778 3604 1913 3657 ὑπο-

326 3687 685 3759 ϐαλλομένων
720 3688 819 3761 τὴν
860 3692 1176 3762 ἀνατροπὴν
1214 3691 1565 3764 ποιήσασθαι.
1599 3693 1775 3765 Πολλὴ
1806 3693 1915 3766 γάρ

325 3781 363 3850 ἡ
400 3778 845 3852 τούτουῦστερον
874 3782 1141 3856 γενομένη
1190 3784 1410 3847 ἀτοπία,
1441 3784 1538 3859 καὶ.
1569 3785 1914 3856 ἐπιτήδευσις

326 3873 863 3944 παραπεποιημένης
906 3875 1146 3941 ἑννοίας,
1191 3876 1292 3929 καὶ
1344 3875 1452 3941 ἔξω
1502 3876 1769 3949 βεϐηκυῖα
1813 3879 1914 3950 τῆς

325 3960 608 4033 ἀληθείας.
643 3963 828 4030 Ἔδοξε
867 3967 976 4037 γὰρ
1005 3966 1150 4021 κατὰ
1188 3967 1457 4038 αἱρέσεων
1506 3968 1697 4022 πασῶν
1735 3969 1914 4039 λέγειν

324 4055 440 4107 τῶν
471 4055 578 4126 πρὸ
606 4055 792 4120 αὐτοῦ,
828 4058 925 4110 καὶ
976 4056 1305 4129 ἀνατρέπειν
1355 4060 1627 4131 ἑκάστηνο
1688 4057 1916 4132 ὕστερον

324 4146 386 4199 δὲ
419 4148 515 4199 καὶ
551 4146 1023 4219 αὐτὸςαῖρεσινού
1050 4149 1148 4221 τὴν
1175 4148 1447 4220 τυχοῦσαν
1467 4150 1673 4223 ταύτην
1703 4151 1784 4223 τῷ
1814 4152 1916 4223 βίῳ

325 4238 585 4310 ιξήμεσε.
619 4241 729 4295 Καὶ
758 4239 973 4312 πρῶτον
1011 4240 1111 4313 μὲν
1138 4236 1231 4296 οὖν
1266 4242 1337 4296 τὰ
1367 4244 1459 4297 ὑπ’
1483 4243 1649 4298 αὐτοῦ
1684 4245 1918 4316 ρηθέντα

324 4332 410 4393 εἰς
431 4328 656 4401 ἔλεγχον
680 4330 781 4402 τῆς
812 4330 980 4387 αὐτοῦ
1013 4333 1548 4406 παραπεποιημένης
1576 4335 1913 4390 ὲπιπλάστου

2092 3414 2158 3470 ν.
2199 3415 2316 3472 Hoc
2362 3433 2491 3473 vero
2525 3418 2665 3483 loco,
2687 3432 2797 3488 quo
2842 3415 3109 3497 adversus
3158 3414 3303 3468 hanc
3346 3413 3596 3469 haeresim

2016 3511 2291 3582 pimclpue
2340 3511 2706 3581 disputamus,
2753 3509 3074 3566 temerarias
3120 3507 3268 3562 illius
3313 3507 3599 3577 Opiniones

2016 3616 2089 3656 ae-
2107 3601 2366 3673 dogmata
2408 3611 2657 3673 repetere
2678 3616 2788 3657 non
2821 3600 3192 3672 gravabimur,
3223 3607 3277 3655 et
3307 3599 3377 3655 ab
3404 3599 3596 3656 eodem

2016 3689 2137 3759 ipso
2158 3692 2519 3746 conﬁctarum
2560 3692 2630 3747 ab
2663 3706 2728 3748 eo
2758 3691 3061 3747 fabularum
3094 3690 3473 3746 refutationem
3511 3702 3600 3744 ar-

2006 3797 2252 3838 cessere.
2294 3782 2545 3854 Longius
2568 3784 2770 3854 quippe
2825 3783 3086 3852 deinceps
3133 3781 3371 3838 hominis
3400 3781 3598 3835 absur-
3710 3850 3725 3861 κ

2013 3874 2175 3941 ditas,
2206 3888 2607 3945 pravarumque
2639 3873 2960 3944 opinionum
3005 3883 3059 3928 et
3104 3889 3135 3927 a
3167 3872 3395 3927 veritate
3419 3886 3597 3927 remo-

2012 3963 2354 4020 tissimarum
2386 3964 2666 4019 aliectatio
2711 3977 3006 4034 progressa
3059 3971 3164 4018 est.
3204 3961 3310 4028 Qui
3349 3966 3473 4016 cum
3502 3961 3598 4016 ad-

2012 4069 2205 4110 versus
2258 4056 2597 4125 superiores.
2631 4069 2821 4112 omnes
2874 4053 3121 4111 haereses.
3163 4052 3494 4122 disputasse,
3531 4067 3598 4107 ac

2015 4145 2264 4215 singulas
2302 4147 2575 4201 evertisse
2616 4146 2786 4202 visus
2805 4144 2898 4211 sit,
2930 4153 3120 4215 postea
3151 4150 3335 4198 tamen
3359 4157 3514 4198 suam
3543 4154 3597 4199 et

2016 4237 2133 4308 ipse
2165 4238 2439 4303 haeresim,
2470 4246 2525 4294 et
2553 4238 2774 4309 quidem
2821 4236 2988 4300 haud,
3008 4236 3289 4308 vulgarem
3321 4237 3376 4291 in
3406 4237 3595 4290 orbem

2015 4334 2284 4384 terrarum
2334 4330 2617 4385 evomuit-
2653 4328 2809 4383 Libet
2859 4342 3035 4392 vero,‘
3066 4329 3133 4383 ad
3164 4327 3595 4383 commentitiam

322 4420 538 4483 ἐννοίας
560 4420 988 4492 παραθήσομαν
1018 4421 1219 4477 ἔπειτα.
1242 4422 1301 4477 δὲ
1333 4424 1428 4477 καὶ
1452 4425 1521 4478 τά
1547 4425 1715 4479 αὐτοῦ
1742 4426 1911 4497 ρηθη-
1940 4444 1985 4498 ι)
2013 4417 2162 4473 illius
2209 4418 2523 4489 ορὶηίοιιοπι
2563 4419 3019 4484 εαηνίηοθιιάἓων
3061 4433 3184 4490 (illa
3236 4419 3306 4474 ab
3350 4434 3418 4475 α)
3446 4419 3594 4475 diem

322 4508 536 4580 σόμενα
581 4512 680 4582 τῆς
716 4510 875 4582 ἡμῶν
920 4511 1273 4583 μετριότητος
1314 4512 1595 4580 ὑποδείξω.
1639 4518 1750 4570 Καὶ
1788 4516 1906 4571 ἐστι

320 4600 479 4665 τάδε,
507 4601 716 4673 ὅσαπερ
757 4603 817 4656 ὲν
857 4600 937 4672 τῷ
968 4601 1173 4675 πρώτῳ
1216 4603 1418 4675 ψαλμῷ
1459 4608 1793 4678 εἰσηγήσατο
1827 4607 1913 4679 τῷ»

321 4691 455 4766 βίῳ.
520 4694 608 4747 Ἐν
643 4693 794 4767 πάσῃ
839 4694 950 4769 γὰρ
990 4694 1187 4767 Γραφῇ
1238 4697 1327 4751 ἀεὶ
1370 4697 1720 4764 δλισθαίνων,
1768 4700 1916 4755 κατά

319 4783 476 4849 λέξιν
507 4786 565 4838 ἐν
586 4787 700 4848 τοῖς
722 4786 1043 4855 ἀναγκαίοις
1065 4787 1394 4858 παρέπεσεν.
1423 4789 1639 4861 Ἐπειδὴ
1661 4790 1720 4843 δὲ
1746 4791 1909 4859 ὄγκος

321 4876 500 4941 πολύς
537 4879 687 4930 ἐστι·
739 4877 958 4946 λέγεται
996 4878 1108 4949 γὰρ
1150 4879 1365 4951 πολλὴν.
1387 4883 1744 4953 πεποιηκέναι
1780 4882 1877 4936 σύν

317 4964 501 5033 τάξιν.
539 4966 634 5030 Ei;
667 4965 905 5036 ἑκάστην
936 4967 1046 5036 γάρ
1080 4967 1322 5039 Γραφὴν,
1359 4969 1435 5032 ὡς
1474 4970 1632 5042 ἔφην,
1667 4973 1728 5024 οὐ
1769 4989 1910 5043 παρ-

317 5058 568 5132 ῃςτήσατο
616 5059 791 5111 εἰπεῖν
820 5057 857 5112 ἃ
885 5058 1032 5130 αὐτῷ
1063 5058 1229 5123 ἔδοξε.
1262 5060 1372 5113 Καὶ
1396 5060 1497 5113 ὅσα
1529 5063 1628 5133 μὲν
1649 5064 1709 5116 ὲν
1743 5080 1910 5136 προσ-

315 5148 588 5220 ομιλίαις,
614 5150 709 5204 καὶ
743 5148 831 5203 διὰ
865 5148 974 5203 τῶν
1003 5148 1326 5222 προοιμίων,
1358 5152 1439 5214 είς
1463 5150 1569 5224 ἢθη
1597 5170 1657 5207 τε
1693 5155 1789 5211 καὶ
1824 5158 1906 5221 είς

320 5235 519 5308 φύσεις
543 5235 698 5304 ζώων
738 5255 798 5291 τε
861 5238 956 5306 καὶ
984 5237 1094 5293 τῶν
1133 5238 1309 5294 ἄλλων
1345 5238 1582 5311 εἴρηται,
1611 5241 1773 5312 μέσος
1812 5261 1904 5312 φε-

320 5328 557 5402 ρόμενος
606 5326 866 5392 πολλάκις
911 5328 1168 5401 χαρίεντα
1214 5329 1544 5400 διηγήσατοο
1577 5331 1678 5384 ὅσα
1717 5332 1775 5385 δὲ
1823 5335 1906 5397 εἰς

318 5419 572 5491 δόγματα
603 5420 945 5492 ἐδογμάτισε,
979 5422 1075 5475 καὶ
1102 5422 1231 5494 περὶ
1256 5422 1511 5489 πίστεως,
1534 5424 1628 5478 καὶ
1662 5426 1906 5495 μείζονος

320 5511 584 5582 θεωρίας,
616 5510 728 5565 τῶν
760 5512 977 5568 πάντων
1003 5512 1328 5567 ἀτοπώτατα
1351 5513 1461 5570 τῶν
1482 5515 1590 5586 πρὸ
1613 5516 1781 5572 αὐτοῦ
1810 5519 1904 5573 καὶ

402 5689 421 5723 ¹
454 5687 600 5748 I'sal.
627 5702 822 5757 cxvm,
847 5688 936 5745 67.
1011 5686 1197 5745 ’Psal.
1233 5704 1379 5758 extr,
1420 5689 1469 5771 7.
1549 5691 1568 5724 ³
1593 5689 1730 5747 Gen.
1768 5703 1854 5760 ιη,
1880 5691 1975 5750 21.

2014 4519 2143 4566 sunt
2168 4514 2345 4582 primo
2378 4512 2800 4583 Iocosubjicere
2826 4512 3067 4578 ,-deinde
3087 4526 3208 4583 qure
3236 4512 3307 4568 ab
3331 4514 3596 4569 tenuitate

2013 4612 2204 4659 nostra
2238 4605 2507 4661 adversus
2540 4606 2707 4660 illum‘
2734 4603 2971 4661 dicenda
3004 4603 3229 4670 fuerint,
3275 4602 3490 4661 aﬂerre.
3519 4605 3595 4659 Ea

2015 4709 2148 4750 vero
2174 4684 2324 4760 sunt,
2354 4710 2481 4767 qua:
2518 4696 2585 4750 ad
2637 4696 2872 4769 primum
2914 4696 3186 4767 psalmum
3245 4695 3311 4753 in
3357 4696 3594 4753 medium

2017 4785 2263 4842 adduxit.
2326 4786 2460 4843 Nam
2519 4804 2644 4844 cum
2705 4788 2763 4845 in
2814 4789 2967 4845 omni
2998 4788 3285 4860 Scriptura
3334 4799 3596 4859 perpetuo

2017 4876 2184 4949 529
2215 4879 2288 4934 sit
2307 4879 2517 4951 lapsus,
2548 4881 2603 4935 in
2633 4881 2940 4953 praecipuis.
2972 4895 3037 4936 ac
3064 4864 3392 4937 necessariis
3420 4880 3594 4949 potis-

2018 4970 2248 5026 simum:
2281 4973 2515 5043 singulis
2563 4989 2701 5044 pene
2739 4975 3074 5031 dictionibus
3116 4975 3353 5030 aberrat.
3392 4971 3592 5029 Verum

2016 5061 2153 5117 illud
2184 5078 2251 5117 eo
2273 5063 2525 5130 facimus,
2555 5064 2702 5136 quod
2745 5066 3075 5135 scriptorum
3121 5060 3340 5121 illorum
3397 5065 3594 5133 ingens
3694 5112 3698 5115 .

2013 5154 2263 5223 quendam
2296 5156 2470 5212 moles
2495 5167 2601 5214 est.
2634 5157 2769 5212 Nam
2802 5158 3015 5214 inﬁnita
3046 5159 3337 5230 scripsisse
3367 5158 3591 5224 dicitur,

2011 5260 2136 5300 cum
2184 5245 2253 5300 ad
2285 5247 2535 5319 singulos
2581 5247 2879 5320 Scriptura:
2905 5250 3096 5314 libros,
3143 5265 3265 5322 qua:
3316 5250 3421 5306 sibi
3451 5251 3592 5307 vide-

2013 5345 2210 5393 rentur
2256 5338 2476 5396 eﬂutire
2530 5356 2643 5397 non
2687 5343 3038 5401 dubitaverit.
3070 5345 3338 5400 Caeterum
3373 5360 3497 5415 quae
3535 5347 3591 5401 in
3674 5406 3683 5423 κ

2013 5430 2362 5486 sermonibus
2416 5431 2482 5486 ad
2539 5433 2817 5504 populum,
2857 5435 3080 5501 habitis,
3110 5451 3173 5491 ac
3203 5438 3486 5507 prooemiis
3523 5437 3593 5493 de

2014 5522 2282 5591 moribus,
2316 5533 2370 5582 et
2401 5526 2719 5583 animalium
2746 5536 2965 5596 natura,
2993 5529 3314 5601 cactcrisque
3343 5530 3397 5586 id
3419 5545 3591 5603 genus
