4046 6464
548 294 679 351 i079
1974 290 2031 346 S.
2065 290 2140 346 ΕΡ

2238 290 2381 348 iANi
2564 332 2575 337 -
3564 336 3571 343 .
3650 270 3783 345 'tcso

540 407 824 476 disseruit,
856 409 1033 467 media
1062 409 1298 482 quadam
1331 409 1596 465 insistens
1651 409 1738 469 via
1784 408 1921 465 scite
1972 419 2135 480 atque

2241 409 2363 487 μετ’
2393 407 2560 464 αὒτδν
2595 408 2928 481 εὑρίσκεται,
2963 405 3103 479 πλὴν
3137 406 3248 461 τῶν
3281 406 3341 462 ἐν
3375 392 3499 470 ταῖς
3525 403 3785 476 αἱρέσεσιν

540 498 819 567 eleganter
838 499 1160 571 plerumque
1188 499 1503 570 disputavit.
1530 498 1661 569 Quae
1684 514 1812 556 vero
1826 498 1893 556 de
1908 498 2124 572 dogma-

2238 501 2650 574 ιίσχρουργιῶν.

541 588 688 645 tibus
745 590 1109 656 elucubravit,
1163 590 1339 661 deque
1374 589 1500 656 iide,
1549 605 1613 646 ac
1642 592 1872 663 reliquis
1924 576 2119 663 majori
2154 594 2621 665 contemplatione
2663 591 2867 664 dignis,
2899 592 3060 664 longe
3092 590 3306 646 caeteris
3341 603 3533 646 eorum
3567 588 3788 644 omnium

541 685 808 747 decretis,
870 686 965 755 qui
1029 692 1124 740 aut
1177 694 1616 753 antecesserunt,
1668 694 1763 741 aut
1811 694 1934 760 post
1980 687 2135 743 illum
2195 689 2548 757 exstiterunt,
2600 687 2870 760 ineptiora
2933 693 2989 743 et
3046 684 3369 763 absurdiora
3423 683 3707 745 videntur,
3749 684 3790 737 si

539 775 808 832 duntaxat
853 777 1085 832 aliarum
1127 776 1407 833 baereseon
1461 776 1664 848 ﬂagitia
1721 793 1785 834 ac
1836 777 2112 837 fmditates
2147 779 2409 851 excipias.
3260 798 3263 799 '

610 871 690 926 Ac
717 868 936 926 videtur
981 884 1116 935 sane
1157 877 1211 925 et
1245 877 1557 925 ascetarum
1592 871 1739 933 idem
1782 873 1875 929 ille
1914 873 2135 930 institu-

2319 872 2505 940 Ἔδοξε
2540 872 2650 953 γὰρ
2692 871 2787 927 καὶ
2832 868 3092 941 ἀσκητῶν
3144 866 3259 939 βίον
3290 866 3683 939 ἔπανῃρῆσθαι,
3727 867 3790 933 ὡς

542 971 662 1019 tum
705 964 1013 1035 amplexus,
1044 962 1509 1034 quemadmodum
1543 972 1707 1021 antea
1747 964 1931 1021 docui.
1968 963 2049 1021 0b
2081 966 2134 1022 id

2244 964 2341 1018 καὶ
2373 963 2485 1019 ἄνω
2549 979 2640 1033 μοι
2690 959 3110 1033 προδεδήλωται.
3168 959 3261 1013 Διὸ
3314 959 3407 1012 καὶ
3444 957 3539 1011 τὸν
3588 956 3790 1029 θώρακα

543 1055 893 1120 stomachum
936 1054 1085 1113 illius
1119 1054 1303 1119 ferunt
1333 1063 1556 1135 propter
1587 1055 1919 1126 exquisitam
1946 1070 2140 1127 quam-

2241 1054 2409 1111 αὑτοῦ
2448 1054 2581 1125 φασί
2608 1070 2753 1118 τινες
2783 1051 2892 1108 ἀπδ
2924 1050 3232 1123 ὗπερδολῆς
3267 1049 3562 1114 πολιτείας,
3602 1050 3791 1114 ἀσιτίας

545 1148 672 1203 dam
710 1148 839 1204 vitae
868 1149 1161 1212 rationem,
1195 1155 1251 1203 et
1275 1146 1538 1214 inediam,
1569 1155 1735 1220 atque
1778 1148 1848 1204 ab
1874 1148 2136 1204 animatis

2239 1163 2300 1201 τε
2344 1146 2438 1200 καὶ
2472 1146 2687 1217 ἀποχῆς
2715 1144 2997 1217 ἐμψύχων,
3031 1142 3396 1198 πεπτωκέναι.
3441 1141 3583 1215 Φέρε
3620 1141 3681 1215 δὴ
3714 1137 3790 1196 οὖν

546 1240 808 1296 omnibus
848 1239 1271 1310 temperantiam
1310 1239 1645 1297 concidisse.
1698 1238 1805 1296 Sed
1830 1240 1944 1310 jam
1979 1240 2129 1296 illius

2239 1238 2412 1302 αὐτὰς
2436 1238 2537 1303 τὰς
2562 1235 2729 1291 αὐτοῦ
2760 1237 2935 1304 λέξεις
2968 1234 3395 1309 παραθηώμεθα
3440 1236 3506 1288 έκ
3536 1232 3631 1287 τοῦ
3648 1233 3790 1305 ,πρώ-

545 1332 716 1387 verba
761 1330 1112 1409 proferamus
1166 1347 1236 1394 ex
1296 1332 1418 1401 ejus
1464 1331 1531 1387 ad
1577 1333 1815 1407 priorem
1859 1331 2128 1403 psalmum

2238 1348 2325 1385 του
2362 1330 2611 1403 ψαλμοῦ,
2653 1331 2748 1385 καὶ
2803 1329 2911 1383 τῶν
2958 1330 3017 1382 έν
3074 1327 3226 1398 αὐτῷ
3263 1324 3540 1397 θεωριῶν,
3593 1324 3691 1378 καὶ
3727 1315 3791 1379 ὧν

506 1422 960 1484 ,commentariis
991 1420 1339 1501 deprompta,
1380 1430 1435 1477 et
1478 1437 1547 1480 ex
1591 1421 2130 1479 considerationibus

2238 1422 2587 1501 ἐδογμάτισεν
2614 1421 2799 1491 αὐτοῖς
2824 1423 2936 1485 τοῖς
2963 1419 3142 1488 λόγοις
3161 1435 3175 1448 ·
3208 1418 3295 1473 ἴνα
3325 1417 3399 1489 μή
3428 1432 3579 1480 τινες
3618 1415 3792 1468 εἴπωσι

547 1514 616 1569 ad
665 1512 918 1572 eumdem
976 1512 1164 1578 editis,
1217 1513 1645 1586 dogmatumque
1688 1512 2128 1577 tractationibus.

546 1601 775 1659 totidem
802 1604 1003 1675 quibus
1036 1603 1260 1675 scripsit
1302 1602 1393 1658 ille
1430 1604 1637 1669 verbis,
1669 1619 1739 1659 ne
1769 1604 1895 1674 quis
1934 1620 2037 1660 nos
2067 1604 2133 1659 il-

2231 1513 2302 1568 τὰ
2333 1514 2452 1568 κατ’
2485 1513 2651 1568 αὐτοῦ
2686 1513 2778 1583 ὑφ’
2809 1511 2965 1585 ήμῶν
2994 1510 3262 1581 λεγόμενα
3288 1507 3790 1578 σεσυκοφαντῆσθαι.

2233 1604 2345 1659 Kal
2395 1603 2494 1676 οὐχ
2529 1604 2613 1659 δτι
2657 1602 2877 1667 πάντως
2924 1602 3085 1674 μόνον
3129 1602 3189 1654 έν
3242 1598 3320 1671 τῷ
3362 1598 3570 1672 πρώτῳ
3614 1598 3794 1670 ψαλμῷ

547 1693 661 1749 lius
691 1694 856 1751 dictis
901 1695 1236 1751 calumniam
1265 1694 1463 1751 fecisse
1496 1695 1665 1751 dicat.
1710 1696 1890 1767 Atque
1920 1711 1987 1752 ex
2026 1695 2131 1752 hoc

2238 1695 2458 1763 ἐξέπεσε
2489 1696 2590 1767 τῆς
2620 1694 2900 1765 ἀληθείας,
2936 1693 3014 1759 ὡς
3043 1691 3305 1756 πολλάκις
3337 1686 3517 1758 εἷπον,
3556 1689 3687 1743 ἀλλὰ
3713 1692 3793 1745 καὶ

549 1786 895 1865 potissimum
920 1787 1043 1845 loco
1072 1789 1378 1845 transferre
1410 1788 1721 1856 voluimus;
1752 1804 1863 1844 non
1896 1786 2045 1859 quod
2072 1788 2129 1843 in

549 1877 637 1941 his
664 1877 932 1943 duntaxat
966 1878 1033 1934 ad
1073 1880 1313 1952 priorem
1346 1881 1617 1958 psalmum
1654 1880 2067 1937 commentariis
2096 1894 2128 1934 a

550 1969 779 2028 veritate
814 1969 1096 2036 ceciderit,
1148 1978 1208 2025 ut
1240 1985 1484 2042 persaepe
1528 1978 1762 2028 testatus
1802 1986 1957 2038 sum;
2002 1985 2128 2026 nam

548 2059 605 2113 in
651 2058 907 2123 omnibus
935 2060 1098 2137 plane
1147 2061 1465 2126 aberravit;
1514 2060 1612 2117 sed
1643 2060 1791 2132 quod
1838 2062 2128 2118 innumera

548 2153 660 2208 sint
696 2153 765 2211 ab
797 2170 865 2211 eo
904 2154 1239 2212 monimenta
1271 2156 1485 2222 relicta,
1518 2157 1799 2213 nonnullis
1831 2172 1899 2215 ex
1944 2171 2011 2213 eo
2036 2157 2131 2211 illo

548 2248 760 2327 psalmo
809 2249 1081 2317 collectis,
1134 2266 1204 2306 ex
1258 2265 1366 2306 una
1408 2258 1503 2306 aut
1564 2251 1758 2316 altera,
1815 2252 1898 2308 vel
1949 2250 2129 2307 tribus

545 2342 698 2397 certe
729 2338 956 2401 vocibus
997 2353 1219 2395 omnem
1254 2339 1403 2397 illius
1433 2342 1487 2404 in
1538 2340 1647 2406 bis,
1687 2355 1809 2412 qua:
1852 2340 1922 2397 ad
1970 2340 2128 2397 iidem

547 2424 846 2493 pertinent,
889 2427 1295 2498 improbitatem
1328 2431 1638 2506 aperiemus
1666 2447 1682 2485 :
1714 2444 1779 2486 ac
1811 2431 2132 2486 necessario

544 2514 738 2571 eadem
770 2517 973 2588 quibus
1017 2518 1109 2574 ille
1160 2534 1294 2576 usus
1334 2528 1419 2576 est
1460 2521 1625 2579 verba
1666 2519 1990 2578 referemus.
2034 2519 2132 2576 Est

547 2605 718 2676 igitur
749 2607 1191 2681 uniuscujusque
1228 2610 1488 2667 dictionis
1518 2612 1668 2667 velut
1702 2611 1880 2669 solum
1908 2627 1974 2667 ac
2005 2610 2131 2667 fun-

548 2696 868 2757 damentum
907 2698 1247 2769 hujusmodi,
1284 2709 1346 2756 ut
1394 2701 1561 2767 illud,
1613 2702 1860 2760 studiose
1890 2702 2130 2769 auditor,

550 2788 848 2861 intelligas,
881 2790 1332 2851 manifestissime
1354 2791 1552 2849 Filium
1584 2792 1678 2850 Dei
1717 2802 2027 2851 creaturam
2061 2796 2131 2854 ab

2231 1786 2291 1839 ὲν
2339 1784 2547 1859 ἑκάστῃ
2587 1784 2871 1857 ἐξηγήσει.
2919 1783 3019 1838 Διὰ
3071 1782 3129 1835 δὲ
3162 1782 3255 1836 τὸν
3295 1783 3460 1851 δγκον
3507 1779 3609 1850 τῆς
3648 1779 3792 1834 αὐτοῦ

2231 1876 2620 1948 πραγματείας
2674 1876 2785 1931 ἀπὸ
2825 1874 2920 1930 τοῦ
2973 1872 3371 1947 προειρημένου
3415 1869 3635 1942 ψαλμοῦ
3685 1869 3792 1923 συλ-

2231 1969 2487 2037 λέξαντες
2538 1968 2794 2034 ἐνταῦθα,
2833 1968 2943 2024 ἀπὺ
2990 1969 3094 2039 τῆς
3144 1967 3296 2038 μιᾶς,
3322 1965 3357 2036 ἢ
3406 1963 3526 2029 δύο,
3571 1965 3605 2036 ἧ
3648 1962 3791 2035 τριῶν

2216 2059 2449 2126 λέξεων,
2499 2062 2561 2117 τὸ
2589 2064 2698 2120 πᾶν
2744 2060 2806 2115 τὸ
2855 2061 2986 2133 περὶ
3009 2059 3107 2133 τὴν
3139 2058 3322 2119 πίστιν
3361 2057 3466 2130 τῆς
3516 2055 3792 2128 μοχθηρίας

2230 2152 2397 2206 αὐτοῦ
2449 2150 2911 2222 ἀποκαλύψωμεν.
2952 2149 3066 2204 Καὶ
3110 2148 3305 2204 ταυτόν
3336 2164 3395 2202 τε
3438 2148 3619 2201 εἰπεῖν
3641 2147 3792 2213 ἀναγ-

2232 2244 2404 2310 καίως
2455 2242 2923 2316 ἐπιμελησόμεθα.
2997 2242 3109 2297 Καὶ
3158 2240 3307 2295 ἐστιν
3360 2238 3530 2302 εὐθὺς
3581 2235 3793 2307 ἑκάστης

2234 2339 2432 2405 λέξεως
2462 2339 2523 2395 τὸ
2565 2339 2781 2408 ἐδάφων
2821 2336 3016 2401 οὕτως,
3046 2337 3196 2400 ὅπως
3226 2332 3428 2406 γνῷης,
3470 2326 3520 2387 ὦ
3564 2329 3793 2402 φιλόκαλε

2235 2431 2503 2504 ἀκροατὰ,
2533 2432 2616 2485 ὅτι
2643 2430 3002 2502 φανερώτατα
3023 2427 3116 2481 τὸν
3149 2427 3278 2480 Υἱὸν
3313 2423 3409 2479 τοῦ
3435 2421 3575 2478 Θεοῦ
3618 2419 3793 2490 κτίσμα

2236 2523 2582 2594 ἐδογμάτισε.
2630 2522 2741 2583 Kal
2789 2521 2899 2577 ἀπὸ
2952 2520 3050 2592 τῆς
3103 2518 3233 2590 περὶ
3288 2514 3382 2571 τοῦ
3434 2514 3570 2572 Υἱοῦ
3620 2512 3793 2583 τόλμης

2236 2615 2441 2688 γνῴης,
2470 2616 2552 2670 ὅτι
2593 2617 2688 2671 καὶ
2715 2615 2776 2670 τδ
2807 2613 3033 2686 Πνεῦμα
3073 2611 3134 2667 τὸ
3167 2611 3319 2681 ἄτιον
3346 2608 3569 2663 κτιστδν
3597 2604 3792 2676 alarm;-

2239 2723 2390 2761 σατο.
2435 2708 2557 2761 Ἀπ’
2602 2708 2777 2779 ἀρχῆς
2808 2701 2900 2767 οῦν
2941 2704 3287 2774 ἀναλέξωμεν
3322 2694 3679 2772 τδνψαλμδν,
3709 2696 3792 2760 ἕως

2236 2798 2413 2869 αὐτῆς
2443 2799 2540 2871 τῆς
2572 2798 2792 2863 λέξεως,
2821 2796 2899 2861 ὡς
2928 2796 3089 2859 αὐτὸς
3129 2791 3407 2875 Ὠριγένης
3437 2790 3569 2861 ἔφη.

552 2881 647 2943 illo
706 2884 1030 2963 pmdicari;
1072 2895 1127 2943 et
1165 2903 1232 2943 ex
1279 2889 1373 2944 illa
1430 2890 1485 2945 in
1523 2888 1722 2945 Filium
1760 2891 2066 2955 temeritate
2141 2907 2445 2965 cognoscas
2489 2895 2654 2949 etiam
2698 2891 2965 2963 Spiritum
3012 2896 3266 2949 sanctum
3304 2891 3556 2942 creatum
3615 2879 3679 2936 ab
3718 2890 3793 2932 co-

550 2976 675 3035 dem
698 2981 940 3043 censeri.
975 2981 1244 3059 Quocirca
1311 2985 1581 3067 psalmum
1635 2987 1791 3044 illum
1828 2987 1901 3051 ab
1960 2987 2121 3054 initio
2179 2996 2535 3064 repetemus,
2598 2987 2941 3059 totidemque
3006 2984 3228 3049 verbis,
3293 2980 3502 3054 quibus
3565 2975 3793 3032 Oriaencs

550 3071 795 3144 scripsit.

553 3187 641 3247 Ex
694 3188 940 3261 Origenis
993 3192 1388 3247 commentariis
1438 3193 1509 3246 ad
1563 3194 1828 3263 psalmum
1879 3195 2130 3265 primum.
2160 3204 2207 3267 ο

622 3300 718 3358 Vl.
756 3302 987 3360 Clausus
1031 3303 1467 3376 obsignatasque
1517 3303 1838 3378 Scripturas
1883 3322 2007 3364 esse
2053 3323 2143 3364 sa—

550 3410 683 3452 cras
711 3395 900 3451 divina
926 3403 1199 3452 testantur
1226 3399 1485 3463 oracula;
1521 3397 1686 3468 idque
1714 3397 1937 3454 Davidis
1965 3400 2141 3464 clave,

553 3500 621 3541 ao
649 3484 879 3541 forsitan
909 3491 966 3540 et
995 3485 1197 3557 sigillo,
1230 3484 1298 3541 de
1325 3501 1436 3557 quo
1467 3487 1734 3558 scriptum
1769 3496 1853 3543 est
1885 3505 1899 3542 :
1934 3485 2143 3557 Figura

556 3578 726 3649 sigilli
755 3577 1017 3632 sanctitas
1054 3578 1282 3631 Domino
1309 3579 1349 3630 ί.
1380 3576 1536 3644 Quod
1567 3577 1636 3632 de
1665 3579 1869 3633 virtute
1903 3578 2017 3643 Dei,
2047 3579 2141 3650 qui

554 3666 873 3737 ealargitus
915 3675 1023 3734 est,
1071 3666 1301 3737 intelligi
1352 3667 1539 3731 debet,
1575 3684 1698 3738 qua:
1744 3668 2001 3725 videlicet
2045 3685 2144 3746 per

556 3759 795 3828 sigillum
842 3757 1222 3814 adumbratur.
1259 3758 1422 3830 530
1451 3761 1666 3815 htemm
1705 3760 1925 3815 clausas
1978 3769 2143 3830 atque

554 3849 877 3918 obsignatas
917 3861 1044 3903 esse
1074 3846 1393 3918 Scripturas
1422 3864 1666 3906 soannes
1714 3851 1771 3904 in
1811 3849 2141 3921 Apocalypsi

555 3938 801 3994 declarat
832 3938 917 3996 liis
945 3937 1126 3993 verbis
1146 3955 1163 3991 :-
1185 3936 1254 3991 Et
1283 3937 1469 4009 angelo
1501 3936 1777 4004 Ecclesia,
1803 3954 1921 4009 qua:
1954 3937 2143 3992 Phila-

553 4026 782 4097 delphia
810 4035 910 4093 est,
951 4027 1122 4082 scribe
1151 4044 1169 4082 :
1200 4026 1329 4083 Hm
1354 4028 1484 4083 dicit
1523 4027 1776 4095 Sanctus,
1822 4028 2007 4093 Verus,
2052 4030 2143 4100 qui

555 4117 712 4172 liabet
734 4117 935 4173 clauem
964 4116 1179 4184 Dauid;
1204 4119 1296 4191 qui
1329 4119 1522 4188 aperit,
1548 4128 1600 4174 et
1629 4135 1779 4178 nemo
1809 4119 2061 4183 claudet;
2092 4128 2143 4172 et

555 4208 780 4273 claudit,
809 4218 861 4266 et
901 4226 1051 4266 nemo
1079 4212 1298 4280 aperiet.
1335 4210 1474 4267 Novi
1509 4227 1669 4281 opera
1700 4220 1831 4276 tua;
1863 4212 2019 4281 posui
2058 4209 2161 4280 [0--

556 4317 641 4358 res
682 4316 865 4359 coram
905 4311 954 4356 te
983 4312 1220 4372 apertas,
1264 4317 1396 4371 quas
1431 4318 1582 4356 nemo
1613 4301 1862 4363 claudere
1905 4310 2077 4372 potest
2096 4302 2138 4353 ν.

558 4391 765 4451 Deinde
788 4394 955 4464 paulo
984 4400 1109 4464 post
1137 4411 1152 4448 :
1189 4393 1257 4447 Et
1281 4394 1388 4449 vidi
1414 4394 1483 4448 ad
1510 4395 1784 4449 dexteram
1816 4392 2045 4448 sedentis
2088 4392 2142 4448 in

2452 3191 2579 3248 Τῶν
2621 3189 2956 3262 Ὠριγένους
2985 3190 3073 3255 είς
3105 3184 3214 3241 τὸν
3253 3184 3609 3253 αἐψαλμόν.

2314 3307 2404 3375 ς’.
2448 3302 2775 3358 Κεκλεῖσθαι
2821 3301 2916 3355 καὶ
2962 3297 3328 3373 έσφραγίσθαι
3371 3296 3477 3360 τὰς
3503 3295 3651 3358 θείας
3680 3292 3793 3363 Γρα-

2243 3397 2351 3465 φὰς
2379 3398 2429 3451 oi
2457 3394 2592 3467 θεῖοί
2631 3410 2766 3464 φασι
2806 3393 2955 3463 λόγοι
3000 3394 3069 3463 τῇ
3113 3389 3285 3445 κλειδὶ
3319 3387 3414 3443 τοῦ
3449 3385 3635 3447 dum.
3678 3383 3793 3454 τάχα

2240 3489 2300 3542 δὲ
2342 3487 2437 3542 καὶ
2478 3485 2756 3558 σφραγῖδι,
2792 3483 2920 3554 περὶ
2966 3478 3036 3554 ἦς
3070 3481 3285 3551 εῐρηται
3332 3476 3397 3532 τό
3416 3517 3432 3542 ,
3479 3476 3793 3543 Ἐκτύπωμα

2240 3576 2573 3649 σφραγῖδος
2609 3576 2879 3647 ἀγίασμα
2930 3571 3128 3640 Κυρίῳ
3147 3589 3161 3602 ·
3207 3568 3459 3623 τουτέστι
3488 3569 3557 3639 τῇ
3601 3565 3793 3634 δυνάμει

2240 3671 2336 3725 τοῦ
2392 3668 2687 3732 δεδωκότος
2717 3666 2889 3730 αὑτὰς
2919 3663 3078 3729 Θεοῦ,
3120 3665 3188 3734 τῇ
3235 3660 3343 3715 ὑπὸ
3381 3658 3490 3731 τῆς
3536 3655 3793 3730 σφραγῖδος

2240 3761 2565 3834 δηλουμένη.
2608 3758 2744 3830 Περὶ
2774 3757 2874 3828 μὲν
2905 3750 2998 3814 οὖν
3035 3754 3129 3808 τοῦ
3158 3751 3470 3806 κεκλεῖσθαι
3507 3750 3600 3805 καὶ
3622 3750 3792 3818 ἐσφρα-

2241 3853 2429 3921 γίσθαι
2479 3853 2508 3904 ὁ
2550 3848 2819 3919 ’Ἰωάννης
2861 3846 3201 3903 ἀναδιδάσκει
3253 3844 3314 3897 έν
3352 3846 3420 3914 τῇ
3462 3839 3793 3907 ’Δποκαλὺψει

2241 3945 2449 4013 λέγων’·
2489 3941 2603 3997 Kal
2634 3939 2715 4005 τῷ
2743 3940 2978 4011 ἀγγέλῳ
3013 3937 3123 4006 τῆς
3149 3936 3219 3993 ἐν
3247 3933 3650 4003 Φιλαδελφείςι
3686 3932 3793 3984 Ἐκ-

2243 4033 2508 4103 κλησιας
2543 4029 2808 4101 γράψον·
2849 4028 2996 4084 Τάδε
3030 4027 3193 4097 λέγει
3230 4029 3264 4083 d
3291 4026 3495 4095 Ἀτιος
3530 4028 3564 4078 ὁ
3601 4025 3793 4089 Ἀληθε-

2241 4125 2371 4191 νὸς,
2410 4128 2443 4183 ὁ
2479 4124 2639 4195 ἔχων
2683 4121 2801 4191 τὴν
2839 4122 3013 4180 κλεῖν
3063 4119 3178 4184 τοῦ,
3206 4116 3419 4178 Audio”
3460 4119 3498 4172 ὀ
3550 4114 3795 4183 ἀνοίγων,

2208 4217 2342 4273 ,καί
2397 4214 2598 4281 οὐδεὶς
2659 4214 2926 4278 κλείσει,
2992 4212 3094 4266 καί
3160 4210 3406 4274 κλείων,
3458 4207 3565 4262 καὶ
3624 4202 3795 4267 οὐδεὶς

2241 4309 2492 4375 ἀνοίξειν.
2546 4303 2690 4362 Οἶδά
2717 4320 2834 4360 σου
2871 4305 2947 4359 τὰ
2982 4303 3126 4373 ἔργα
3144 4319 3159 4334 ·
3193 4300 3323 4357 ιδοὺ
3370 4299 3604 4355 δέδωκα
3639 4298 3795 4363 θύραν

2241 4398 2500 4455 ἐνώπιόν
2550 4414 2669 4454 σου
2723 4393 3107 4466 ἀνεῳγμένην
3124 4434 3140 4458 ,
3194 4391 3276 4461 ἢν
3321 4391 3525 4458 οὐδεὶς
3579 4390 3794 4444 δύναται

560 4485 749 4539 throno
780 4483 973 4559 librum
996 4485 1252 4554 scriptum
1279 4485 1422 4540 intus
1453 4494 1504 4540 et
1539 4502 1574 4539 α
1604 4495 1769 4556 tergo,
1804 4484 2140 4556 obsignatum

2245 4492 2486 4546 κλεῖσαι
2534 4488 2759 4554 αὑτήν·
2813 4491 2908 4543 καὶ
2957 4487 3075 4559 μετ’
3123 4485 3313 4555 ὀλίγα·
3360 4484 3471 4541 Καὶ
3522 4479 3681 4537 εἶδον
3714 4476 3794 4531 ἐπὶ

556 4578 847 4649 signaculis
895 4556 1109 4648 septem.
1162 4576 1234 4633 Et
1281 4575 1390 4632 uidi
1435 4555 1695 4646 angelum?
1726 4555 2140 4646 proclamantem

2248 4584 2364 4654 τὴν
2400 4584 2607 4648 δεξιὰν
2649 4582 2757 4636 τοῦ
2791 4555 3130 4650 καθημένου
3174 4577 3274 4632 ἐπὶ
3308 4577 3431 4631 σὺν
3477 4576 3689 4644 θρόνον
3716 4568 3795 4634 ,ϐι-

557 4684 678 4724 voce
701 4674 895 4739 magna
920 4682 939 4720 :
961 4668 1098 4734 Quis
1148 4676 1225 4721 est
1257 4666 1448 4736 dignus
1480 4667 1684 4736 aperire
1717 4665 1910 4719 librum
1949 4675 2000 4719 et
2035 4665 2147 4719 sol-

559 4776 674 4818 vere
703 4757 981 4830 signacula
1011 4757 1166 4828 ejus?
1200 4757 1270 4811 Et
1308 4774 1458 4817 mmo
1482 4766 1687 4827 poterat
1722 4758 1779 4810 in
1808 4757 1957 4822 ccelo,
1985 4773 2146 4826 neque

558 4853 614 4908 in
644 4842 808 4916 terra,
838 4866 1000 4922 neque
1021 4848 1205 4906 subter.
1216 4858 1413 4904 terram
1430 4849 1634 4918 aperire
1658 4849 1872 4912 librum,
1892 4864 1985 4903 nec
2007 4849 2146 4918 aspi-

559 4959 672 4999 cere
700 4944 872 5003 illum.
907 4941 976 5005 Et
1007 4941 1222 5012 ﬂebam,
1260 4941 1513 5012 quoniam
1558 4955 1707 4994 nemo
1740 4938 1932 5010 dignus
1958 4940 2142 4994 inven-

562 5048 646 5089 lus
693 5043 773 5088 est
825 5035 1032 5103 aperire
1084 5033 1303 5097 librant,
1344 5049 1505 5103 neque
1564 5033 1797 5101 aspicere
1839 5031 2015 5087 illum.
2075 5030 2143 5084 Et

562 5141 703 5179 unus
730 5123 796 5178 de
820 5123 1115 5181 senioribus
1141 5121 1278 5183 dixit
1305 5122 1433 5176 mihi
1452 5138 1471 5176 :
1496 5121 1626 5176 Noli
1654 5122 1781 5192 ﬂere
1815 5138 1834 5176 :
1867 5138 1984 5177 ecce
2022 5122 2143 5176 vicit

454 5256 462 5265 -
563 5218 641 5273 leo
669 5216 735 5271 de
768 5215 912 5270 tribu
951 5214 1120 5281 Iuda,
1167 5215 1325 5273 rudia:
1370 5214 1562 5280 David,
1613 5215 1816 5283 aperire
1847 5214 2063 5280 librum,
2096 5223 2147 5269 et

565 5317 757 5376 septem
790 5308 1070 5379 signacula
1106 5309 1221 5375 ejus
1246 5308 1286 5360 ³.
1317 5307 1393 5362 De
1427 5308 1547 5362 sola
1577 5322 1706 5363 vera
1757 5306 2143 5377 obsignatione

565 5397 642 5454 ita
667 5397 909 5466 loquitur
941 5397 1109 5455 Isaias
1138 5417 1151 5454 :
1181 5398 1249 5452 Et
1273 5407 1424 5459 erunt
1448 5398 1590 5454 vobis
1618 5397 1771 5454 verba
1795 5398 1906 5453 hwc
1937 5399 2138 5462 onmia,

564 5488 703 5547 sicut
726 5503 988 5549 sermones
1017 5491 1140 5546 libri
1161 5491 1318 5560 hujus
1341 5491 1625 5563 obsignati,
1653 5507 1804 5562 quem
1829 5492 1876 5548 si
1900 5489 2142 5551 dederint

644 5642 655 5677 '
694 5638 866 5700 Exod.
900 5657 1089 5710 xxviii,
1117 5645 1203 5700 56.
1252 5647 1270 5676 ²

2248 4677 2420 4730 altor
2464 4673 2872 4744 τετραμμένον
2913 4671 3140 4725 ἔσωθεν
3202 4658 3302 4722 καὶ
3364 4668 3633 4727 ὄπισθεν,
3682 4676 3795 4717 κατ-

2245 4763 2729 4836 εσφραγισμένον
2758 4761 3087 4832 σφραγῖσιν
3105 4759 3277 4816 ἑπτά.
3310 4759 3421 4813 Kal
3449 4753 3612 4812 εἷὸον
3648 4753 3795 4824 ἀττε-

2245 4860 2363 4910 ⁸ιον
2435 4853 2691 4924 ἰσχυρὸν
2758 4853 3148 4922 κηρύσσοντα
3186 4848 3357 4920 φωνῇ
3382 4846 3613 4919 μεγάλῃ
3640 4861 3653 4875 ·
3720 4841 3795 4901 Τίς

2248 4948 2417 5014 ἄξιος
2450 4944 2684 5010 ἀνοῖξαι
2712 4945 2778 4999 τὸ
2801 4944 3061 5011 βιϐλίον,
3092 4942 3192 4998 καί
3221 4941 3409 5014 λῦσαι
3445 4939 3551 5005 τὰς
3579 4930 3794 5006 σφραγῖ-

2247 5039 2358 5107 δας
2399 5036 2588 5092 αὐτοῦ
2604 5053 2623 5101 ;
2656 5035 2769 5091 Καὶ
2814 5035 3018 5102 οὐδεὶς
3067 5032 3332 5101 ἠδύνατο
3363 5031 3433 5089 ἐν
3459 5029 3541 5094 τῷ
3569 5019 3795 5095 copam".

2249 5131 2388 5184 οὔτε
2417 5127 2519 5184 ἐπὶ
2541 5127 2653 5197 τῆς
2689 5126 2823 5197 γῆς,
2848 5128 2986 5185 οὔτε
3010 5123 3290 5180 ὑποκάτω
3316 5121 3425 5191 τῆς
3451 5120 3565 5192 τῆς
3593 5115 3795 5179 ἀνοῖξαι

2249 5222 2317 5276 τὸ
2347 5221 2612 5286 βιϐλίον,
2659 5221 2799 5275 οὔτε
2818 5218 3076 5284 ,βλέπειν
3098 5217 3264 5272 αὐτό.
3302 5216 3411 5272 Kal
3432 5215 3697 5271 ἔκλαιον,
3722 5204 3793 5258 ὅτι

2249 5309 2447 5377 οὐδεὶς
2487 5310 2658 5377 ἄξιος
2701 5309 2915 5379 εὑρέθη
2976 5307 3210 5371 ἀνοῖξαι
3256 5306 3324 5361 τὸ
3370 5302 3639 5369 βιϐλίον,
3679 5296 3793 5350 οὔτε

2243 5399 2502 5465 ,ϐλέπειν
2538 5401 2706 5455 αὐτό.
2752 5399 2860 5454 Kal
2887 5392 2976 5464 εἷς
3021 5397 3090 5451 ἐκ
3134 5394 3253 5460 τῶν
3283 5390 3687 5463 πρεσϐυτέριον
3709 5383 3790 5439 ,ιέο

2249 5509 2338 5561 γει
2374 5509 2475 5562 μοι
2495 5508 2508 5522 θ
2568 5490 2667 5558 Μὴ
2697 5489 2865 5547 κλαῖε
2889 5507 2903 5521 ο
2942 5487 3070 5544 ίδοὺ
3100 5487 3387 5555 ἐνίκησεν
3427 5486 3459 5539 ό
3492 5478 3643 5535 λέων
3669 5477 3702 5532 ὁ
3736 5471 3791 5526 ἐι

1326 5647 1494 5717 Apoc.
1534 5662 1612 5712 ill,
1652 5646 1701 5702 7.
1783 5646 1802 5677 '
1837 5646 2004 5717 Apoc.
2038 5661 2091 5711 ν,
2129 5645 2243 5701 1-5.
