4046 6474
275 337 413 401 1081

967 318 1337 402 sovensus
1376 344 1717 406 "massas
1753 302 1865 406 LiB

1965 351 1986 404 ’.
2023 349 2190 407 ΤΟΜ.
2234 350 2347 405 1.-
2380 348 2653 406 ΗΕΒΕΒ.
2693 349 2876 408 LXIV.

3381 348 3523 408 1032

274 449 390 517 τῆς
419 445 625 518 φυλῆς
664 450 876 527 ξιούδα,
922 455 981 524 ἡ.
995 454 1129 524 ῥίζα
1155 457 1354 523 Δαὸὶδ,
1399 458 1633 526 ἀνοῖξαι
1664 461 1732 516 τὸ
1757 461 1856 527 ,ϐι-

1965 462 2157 518 homini
2199 462 2387 517 scienti
2428 461 2656 522 litteras,
2701 460 2975 514 dicentes:
3003 456 3131 528 Lege
3179 458 3328 516 ista:
3368 469 3416 513 et
3446 476 3532 515 re-

274 539 453 594 GJt‘or
492 542 593 595 xui
643 540 751 608 τὰς
797 542 949 599 ἑπτὰ
989 546 1319 617 σφραγῖδας
1358 549 1566 605 αὐτοῦ.
1619 553 1755 624 Περὶ
1796 552 1856 606 δὲ

275 628 371 683 τοῦ
401 632 764 703 έσφραγίσθαι
794 635 956 706 μόνον
981 633 1011 686 ὀ
1048 636 1271 701 Ἡσαΐας
1298 637 1470 703 οὕτως
1491 656 1506 672 ·
1549 641 1661 695 Καὶ
1686 642 1860 696 ἔσται

276 721 421 791 ὑμῖν
446 722 520 776 τὰ
551 723 791 794 ῥήματα
831 726 1020 783 ταῦτα
1063 727 1280 794 πάντα,
1316 729 1398 797 ὡς
1441 734 1497 785 οι
1544 731 1713 802 λόγοι
1750 731 1859 786 τοῦ

276 811 519 873 βιϐλίου
552 815 770 868 τούτου
801 814 908 869 τοῦ
933 815 1439 887 ἐσφραγισμένων,
1472 817 1503 870 ὃ
1537 818 1646 871 ἐὰν
1671 816 1859 872 δῶσιν

268 903 425 957 αὐτὸ
465 901 750 973 ἀνθρώπῳ
774 906 1150 978 ἐπισταμένῳ
1193 908 1521 978 γράμματα,
1550 910 1851 979 λέγοντες·

285 991 601 1063 Ἇνὰγνωθι
645 996 862 1050 ταῦτα’
919 998 1017 1052 καί
1076 996 1232 1066 ἐρεῖ·
1295 1000 1378 1053 Οὐ
1416 999 1674 1069 δύναμαι
1717 1000 1861 1054 ἀνα-

278 1084 532 1154 Γνῶναιο
564 1087 959 1157 ἐσφράγισται
996 1089 1129 1160 γάρ.
1174 1089 1284 1144 Καὶ
1309 1089 1629 1157 δοθήσεται
1664 1091 1733 1144 τὸ
1760 1091 1859 1156 βι-

275 1174 453 1228 ϐλίον
498 1176 674 1231 τοῦτο
717 1181 805 1244 είς
848 1178 1051 1248 χεῖρας
1079 1178 1394 1248 ἀνθρώπου
1421 1180 1508 1250 μὴ
1541 1181 1861 1250 ἐπισταμέ-

275 1281 391 1319 νου
437 1265 767 1337 γράμματα,
822 1269 922 1322 καὶ
958 1270 1110 1338 ἐρεῖ·
1157 1273 1279 1326 Οὐκ
1319 1272 1639 1341 ἐπίσταμαι
1682 1270 1861 1341 γράμ-

275 1373 457 1424 ματα.
505 1358 692 1412 Ταῦτα
711 1359 820 1432 γὰρ
849 1361 909 1414 οὐ
958 1362 1119 1431 μόνον
1154 1364 1282 1434 περὶ
1308 1362 1406 1434 τῆς
1442 1361 1862 1432 ’Δποκαλύψεως

288 1443 544 1499 Ἰωάννου
565 1448 658 1500 καὶ
690 1447 785 1502 τοῦ
834 1449 1059 1505 Ἡσαΐου
1088 1451 1370 1521 νομιστέον
1406 1450 1681 1519 λέγεσθαι,
1725 1450 1883 1521 ἀλλὰ,

277 1535 379 1589 καὶ
425 1537 553 1608 περὶ
586 1538 767 1610 πάσης
802 1538 952 1604 θείας
989 1541 1214 1612 Γραφῆς
1262 1542 1737 1613 ὁμολογουμένως,
1766 1543 1863 1597 κα)⁵

242 1627 252 1710 ξ
279 1628 439 1698 παρά
464 1631 575 1693 τοῖς
616 1630 853 1701 μετρίως
887 1632 1096 1687 ἐπαΐειν
1121 1632 1296 1702 λόγων
1333 1632 1492 1686 θείων
1525 1632 1860 1704 δυναμένοις,

276 1713 733 1786 πεπληρωμένοις
782 1718 1121 1789 αἰνιγμάτων
1171 1719 1266 1773 καὶ
1325 1719 1672 1793 παραϐολῶν,
1734 1736 1860 1773 σκο-

1956 550 2259 620 spondebit:
2285 549 2408 606 Non
2435 566 2650 620 possum
2680 550 2849 619 legere
2865 565 2885 612 ;
2914 557 2991 602 est
3031 548 3170 602 enim
3202 545 3531 615 obsignatas.

1938 641 2026 713 ‘Et
2052 641 2270 696 dabitur
2300 641 2434 697 liber
2463 642 2547 695 hic
2575 643 2628 695 in
2664 657 2853 694 manus
2880 639 3108 695 homin-is
3150 638 3422 693 nescientis
3446 638 3537 692 iit-

1958 738 2134 798 teras;
2170 744 2220 789 et
2264 733 2450 788 dicet:
2492 731 2686 788 Nescio
2729 732 2934 786 litteras
2961 733 3007 785 ³.
3054 728 3181 785 Haec
3231 730 3375 785 enim
3426 743 3535 784 non

1959 822 2026 877 ad
2059 822 2427 895 Apocalypsin
2470 824 2648 879 solum
2681 821 2931 884 Joannis,
2972 828 3067 876 aut
3098 819 3249 875 Isaia:
3281 819 3537 874 vaticinia

1956 913 2233 983 pertinere
2259 916 2557 984 putandum
2591 921 2697 979 est,
2727 912 2823 969 sed
2856 913 2924 968 de
2959 912 3215 967 universa
3249 911 3546 981 Scriptum

1958 1018 2117 1059 sacra
2165 1005 2385 1075 penitus
2438 1003 2755 1074 accipienda
2808 1009 2957 1059 sunt.
3005 1001 3163 1068 Quod
3220 1015 3355 1056 sane
3390 999 3531 1068 apud

1960 1093 2082 1149 illos
2128 1094 2185 1149 in
2235 1094 2492 1150 confesso
2548 1102 2670 1157 est,
2722 1095 2815 1164 qui
2868 1093 3179 1148 divinarum
3225 1092 3532 1145 litterarum

1962 1182 2211 1237 notitiam
2251 1183 2334 1239 τοι
2370 1182 2720 1238 mediocriter
2773 1182 3009 1239 assecuti
3058 1189 3207 1237 sunt.
3242 1180 3374 1246 Quae
3414 1178 3537 1248 qui-

1958 1271 2081 1329 dem
2110 1274 2463 1344 mnigmatum
2496 1273 2817 1336 involucris,
2847 1288 2910 1328 ac
2940 1272 3237 1342 parabolis,
3277 1271 3536 1325 tenebro-

1961 1364 2148 1434 sisque
2189 1363 2557 1426 sermonibus,
2610 1377 2674 1418 ac
2730 1363 2965 1418 diversis
3010 1362 3134 1417 aliis
3182 1360 3536 1429 obscuritatis

1960 1453 2274 1524 generibus,
2318 1468 2441 1524 quae
2484 1447 2724 1508 heminis
2772 1452 2991 1522 ingenio
3036 1450 3256 1507 difﬁcile
3288 1464 3539 1519 compre-

1961 1541 2300 1609 henduntur,
2346 1543 2564 1600 referta
2598 1551 2747 1598 sunt.
2787 1542 2943 1610 Quod
2970 1550 3025 1598 et
3062 1543 3317 1598 Salvator
3348 1551 3537 1597 osten-

1962 1633 2091 1689 dere
2128 1626 2594 1700 volens,lclavem
2644 1635 2783 1705 apud
2837 1634 3063 1689 Scribas
3119 1641 3174 1689 et
3236 1631 3542 1687 Pharisaeos

1962 1736 2085 1777 esse
2114 1720 2273 1786 dixit,
2315 1722 2410 1792 qui
2442 1729 2503 1776 ut
2539 1723 2686 1777 viam
2724 1722 2790 1797 ad
2818 1710 3173 1793 aperiendum
3208 1720 3540 1779 invenirent.

278 1802 474 1858 τιινῶν
510 1821 572 1858 τε
622 1805 819 1874 λόγων,
862 1808 958 1861 καὶ
1004 1807 1179 1863 ἄλλων
1229 1809 1488 1863 ποικίλων
1526 1810 1682 1863 εἰδῶν
1725 1811 1854 1864 ἀσα-

1965 1813 2184 1867 minime
2199 1814 2616 1868 contenderent.
2636 1812 2737 1882 _Et,
2785 1811 2871 1867 Va:
2902 1813 3066 1879 vobis,
3102 1812 3302 1882 inquit,
3336 1810 3544 1880 legispe-

278 1893 463 1963 φείας,
507 1893 826 1968 δυσλήπτων
858 1900 923 1970 τῇ
972 1898 1290 1975 ἀνθρωπίνῃ
1335 1900 1515 1970 φύσει.
1562 1902 1739 1974 Ὅπερ
1777 1902 1858 1956 δι-

277 1984 439 2052 δάξαι
467 1984 789 2058 βουλόμενος
837 1989 932 2042 καὶ
962 1991 990 2043 ὁ
1031 1990 1220 2062 Σωτήρ
1254 2008 1440 2061 φησιν,
1474 1993 1551 2057 ὠς
1582 1993 1682 2063 τῆς
1709 1994 1858 2047 κλει-

1946 1903 2112 1981 ,ι-ἰιξε,
2157 1905 2407 1985 quoniam
2453 1903 2655 1958 tulistis
2703 1902 2898 1957 clavem
2940 1904 3194 1965 scientite,
3238 1917 3399 1969 neque
3440 1899 3543 1969 ipsi

1964 1998 2230 2063 intrastis,
2253 2007 2302 2053 et
2331 2000 2589 2052 intrantes
2613 2013 2716 2052 non
2743 1998 3049 2067 permittitis
3075 1995 3274 2066 ingredi
3299 1996 3341 2048 '.
3392 2047 3399 2054 ,

277 2077 372 2141 δὸς
422 2077 588 2151 οὔσης
621 2078 772 2168 παρά
800 2083 919 2165 τοῖς
969 2082 1348 2153 γραμματεῦσι
1382 2084 1476 2137 καὶ
1507 2085 1843 2156 Φαρισαίοις,
1879 2088 1981 2142 οὐκ
2026 2089 2450 2159 ἀγωνιζομένοις
2495 2078 2594 2160 τὴν
2621 2087 2739 2142 ὁδὸν
2789 2088 2970 2158 εὑρεῖν
3018 2087 3111 2141 τοῦ
3155 2085 3383 2153 ἀνοῖξαι,
3461 2083 3543 2163 τὸ⁹

279 2170 431 2224 Οὐαὶ
496 2170 641 2240 ὑμῖν
690 2170 814 2237 τοῖς
854 2170 1153 2240 νομικοῖς-⁸
1200 2171 1288 2225 ὅτι
1329 2172 1511 2241 ἤρατε
1553 2173 1668 2242 τὴν
1708 2174 1918 2232 κλεῖδα
1955 2176 2064 2245 τῆς
2119 2177 2417 2248 γνώσεως,
2466 2178 2635 2232 αὐτοὶ
2687 2179 2799 2231 οὐκ
2846 2177 3182 2248 εὶσήλθετε,
3238 2176 3337 2230 καί
3398 2173 3543 2242 τσὺς

278 2263 741 2334 εἰσερχομένους
769 2263 889 2331 οὐκ,
920 2262 1128 2331 ἀφίετε
1161 2264 1481 2319 εἰσελθεῖν.

351 2360 425 2413 Z'.
464 2355 649 2412 Ταῦτα
678 2355 736 2409 δὲ
766 2355 896 2427 ἡμῖν
942 2356 1000 2408 ὲν
1029 2354 1299 2426 προοιμίῳ
1328 2354 1600 2419 λέλεκται,
1639 2359 1723 2422 είς
1764 2358 1861 2429 μέ-

286 2458 467 2527 γιστον
516 2444 725 2517 ἀγῶνα,
782 2445 877 2499 καὶ
927 2444 1375 2518 ὁμολογουμένως
1415 2447 1557 2519 ὑπὲρ
1585 2450 1736 2520 ἡμᾶς
1769 2449 1864 2502 καὶ

283 2540 383 2613 τὴν
410 2535 523 2602 ἕξιν
557 2535 735 2608 ἡμῶν,
767 2532 1234 2605 ἀναγκαζομένοις
1262 2535 1366 2588 ὑπὸ
1396 2536 1497 2607 τῆς
1535 2537 1735 2609 πολλῆς
1770 2556 1862 2592 σου

280 2628 665 2707 φιλομαθείας,
696 2627 790 2682 καὶ
816 2625 1252 2697 δυσωπουμένοις
1295 2627 1398 2681 ὑπὸ
1430 2631 1526 2707 τῆς
1564 2622 1864 2702 mquam-

280 2706 377 2785 τος
409 2722 503 2775 καὶ
532 2720 633 2791 τῆς
667 2718 1019 2791 μετριότητός
1064 2735 1182 2783 σου,
1229 2712 1359 2790 ἱερὲ¹
1388 2706 1700 2791 Ἀ’μδρόσιε,
1731 2740 1862 2777 κατ-

279 2811 479 2866 ελθεῖν.
514 2811 624 2865 Kal
650 2808 732 2864 ὅτι
759 2827 824 2879 γε
856 2810 948 2863 ἐπὶ
985 2795 1118 2863 πολὺ
1163 2810 1524 2885 ἀναδυόμενον
1559 2830 1648 2883 με,
1688 2813 1776 2868 διὰ
1803 2813 1865 2867 τὸ

279 2903 477 2963 εἰδέναι
510 2901 602 2958 τὸν
645 2886 888 2955 κίνδυνον
931 2901 993 2954 οὐ
1045 2901 1205 2973 μόνον
1236 2900 1331 2956 τοῦ
1379 2901 1558 2971 λέγειν
1593 2906 1722 2975 περὶ
1754 2904 1862 2960 τῶν

282 2993 479 3063 ὲγίων,
508 2992 667 3067 ,ἀλλά
718 2990 900 3062 πολλῷ
936 2991 1119 3052 πλεῖον
1165 2992 1260 3047 τοῦ
1310 2993 1565 3069 γράφειν,
1620 2996 1715 3048 καὶ
1752 2978 1864 3059 τοῖς

2023 2355 2136 2412 VII.
2179 2356 2306 2412 Hiec
2343 2324 2560 2439 anobis
2588 2358 2738 2413 velut
2762 2326 3024 2428 praefandi
3052 2324 3225 2427 gratia
3268 2357 3546 2429 proposita

1960 2456 2109 2513 sunt,
2159 2449 2253 2518 qui
2308 2448 2363 2502 in
2417 2449 2719 2503 maximum
2762 2455 3064 2511 certamen,
3112 2447 3367 2517 quodque
3405 2449 3549 2506 vires

1956 2549 2178 2618 nostras
2230 2555 2296 2595 ac
2334 2539 2490 2610 531
2528 2540 2847 2595 facultatem
2896 2540 3018 2594 sine
3070 2539 3181 2592 ulla
3210 2537 3550 2596 duLitatione

1963 2641 2191 2703 superat
2227 2631 2295 2685 ab
2339 2631 2544 2702 ingenti
2592 2639 2711 2696 tuo,
2750 2631 3006 2687 Ambrosi
3043 2631 3127 2686 vir
3168 2632 3546 2697 sanctissime,

1965 2738 2097 2795 erga
2130 2723 2342 2777 litteras
2380 2721 2566 2777 studio
2597 2722 2858 2805 concitati
2895 2721 3125 2789 fuimus,
3148 2729 3203 2778 et
3231 2730 3292 2777 ut
3329 2723 3384 2776 in
3416 2723 3550 2795 illud

1964 2813 2426 2891 descenderemus
2482 2813 2823 2869 humanitate
2878 2821 2972 2868 tua
3047 2828 3109 2869 ac
3179 2812 3553 2881 moderatione

1956 2890 2229 3002 .perpulsi.
2264 2903 2719 2975 Quandoquidem
2753 2905 2846 2960 diu
2883 2919 2991 2968 me,
3017 2913 3295 2974 comperta
3320 2903 3549 2973 periculi

1964 2995 2372 3068 magnitudine,
2397 3006 2767 3062 recusantem,
2805 3011 2916 3050 non
2956 2996 3118 3050 modo
3160 2995 3442 3065 disputare
3480 2996 3550 3051 de

282 3084 404 3161 μεθ’
456 3082 605 3154 ἡμᾶς
631 3082 977 3149 καταλιπεῖν,
1009 3082 1367 3163 παντοδαπῶς
1415 3085 1735 3160 κατεπᾴδων
1773 3103 1865 3156 φι-

1967 3091 2142 3147 sacris
2186 3089 2446 3157 Litteris,
2511 3091 2605 3147 sed
2638 3098 2692 3145 et
2734 3089 2909 3143 multo
2950 3088 3124 3158 magis
3176 3088 3437 3161 scribere,
3487 3101 3553 3142 ac

280 3173 478 3240 λικῶς,
508 3173 605 3229 καὶ
640 3173 782 3228 κατὰ
828 3172 1110 3246 προκοπὴν
1141 3164 1391 3248 θεότητος
1423 3178 1503 3242 είς
1539 3177 1699 3231 τοῦτο
1727 3180 1866 3252 ἤγα-

283 3263 382 3341 γές
417 3280 526 3337 με·
577 3263 787 3347 μάρτυς
834 3264 927 3319 ἔσο
972 3281 1065 3334 μοι
1094 3265 1232 3338 πρὸς
1274 3266 1407 3321 Θεὸν
1440 3266 1560 3341 μεθ’
1600 3268 1722 3322 ὅλου
1771 3269 1865 3323 τοῦ
1906 3342 1935 3347 θ’

282 3354 424 3426 βίου,
455 3354 552 3409 καὶ
586 3355 714 3425 περὶ
740 3353 848 3408 τῶν
885 3355 1347 3426 ὑπηγορευμένων
1384 3357 1786 3430 ἐξεταζομένων
1820 3360 1863 3425 ¹,

285 3444 415 3516 ποίᾳ
438 3461 500 3498 τε
528 3444 784 3515 προθέσει
810 3444 968 3499 τοῦτο
995 3446 1312 3519 γεγένηται.
1355 3449 1468 3503 Καὶ
1514 3451 1590 3522 πὴ
1644 3452 1741 3522 μὲν
1778 3451 1867 3504 ὲν-

274 3526 647 3608 ’τυγχάνομεν,
702 3537 778 3602 πὴ
836 3537 892 3592 δὲ
942 3538 1064 3610 ἦτοι
1117 3532 1417 3613 βιαζόμεθα
1462 3542 1785 3616 βιαιότερον,
1830 3544 1865 3617 ἢ

282 3626 549 3698 δοκοῦμέν
589 3644 641 3681 τι
669 3627 870 3696 λέγειν.
913 3624 1335 3702 Ἔξιχνεύσαμεν
1371 3632 1430 3685 δὲ
1465 3633 1526 3687 τὸ
1550 3635 1871 3707 γεγραμμέ-

281 3735 376 3772 νον
405 3717 468 3771 οῦ
493 3719 962 3790 καταφρονοῦντες
990 3718 1110 3788 τοῦ,
1142 3720 1274 3775 Ὅτε
1295 3722 1495 3793 λέγεις
1518 3725 1651 3793 περὶ
1694 3726 1865 3791 Θεοῦ,

282 3807 461 3876 κρίνῃ
489 3807 609 3862 ὑπὸ
648 3807 818 3875 Θεοῦ,
857 3809 1041 3874 καλῶς
1095 3811 1409 3881 εἰρημένου.
1456 3814 1568 3868 Kal
1617 3814 1697 3879 τὸ,
1730 3816 1870 3882 Περὶ

283 3897 441 3953 Θεοῦ
484 3896 586 3952 και
632 3896 866 3968 τάληθῆ
926 3892 1149 3970 λέγειν,
1192 3902 1477 3970 κίνδυνος
1528 3907 1600 3959 οὐ
1629 3894 1866 3974 μικρός.

298 3989 588 4059 ’Ᾱξιοῦμεν
649 3990 853 4056 τοίνυν,
908 3993 1031 4046 ἐπεὶ
1082 3993 1249 4063 μηδὲν
1313 3996 1484 4068 χωρὶς
1508 3997 1661 4050 οΘεοῦ
1706 3978 1871 4052 καλὸν

283 4076 434 4136 εἶναι
459 4080 711 4150 δύναται,
737 4084 833 4137 xa‘t
869 4084 1102 4154 μάλιστα
1132 4085 1317 4158 νόησις
1349 4088 1581 4159 Γραφῶν
1618 4088 1874 4157 θεοπνεύ-

286 4188 456 4237 στων,
489 4173 662 4236 ὅπως,
695 4173 773 4245 τῷ
810 4175 987 4246 Πατρὶ
1016 4176 1126 4230 τῶν
1157 4177 1294 4231 ὅλων
1340 4179 1460 4251 Θεῷ
1496 4179 1586 4233 διὰ
1629 4180 1723 4234 τοῦ
1756 4183 1871 4238 Σω-

283 4263 458 4333 τῆρος
490 4263 649 4334 ἡμῶν
679 4265 772 4318 καὶ
803 4265 1128 4338 ἀρχιερέως,
1177 4268 1441 4339 γεννητοῦ
1485 4269 1622 4323 Θεοῦ
1655 4270 1874 4342 προσιέ-

283 4368 400 4417 ναι,
454 4352 697 4424 αιτήσεις
735 4351 954 4424 δοθῆναι
992 4355 1125 4425 ἡμῖν
1173 4354 1389 4426 πρῶτον
1445 4354 1627 4419 καλῶς
1666 4354 1870 4425 ζητεῖν.

282 4439 612 4496 ,Ἐπίκειται
658 4441 773 4514 γὰρ
800 4445 913 4508 τοῖς
963 4443 1217 4516 ζητοῦσιν
1245 4445 1550 4515 ἐπαγγελία
1595 4446 1690 4500 τοῦ
1728 4446 1876 4518 εὑρί-

289 4549 448 4587 σκειν
470 4549 484 4563 ·
521 4533 665 4603 τάχα
699 4534 819 4587 οὐδὲ
848 4534 971 4606 τῆν’
998 4536 1174 4607 ἀρχὴν
1208 4538 1288 4600 είς
1333 4537 1632 4608 ζητοῦντας
1661 4535 1875 4605 λογιζο-

293 4625 478 4699 μένων
511 4624 665 4696 παρὰ
683 4624 802 4695 Θεῷ
832 4625 945 4679 τῶν
972 4627 1071 4698 οὐχ
1104 4626 1210 4699 ὁδῷ
1242 4629 1336 4682 ἐπὶ
1362 4628 1522 4682 τοῦτο
1554 4628 1870 4700 προϊόντων.

286 4718 452 4781 ΐῈως
473 4708 590 4769 ὧδε
628 4713 700 4767 τὰ
722 4716 838 4770 ἀπὸ
872 4716 1230 4786 Ὠριγένους.

1967 3181 2206 3252 posteris
2239 3179 2576 3250 relinquere,
2624 3177 2802 3233 modis
2849 3176 3107 3255 omnibus
3142 3174 3337 3245 atque
3364 3175 3551 3230 illece-

1967 3269 2084 3326 bris
2127 3269 2463 3334 demulsisti,
2510 3274 2565 3323 et
2609 3267 2676 3322 ad
2721 3267 2824 3320 hoc
2871 3265 3200 3336 quibusdam
3247 3264 3554 3321 divinitatis

1968 3344 2451 3429 progressionibus
2505 3354 2803 3411 adduxisti.
2858 3353 2943 3409 Tu
2996 3355 3161 3424 igitur
3202 3353 3360 3409 testis
3413 3353 3552 3408 mihi

1969 3450 2113 3520 apud
2137 3449 2308 3505 Deum
2339 3449 2471 3514 eris,
2517 3455 2633 3502 tum
2668 3461 2793 3502 cum
2827 3445 2894 3502 de
2927 3445 3040 3500 vita
3084 3459 3203 3499 mea
3237 3459 3299 3499 ac
3329 3443 3554 3514 scriptis

1968 3540 2230 3611 inquiret,
2264 3553 2505 3611 quonam
2532 3537 2701 3592 animi
2723 3536 2955 3592 consilio
2983 3535 3054 3592 sit
3072 3535 3217 3605 illud
3241 3549 3271 3588 a
3310 3550 3398 3590 me
3424 3550 3553 3590 sus-
3578 3530 3581 3531 ⁷

1970 3639 2213 3700 ceptum.
2277 3629 2357 3683 Ac
2392 3620 2786 3699 nonnunquam
2826 3612 3047 3698 quidem
3080 3626 3361 3681 veritatem
3403 3640 3557 3681 asse-

1941 3726 1949 3735 '
1976 3720 2221 3791 quimur,
2251 3734 2649 3789 nonnunquam
2682 3725 2776 3772 aut
2801 3716 3096 3772 violentius
3121 3715 3553 3787 perrumpimus,

1971 3816 2068 3864 aut
2100 3810 2286 3866 dicere
2329 3810 2535 3881 aliquid
2569 3809 2841 3864 videmur.
2890 3806 3063 3862 Porro
3093 3806 3239 3877 quod
3290 3806 3555 3875 scriptum

1969 3907 2057 3955 est
2085 3899 2495 3969 vestigavimus,
2530 3913 2642 3953 non
2682 3899 2757 3953 ita
2796 3905 2855 3951 ut
2885 3888 3147 3968 praeelare
3180 3886 3314 3949 illud
3345 3896 3557 3950 dictum

1973 3996 2447 4046 contemneremus
2481 4009 2494 4045 :
2526 3988 2657 4044 Cum
2696 3988 2762 4043 de
2796 3988 2907 4044 Deo
2941 3988 3100 4052 dicis,
3142 4005 3174 4042 a
3218 3980 3327 4041 Deo
3341 3986 3559 4057 judica-

1973 4084 2068 4138 ris.
2098 4074 2227 4138 Item
2260 4081 2394 4137 illud
2423 4099 2436 4135 :
2470 4079 2548 4136 De
2575 4081 2682 4136 Deo
2715 4081 2874 4136 etiam
2913 4096 3034 4135 vera
3068 4079 3259 4144 dicere,
3317 4096 3420 4133 non
3452 4094 3558 4131 me-

1973 4173 2151 4227 diocre
2187 4172 2481 4242 periculum
2522 4166 2626 4227 est.
2687 4166 3212 4238 Quamobrem'cum
3253 4170 3390 4224 nihil
3441 4169 3559 4224 sine

1977 4263 2091 4320 Deo
2145 4280 2270 4320 esse
2307 4265 2479 4335 possit
2530 4263 2830 4334 egregium,
2892 4260 3308 4332 prmsertimquc
3347 4258 3557 4314 divina-

1979 4368 2100 4407 rum
2135 4352 2465 4407 Litterarum
2513 4346 2913 4421 intelligentia:
2949 4349 3047 4402 abs
3082 4356 3133 4402 te
3184 4347 3347 4401 etiam
3391 4352 3558 4413 atque

1981 4433 2148 4500 etiam
2199 4444 2456 4515 petimus,
2503 4450 2564 4496 ut
2612 4449 2893 4512 parentem
2944 4439 3188 4495 omnium
3239 4436 3406 4492 Deum
3466 4449 3559 4505 per

1985 4536 2323 4591 Salvatorem
2350 4520 2601 4590 nostrum
2634 4548 2699 4587 ac
2737 4531 3072 4603 pontiﬁcem,
3113 4530 3355 4601 genitum
3390 4526 3559 4582 Deum

1981 4630 2275 4683 obsecrare
2316 4616 2474 4689 velis,
2510 4625 2675 4696 idque
2724 4624 2793 4677 ab
2825 4639 2892 4677 eo
2933 4622 3092 4677 nobis
3138 4616 3455 4691 impetrare,
3503 4625 3561 4672 ut

1862 4733 1869 4741 ·
1980 4718 2254 4789 imprimis
2288 4725 2468 4773 ‘recte
2528 4730 2774 4787 quaerere
2821 4713 3141 4795 possimus.‘
3183 4710 3565 4795 Quaerentibus

290 4809 444 4866 enim
479 4810 761 4879 proposita
794 4819 880 4864 est
919 4812 1248 4881 assequendi
1291 4805 1609 4881 promissio.
1658 4811 1737 4866 Ac
1778 4813 1971 4867 nescio
2003 4786 2076 4865 an
2100 4809 2196 4881 qui
2226 4809 2295 4864 ad
2348 4800 2482 4863 illud
2535 4808 2623 4863 via
2679 4822 2745 4862 ac
2787 4786 3002 4861 ratione
3055 4804 3289 4859 minime
3326 4786 3560 4858 conten;

290 4900 459 4963 dunt,
498 4900 642 4955 inter
682 4914 779 4956 eos
807 4901 900 4971 qui
938 4910 1192 4971 quaerunt
1232 4903 1376 4972 apud
1408 4901 1577 4958 Deum
1627 4919 1738 4958 non
1778 4903 2105 4959 habeantur.
2138 4899 2408 4954 Hactenus
2443 4898 2687 4969 Origenis
2720 4897 2895 4951 verba.
3379 4890 3385 4899 ⁷

296 5048 303 5055 ,
367 4991 453 5050 Η’.
504 4993 672 5065 Ἀρχή
710 4992 1007 5064 μοι’λέγειν
1042 4994 1185 5066 πρὸς
1219 4997 1311 5048 τὸν
1350 4994 1649 5067 κομπώδη,
1667 4996 1763 5049 καὶ
1788 4996 1866 5049 δο⁴

1996 5006 2001 5013 ·
2045 4992 2183 5048 Vlll.
2236 4991 2517 5046 Adversus
2557 4992 2905 5060 arrogantem
2953 4984 3102 5039 hunc
3152 4984 3452 5063 hominem,
3512 4994 3562 5035 et

288 5087 458 5158 κήσει
504 5085 688 5159 σοφὸν,
737 5086 834 5139 καὶ
863 5086 1162 5159 ἐρευνητὴν
1191 5086 1299 5140 τῶν
1328 5088 1729 5159 ἁνερευνήτων,
1784 5088 1866 5142 zeal

1973 5085 2231 5156 opinione
2285 5082 2371 5137 sui
2399 5082 2683 5144 inﬂatum,
2730 5092 3031 5147 eorumque
3093 5069 3216 5146 quae
3250 5073 3569 5143 investigari

290 5178 633 5251 ἐκδιδαστὴν
676 5179 784 5235 τῶν
822 5180 1182 5253 ἐπουρανίων,
1224 5181 1437 5234 τουτονὶ
1482 5181 1573 5235 τὸν
1612 5182 1866 5254 φλυαρίας

1977 5181 2282 5244 nequeunt,
2332 5178 2723 5231 scrutatorem,
2768 5167 2863 5238 qui
2921 5166 3092 5221 cmlbs
3134 5167 3284 5237 ipsos
3339 5172 3564 5234 praeter-

292 5269 659 5342 ὲμπλήσαντα
686 5269 777 5324 τὸν
827 5268 965 5341 βίον,
990 5268 1066 5333 ὡς
1093 5269 1190 5323 καὶ
1225 5271 1254 5322 ὁ
1281 5268 1545 5340 κρείττων
1571 5267 1727 5344 ἡμῶν
1758 5269 1866 5321 κατ’

1978 5281 2202 5338 gressus
2233 5273 2354 5331 est,
2396 5265 2602 5334 quique
2633 5260 2975 5343 ineptissima
3009 5257 3342 5328 loquacitate
3377 5255 3564 5320 orbem

291 5361 466 5418 αὑτοῦ
497 5361 709 5432 εἴρηκε,
749 5361 964 5433 πρῶτον
997 5360 1125 5432 περὶ
1153 5356 1412 5431 γεννητοῦ
1442 5358 1598 5412 Θεοῦ.
1644 5359 1755 5411 Kal
1796 5358 1866 5412 ὅτι

1984 5367 2254 5413 terrarum
2279 5357 2544 5428 implevit,
2571 5350 3032 5426 quemadmodum
3064 5352 3223 5422 longe
3247 5347 3404 5403 nobis
3429 5362 3565 5425 prie-

299 5452 404 5526 μὲν
433 5451 712 5525 ὀμολεξίαι
740 5468 797 5505 τε
834 5451 925 5506 καὶ
952 5451 1267 5523 ὁμωνυμίαι
1315 5449 1506 5505 πολλαὶ
1553 5450 1611 5505 ὲν
1658 5449 1735 5520 τῷ
1778 5449 1866 5520 βίᾳ

1985 5450 2220 5505 stantior
2246 5450 2390 5505 alius
2420 5449 2474 5503 in
2504 5447 2663 5501 illum
2699 5455 2860 5500 antea
2892 5444 3052 5507 dixit,
3083 5443 3257 5512 prima
3290 5440 3357 5507 de
3379 5439 3565 5516 genito

295 5546 429 5611 εἰσὶ,
465 5545 644 5616 πάντη
674 5544 835 5599 τοῦτο
862 5544 1019 5616 δῆλόν
1053 5546 1188 5600 ἐστι,
1226 5544 1336 5597 Καὶ
1368 5544 1418 5597 εί
1455 5542 1553 5614 μὲν
1586 5542 1690 5596 ὑπὸ
1716 5541 1866 5597 ἄλλοι.

1984 5543 2095 5598 Deo
2134 5541 2424 5597 tractanda
2473 5537 2777 5608 disputatio
2808 5544 2914 5592 est.
2953 5534 3009 5589 In
3043 5549 3154 5605 quo
3197 5532 3576 5639 illu‘d'oliseri

3308 5632 3339 5641 -

310 5730 328 5765 ε
392 5703 496 5760 'F.
531 5703 920 5771 ἐξεταζομένῳ.
1000 5706 1021 5735 ²
1055 5702 1157 5760 lsa.
1195 5718 1342 5770 XXIX,
1379 5702 1468 5769 Η,
1497 5702 1584 5759 19..
1666 5701 1684 5733 ³
1715 5699 1847 5757 Luc.
1889 5701 2086 5770 1552.

3406 5774 3413 5784 ,
3481 5754 3561 5780 ⁵...ξ
