4046 6428
200 332 224 387 l
234 331 346 390 085.

875 327 1246 387 ADVERSUS
1284 328 1629 394 Il/ERESES
1661 331 1809 388 ΗΒ..

1939 333 2100 389 ΤΟΜ.
2147 334 2261 390 1.-
2301 333 2573 391 ΙΙΕΒΕΒ.
2612 335 2795 392 LXIV.

3342 335 3491 392 1036.

197 442 444 512 Πατὴρ,
503 443 645 498 οὐδὲ
703 443 811 498 τὸν
867 445 1098 514 Πατέρα
1148 447 1200 500 εί
1252 447 1339 516 μὴ
1397 451 1431 502 ὀ
1481 448 1634 514 Υἱός.
1689 446 1795 500 Καὶ

1915 465 2024 503 :um
2061 448 2223 504 Patre
2254 451 2516 506 honorem
2547 451 2830 506 obtineat?
2859 450 3029 506 Nemo
3053 455 3192 507 enim
3219 458 3357 509 novit
3387 456 3485 510 ι’ίε-

198 537 284 600 τὸ,
329 537 393 590 '0
433 535 712 604 ἑωρακὼς
752 536 876 606 ἐμὲ,
921 535 1141 606 ἑώρακε
1169 539 1277 593 τὸν
1315 538 1564 608 Πατέρα.
1615 539 1781 593 Πάλιν

197 629 259 685 δὲ
311 628 576 691 ὡσαύτως
619 630 720 681 ὅσα
755 627 902 699 αὐτῷ
945 629 1074 700 περὶ
1123 631 1473 695 ἀναστάσεως
1517 629 1785 701 ἀμφιϐάλ-

197 721 376 786 λεται,
425 719 807 790 ἐπιλαϐόμενοι
839 723 937 793 τῆς
969 722 1315 786 ἀκολουθίας,
1366 719 1522 786 αὖθις
1561 722 1794 796 ἐροῦμεν

199 818 271 868 ὲκ
303 813 412 867 τῶν
447 812 610 867 αὑτοῦ
661 813 872 886 ῥητῶν·
927 815 1035 872 ἀπὸ
1084 816 1214 886 μιᾶς
1258 815 1314 868 δὲ
1357 815 1555 880 λέξεως
1587 813 1648 867 τὺ
1686 815 1794 866 πᾶν

200 906 304 976 τῆς
359 903 586 976 γνώμης
650 905 816 961 αὑτοῦ
867 907 1246 978 ἀποδείξομεν,
1289 908 1384 960 καὶ
1451 907 1512 960 τὸ
1567 906 1794 960 ἄπιστον

203 998 310 1068 τῆς
363 997 520 1069 δόῇς
563 997 659 1051 τοῦ
703 998 868 1052 αὑτοῦ
935 999 1204 1070 δόγματος
1252 997 1693 1069 ἁποκαλύψομεν.
1730 997 1795 1050 Et

177 1091 309 1143 ,καὶ
352 1089 438 1143 διὰ
482 1089 720 1154 πλάτους
763 1091 914 1163 αὐτῷ
955 1093 1172 1162 εἴρηται
1209 1090 1470 1154 πολλάκις
1517 1089 1643 1160 περὶ
1673 1087 1800 1142 τού⁶

207 1196 309 1232 του
333 1217 347 1242 ,
405 1179 500 1232 καὶ
539 1181 596 1235 ὲν
667 1179 890 1245 πολλαῖς
963 1181 1168 1252 βίϐλοις
1209 1181 1612 1252 πεφλυάρηται,
1653 1179 1802 1248 ὅμως

205 1268 312 1340 τὴν
374 1268 582 1336 ἔλεγξιν
631 1269 1045 1342 παραθήσομαι,
1103 1271 1196 1339 ἀφ’
1227 1263 1302 1324 ὧν
1359 1271 1417 1323 ὲν
1470 1269 1548 1340 τῷ
1604 1265 1806 1337 πρώτῳ

205 1362 413 1434 ψαλμῷ
453 1363 758 1435 ἐξηγήσατο
800 1364 942 1418 κατά
987 1366 1085 1435 τὴν
1116 1364 1413 1418 ἀνάστασιν
1446 1365 1545 1433 τῆς
1584 1361 1806 1434 βεϐαίας

207 1454 429 1519 ἐλπίδος
467 1458 499 1526 ἡ
511 1455 626 1526 μῶν
662 1458 1124 1512 πεπιστευκότων.

1895 541 2047 607 lium,
2080 542 2184 596 nisi
2233 541 2416 604 Pater,
2445 559 2603 610 neque
2648 540 2883 608 Patrem,
2927 544 3032 597 nisi
3064 542 3238 598 Filius
3261 547 3304 599 ¹.
3342 545 3489 601 Tum

1897 632 2029 686 illud
2065 653 2076 688 :
2106 632 2211 700 Qui
2249 633 2384 686 videt
2430 651 2531 697 me,
2581 632 2713 687 videt
2767 643 2816 687 et
2863 633 3074 688 Patrem
3101 627 3143 689 ί.
3176 634 3308 702 Quae
3356 653 3485 691 vero

1895 721 2157 778 adversus
2202 725 2659 780 resurrectionem
2702 725 2771 779 ab
2805 725 2994 781 eodem
3028 727 3299 797 disputata
3334 741 3484 797 sunt,

1897 823 2118 870 servato
2149 816 2362 876 ordine.
2396 832 2460 869 ex
2497 817 2746 886 ipsismet
2775 816 2920 872 illius
2945 818 3128 874 verbis
3159 822 3320 889 paulo
3356 833 3483 891 post

1897 903 2222 975 sileremus,
2259 907 2420 978 533
2450 917 2613 978 atque
2647 925 2711 963 ex
2747 909 2908 965 unica
2953 926 3086 966 voce
3121 920 3290 966 totam
3337 916 3491 970 illius

1898 999 2227 1054 sententiam
2283 1000 2616 1070 aperiemus,
2667 1009 3007 1068 etquantum
3066 1004 3137 1058 sit
3187 1004 3240 1058 in
3284 1021 3350 1060 eo
3396 1006 3490 1061 do-

1899 1098 2080 1160 gmate
2104 1089 2443 1145 inﬁdelitatis
2471 1092 2922 1148 monstrabimus.
2949 1092 3272 1164 Quanquam
3302 1107 3500 1159 autem

1904 1182 2008 1237 hoc
2042 1192 2428 1252 argumentum
2457 1200 2600 1252 saape
2631 1184 2720 1240 ille
2753 1185 2973 1255 cepiose
3016 1191 3352 1251 tractaverit,
3384 1205 3502 1244 vam

1907 1273 2116 1342 riisque
2143 1274 2197 1326 in
2231 1273 2392 1328 libris
2421 1273 2670 1344 ingentes
2699 1292 2873 1346 nugas
2895 1277 3174 1345 etl‘utierit,
3202 1279 3268 1334 iis
3299 1288 3483 1336 tamen

1910 1366 1980 1422 ad
2008 1367 2159 1420 illum
2192 1365 2550 1422 refellendum
2594 1383 2690 1423 ero
2727 1379 3042 1432 contentus,
3076 1387 3199 1440 qua:
3232 1373 3298 1426 .in
3337 1389 3491 1428 com-

1911 1458 2197 1513 mentariis
2232 1459 2286 1512 in
2319 1459 2554 1528 priorem
2593 1460 2884 1529 psalmum,
2933 1461 3197 1518 adversus
3229 1463 3352 1519 illos
3380 1466 3492 1522 dis-

210 1549 411 1618 seruit,
443 1550 535 1620 qui
572 1554 1032 1608 resurrectionem
1077 1560 1228 1607 certa
1267 1553 1426 1608 nobis
1465 1569 1561 1624 spe
1603 1554 1909 1624 fiduciaque
1947 1553 2282 1623 propositam
2314 1568 2440 1609 esse
2467 1553 2570 1609 sibi
2602 1554 2975 1622 persuadentJ

285 1639 340 1692 Γ.
383 1639 494 1692 Καὶ
523 1639 668 1692 ἐστιν
712 1641 788 1705 ὠς
822 1641 1001 1710 λέγει·
1037 1641 1139 1696 Διὰ
1183 1640 1359 1696 τοῦτο
1393 1645 1504 1698 οὐκ
1537 1643 1803 1706 ἀναστή-

209 1745 428 1786 σονται
479 1732 717 1799 ἀσεϐεῖς
768 1733 838 1786 ἐν
892 1733 1101 1802 κρίσει.
1159 1729 1295 1786 Εἶτα
1349 1733 1424 1797 ὡς
1483 1733 1604 1797 ἔθος
1655 1735 1804 1788 ἐστὶν

1985 1642 2052 1698 Χ.
2098 1642 2192 1702 Est
2223 1651 2402 1697 autem
2431 1642 2522 1697 hic
2555 1644 2742 1699 locus:
2775 1643 3061 1715 Propterea
3089 1665 3192 1701 non
3227 1664 3494 1721 resurgeut

1914 1735 2062 1804 impii
2115 1735 2171 1788 in
2202 1733 2407 1803 judicia
2434 1735 2475 1786 ⁸.
2519 1732 2726 1789 Deinde
2769 1737 3235 1806 quemadmodum
3277 1744 3493 1800 collatis

209 1823 370 1894 αὐτῷ
415 1823 521 1876 ἀπὸ
568 1822 677 1877 τῶν
726 1823 990 1878 ὲκδόσεων
1047 1823 1377 1892 φαντάζειν,
1428 1824 1630 1894 ὁμοίως
1679 1825 1809 1895 φησὶ

1915 1825 2250 1880 editionibus
2290 1824 2475 1880 fucum
2521 1824 2700 1880 facere
2731 1827 2888 1890 solet,
2925 1829 2997 1881 ita
3034 1830 3210 1900 inquit
3245 1832 3496 1889 Theodo-

209 1913 532 1980 Θεοδοτίων,
574 1915 804 1980 Ἀκύλας
825 1955 840 1978 ,
872 1914 1189 1986 Σύμμαχος.
1222 1909 1354 1968 Εἶτα
1382 1915 1632 1988 ἐπιφέρει
1661 1916 1802 1970 κατὰ

211 2000 326 2058 τῶν
359 2003 488 2056 υἱῶν
510 2005 608 2077 τῆς
635 2004 890 2078 ἀληθείας
917 2003 1260 2069 σκωπτωδῶς
1290 2021 1304 2034 ·

1915 1916 2012 1977 tio,
2050 1915 2248 1986 Aquila
2289 1923 2343 1969 et
2383 1915 2768 1985 Symmachus.
2804 1914 2939 1968 Tum
2979 1917 3197 1972 demunt
3230 1923 3494 1980 adversus

1913 2008 2162 2062 veritatis
2193 2007 2334 2062 ﬁlios
2375 2006 2682 2061 Cavillando
2709 2007 2812 2063 ista
2842 2009 3099 2077 subjicit:

1497 2119 1582 2181 Ea:
1605 2119 1846 2191 Origenis
1864 2123 2260 2176 commentario.

305 2236 604 2300 Ἐντεῦθεν,
643 2236 808 2308 φησὶν
833 2279 848 2300 ,
877 2237 928 2289 οε
963 2235 1322 2308 ἀπλούστεροι
1361 2237 1472 2290 τῶν
1510 2254 1804 2291 πεπιστευ-

212 2329 412 2387 κότωφ
443 2327 755 2400 ὁρμώμενοι
806 2329 1086 2399 νομίζουσι
1129 2331 1257 2393 τοὺς
1294 2329 1512 2393 ἀσεϐεῖς
1539 2331 1638 2401 τῆς
1671 2332 1802 2384 ἀνα-

217 2405 466 2485 στάσεως
515 2421 589 2492 μὴ
638 2419 966 2485 τεύξασθαι,
1012 2421 1105 2474 καὶ
1143 2422 1243 2492 τῆς
1288 2421 1437 2486 θείας
1465 2421 1697 2495 κρίσεως
1730 2423 1805 2494 μὴ

216 2510 633 2576 καταξιοῦσθαι,
664 2511 715 2564 τί
749 2509 994 2574 νοοῦντες
1021 2511 1124 2581 τὴν
1154 2511 1450 2565 ἀνάστασιν
1470 2553 1484 2576 ,
1515 2514 1610 2566 καὶ
1637 2530 1805 2566 ποτα-

220 2604 335 2673 πὴν
365 2603 463 2672 τὴν
490 2601 670 2672 κρίσιν
700 2602 1114 2672 φανταζόμενοι,
1138 2603 1199 2656 ού
1228 2603 1367 2657 πάνυ
1398 2603 1805 2675 σαφηνίζοντες.

219 2695 346 2749 Κᾶν
384 2693 578 2759 δόξωσι
618 2695 747 2766 περὶ
776 2695 982 2748 τούτων
1015 2695 1411 2764 ἀποφαίνεσθαι
1446 2739 1461 2758 ,
1511 2699 1544 2767 ή
1579 2695 1812 2767 βάσανος

220 2787 424 2848 αὐτοὺς
459 2784 721 2853 διελέγξει
745 2825 759 2848 ,
800 2787 861 2838 τὸ
897 2785 1022 2854 ἑξῆς
1055 2785 1364 2849 ἀκολούθως
1393 2786 1586 2850 σώζειν
1620 2786 1681 2839 ού
1719 2786 1812 2840 δυ-

224 2876 525 2946 ναμένους.
568 2875 644 2946 μὴ
687 2863 1100 2946 κεκρατηκότας
1137 2876 1228 2929 τὸν
1275 2878 1405 2948 περὶ
1459 2877 1813 2941 ἀναστάσεως

225 2967 325 3022 καὶ
369 2966 601 3036 κρίσεως
638 2965 858 3036 τρόπον.
900 2967 1024 3020 Ἐὰν
1067 2963 1162 3020 οὖν
1203 2967 1630 3039 πυνθανώμεθα,
1671 2969 1813 3032 τίνος

1987 2237 2183 2307 Hujus,
2223 2239 2422 2308 inquit,
2459 2239 2560 2292 loci
2593 2240 2920 2295 auctoritate
2951 2241 3096 2306 freti,
3131 2243 3498 2313 simpliciOres

1913 2331 2136 2400 quidam
2187 2347 2253 2385 ex
2294 2330 2546 2385 ﬁdelibus
2593 2339 2793 2398 negant
2847 2333 3022 2387 malos
3071 2337 3498 2393 resurrectionis

1911 2429 2192 2490 compotes
2223 2421 2458 2486 futuros,
2486 2429 2581 2476 aut
2615 2421 2704 2476 Dei
2733 2422 2946 2491 judicio
2967 2424 3294 2494 dignandos,
3319 2443 3497 2499 neque

1911 2511 2224 2578 cujusmodi
2267 2514 2746 2580 resurrectionem,
2781 2523 2872 2567 aut
2899 2517 3062 2585 quale
3094 2517 3198 2572 sibi
3223 2518 3495 2588 judicium

1918 2604 2148 2675 ﬁngant,
2187 2613 2372 2675 aperte
2410 2604 2544 2659 satis
2583 2605 2918 2674 exprimunt.
2961 2609 3039 2664 Ac
3088 2609 3215 2664 licet
3246 2627 3400 2666 suam
3433 2613 3500 2668 de

1919 2694 2005 2749 his
2033 2695 2364 2748 sententiam
2398 2695 2614 2764 aperire
2654 2695 2961 2762 videantur,
3006 2698 3123 2768 ipsa
3159 2699 3284 2754 illos
3324 2702 3505 2770 inqui-

1920 2785 2052 2839 sitio
2087 2785 2402 2851 convincet,
2437 2783 2804 2855 ostendetque
2851 2803 2950 2841 nec
2981 2787 3126 2858 quod
3157 2805 3506 2862 consequens

1919 2884 2002 2931 est
2038 2891 2103 2930 ac
2149 2876 2433 2931 cohaerens
2476 2876 2684 2930 servari
2717 2878 2786 2930 ab
2817 2878 2925 2932 illis
2960 2893 3144 2949 posse,
3177 2895 3279 2936 nec
3320 2897 3509 2936 resur-

1921 2965 2188 3020 rectionis
2221 2979 2285 3018 ac
2330 2965 2526 3034 judicii
2585 2965 2804 3019 modum
2856 2976 2909 3020 et
2954 2968 3215 3022 rationem
3259 2969 3508 3041 intelligi.

224 3057 527 3120 ἀνάστασις
555 3057 796 3124 γίνεται;
851 3060 1280 3130 ἀποκρίνονται,
1323 3061 1525 3131 φησιν,
1575 3062 1658 3114 ὅτι
1708 3062 1809 3115 τῶν

1923 3055 2096 3127 Igitur
2124 3056 2169 3110 si
2222 3056 2631 3125 interrogemus
2665 3057 2952 3125 cujusnam
2987 3059 3057 3112 sit
3105 3058 3289 3113 futura
3327 3075 3514 3114 resur-

229 3153 526 3222 σωμάτων,
562 3144 637 3204 ὧν
670 3151 1033 3223 περικείμεθα
1073 3151 1189 3206 νῦν.
1225 3148 1359 3205 Εἶτα
1388 3169 1819 3224 προσεπερωτη-

230 3243 444 3298 σάντων
483 3242 670 3314 ἡμῶν,
720 3243 948 3314 πότερον
981 3244 1081 3314 τῆς
1133 3245 1322 3308 οὐσίας
1368 3245 1496 3316 ὅλης
1541 3245 1818 3316 αύτῶν,ἢ

228 3335 356 3407 οὐχί
384 3355 400 3402 ;
436 3336 565 3406 πρὶν
598 3333 888 3405 βασανίσαι
926 3335 1177 3404 λέγουσιν
1203 3380 1218 3399 ,
1251 3339 1333 3390 ὅτι
1366 3337 1468 3407 τῆς
1497 3336 1644 3406 ὅλης.
1698 3337 1825 3390 Ἐὰν,

229 3428 295 3482 δὲ
325 3429 838 3499 προσαπορήσωμεν
891 3429 1424 3500 συμπεριφερόμενοι
1453 3432 1519 3501 τῇ
1571 3429 1826 3501 ἀκεραιό·

230 3533 362 3588 τητι
388 3517 600 3580 αὐτῶν,
645 3518 739 3570 καὶ
783 3518 936 3571 οὐδὲν
986 3517 1240 3588 περὶτοῦ
1287 3518 1518 3590 ῥευστὴν
1560 3515 1827 3588 εἶναιτὴν

232 3605 429 3660 οὐσίαν
461 3602 805 3671 ἐξετάζοντες
829 3644 844 3668 ,
874 3607 922 3657 εί
957 3605 1418 3674 συναναστήσεται
1457 3604 1526 3656 τὰ
1553 3603 1828 3676 ἀπορρεύ-

237 3713 412 3755 σαντα
443 3698 501 3750 ὲν
531 3696 920 3766 φλεϐοτομίαις
953 3697 1181 3768 αἵματα,
1213 3695 1308 3752 καὶ
1334 3697 1392 3756 αἱ
1431 3699 1745 3749 ὲκτακεϊσαι
1773 3697 1832 3747 ὲν

234 3789 418 3851 νόσοις
447 3788 650 3860 σάρκες
670 3828 684 3853 ,
721 3788 816 3842 καὶ⁵
840 3788 1024 3860 τρίχες
1057 3791 1228 3841 πᾶσαι
1265 3789 1322 3841 at
1353 3785 1575 3841 πώποτε
1604 3787 1832 3857 γενόμε‹

235 3900 332 3938 ναι
353 3924 368 3948 ,
408 3881 441 3954 ἣ
475 3883 633 3952 μόναι
663 3883 720 3935 αἱ
766 3882 904 3954 πρὸς
947 3885 1012 3952 τῇ
1045 3882 1210 3952 ἐξόδῳ
1239 3881 1582 3951 θλιϐόμεναι·
1613 3879 1702 3932 ὁτὲ
1733 3879 1832 3948 μὲν

239 3974 652 4045 προσκόπτουσι
689 3975 786 4028 καὶ
830 3976 896 4044 τῇ
953 3975 1214 4047 γινομένῃ
1263 3973 1541 4040 ἐξετάσει,
1595 3971 1833 4041 οἰόμενοι

1922 3147 2126 3202 rectio:
2165 3161 2484 3216 corporum,
2523 3147 2875 3217 respondent,
2907 3164 3028 3216 quae
3062 3165 3160 3205 nos
3193 3150 3352 3205 modo
3400 3152 3515 3206 cir-

1925 3237 2210 3292 cumdant.
2268 3237 2608 3294 lnslantibus
2656 3238 2850 3303 nobis,
2898 3241 3066 3294 totius
3121 3241 3338 3294 illorum
3386 3243 3518 3296 sub-

1929 3331 2148 3386 stantia:
2176 3345 2353 3385 necne
2379 3329 2560 3383 futura
2595 3331 2697 3384 sit:
2733 3339 3022 3399 antequam
3057 3331 3346 3402 diligenter
3373 3332 3521 3386 istud

1928 3421 2314 3491 expenderint,
2339 3420 2509 3475 totius
2529 3419 2645 3474 fore
2665 3421 3039 3490 pronuntiant.
3070 3420 3225 3486 Quod
3251 3422 3295 3476 si
3331 3438 3431 3477 nos
3453 3422 3523 3477 ad

1928 3514 2148 3568 illorum
2173 3512 2576 3583 simplicitatem
2602 3512 3117 3574 accommodantes,
3156 3527 3334 3582 neque
3375 3511 3527 3582 quid-

1930 3622 2095 3678 quam
2125 3605 2192 3660 de
2222 3604 2368 3659 ﬂuxa
2397 3619 2461 3658 ac
2508 3603 2758 3658 mutabili
2793 3618 3085 3675 corporum
3114 3613 3310 3658 natura
3339 3604 3528 3674 dispu-

1937 3703 2139 3760 tantes,
2172 3694 2476 3750 dubitando
2508 3710 2730 3749 rursum
2784 3694 3218 3764 interrogemus,
3252 3710 3382 3747 num
3418 3708 3527 3748 una

1935 3790 2160 3863 sanguis
2210 3789 2300 3843 ille
2342 3789 2524 3843 omnis
2564 3795 2843 3857 resurgat,
2875 3787 2967 3856 qui
3029 3795 3178 3842 secta
3231 3786 3530 3842 identidem

1941 3897 2078 3935 vena
2111 3879 2424 3942 deﬂuxerit,
2458 3894 2521 3933 ac
2557 3878 2824 3948 quidquid
2860 3887 3121 3948 praeterea
3160 3878 3346 3932 carnis
3384 3893 3535 3931 mor-

1944 3972 2140 4027 borum
2172 3973 2256 4027 vis
2302 3973 2695 4042 absumpserit,
2724 3986 2938 4024 necnon
2972 3978 3026 4025 et
3058 3970 3151 4040 pili
3195 3985 3410 4033 omnes,
3438 3970 3535 4040 qui

238 4064 354 4120 δεῖν
408 4065 720 4138 ἐπιτρέπειν
772 4065 851 4136 τῷ
877 4066 1032 4138 Θεῷ,
1082 4065 1110 4119 ὃ
1157 4065 1408 4136 βούλεται
1453 4065 1581 4136 περὶ
1629 4063 1809 4117 τούτωι

1942 4079 2184 4134 unquam
2217 4065 2363 4118 enati
2391 4071 2541 4129 sunt,
2572 4079 2640 4116 an
2667 4065 2701 4116 ii
2734 4063 3031 4126 duntaxat,
3057 4064 3150 4130 qui
3188 4063 3291 4116 sub
3322 4062 3533 4116 obitum

241 4161 457 4213 ποιεῖν’
506 4159 596 4212 ὁτὲ
648 4159 734 4222 δὲ,
771 4157 1054 4222 δοκοῦντες
1100 4158 1588 4227 συγκαταϐαίνειν.
1621 4158 1718 4222 τὰς
1746 4158 1809 4209 ὲπ

1940 4167 2188 4212 nostrum
2237 4155 2623 4210 eilloruerint:
2669 4170 3065 4224 nonnunquam
3116 4154 3183 4208 ad
3218 4169 3336 4209 eam
3379 4169 3533 4224 qum-

239 4253 395 4312 τέλει
423 4251 625 4322 ταύτης
656 4252 756 4322 τῆς
801 4251 946 4320 ζωῆς
978 4251 1172 4320 τρίχας
1213 4250 1378 4320 φασὶν
1426 4252 1559 4321 ἡμῖν
1607 4267 1808 4304 συνανα

1943 4251 2178 4306 stionem
2232 4248 2537 4311 oﬂ‘endunt,
2578 4263 2642 4302 ac
2680 4247 2788 4301 Deo
2822 4246 3246 4316 permittendum
3284 4260 3407 4300 esse
3453 4245 3540 4298 di«

245 4343 568 4414 στήσεσθαι.
609 4343 673 4396 Oi
703 4343 760 4396 δὲ
789 4341 1157 4414 γενναιότεροι
1184 4341 1386 4409 αὐτῶν,
1426 4341 1513 4393 ἵνα
1558 4339 1632 4411 μὴ
1669 4341 1809 4410 ἀναγ

1943 4347 2098 4405 cunt,
2115 4347 2174 4392 ut
2197 4338 2461 4407 quidquid
2482 4337 2711 4392 voluerit
2737 4336 2804 4391 de
2820 4351 2882 4390 ea
2908 4335 3238 4400 constituat;
3259 4333 3537 4388 interdum

245 4409 526 4500 κάξωνται
559 4435 627 4490 τά
649 4409 858 4505 αἵματα
893 4409 1216 4502 συναγαγεῖν
1248 4433 1325 4503 τῷ
1353 4433 1517 4502 λόγῳ,
1545 4409 1809 4486 τάγπολλά

1947 4447 2098 4495 vero,
2114 4431 2262 4486 velut
2282 4431 2654 4493 assentiendo,
2675 4429 2823 4483 solos
2843 4429 2964 4482 illos
2990 4428 3272 4482 nobiscum
3293 4441 3540 4480 resurre-

245 4544 342 4590 κις
369 4525 736 4597 ἀποκριθέντα
769 4525 878 4578 τῶν
913 4524 1182 4594 σωμάτων
1207 4523 1363 4595 ἡμῶν
1383 4562 1398 4588 ,
1427 4524 1522 4576 καὶ
1551 4524 1655 4587 τὰς
1678 4539 1809 4594 μετα

1950 4532 2141 4578 cturos
2175 4539 2300 4578 esse
2346 4523 2488 4592 pilos
2523 4529 2799 4584 asserunt,
2846 4535 2984 4590 quos
3031 4519 3135 4574 sub
3171 4519 3295 4572 vitae
3331 4519 3540 4572 exitum

249 4617 556 4680 ϐαλλούσας
583 4617 793 4688 σάρκας
829 4619 889 4670 ὲν
921 4616 1097 4679 νόσοις
1143 4617 1158 4646 ¹
1201 4614 1464 4687 ἱδρῶτας,
1507 4615 1540 4686 ἢ
1589 4615 1706 4674 οἵαν
1749 4615 1809 4686 δή

1955 4616 2334 4670 habuerimus.
2362 4615 2430 4668 At
2461 4614 2552 4684 qui
2588 4614 2763 4684 magis
2793 4613 2935 4666 inter
2968 4611 3091 4665 illos
3128 4610 3343 4666 strenui
3387 4616 3538 4671 sunt,

253 4727 391 4774 ποτε
446 4710 619 4782 ὓλην,
671 4710 803 4779 φασὶ
857 4709 926 4762 τὰ
974 4709 1068 4761 ἐπὶ
1122 4707 1265 4761 τέλει
1315 4707 1472 4778 ἡμῶν
1525 4705 1809 4762 ἀνίστασθε

1956 4725 2026 4764 ne
2075 4709 2362 4778 sanguinis
2411 4708 2625 4777 copiam
2674 4721 2892 4760 omnem
2920 4747 2934 4770 ,
2967 4705 3062 4774 qui
3104 4720 3170 4758 ex
3217 4702 3542 4772 corporibus

254 4803 507 4876 σώματα.

1957 4798 2166 4856 nostris
2221 4799 2542 4868 plerumque
2588 4794 2751 4867 534
2789 4803 3034 4850 secretus
3072 4800 3188 4854 est,
3245 4793 3547 4858 itidemque

253 4913 483 4954 carnem
526 4910 768 4959 omnem,
798 4910 920 4965 quae
949 4911 1047 4965 per
1086 4896 1309 4950 morbos
1341 4895 1395 4948 in
1437 4895 1717 4957 sudorem,
1753 4902 1849 4948 aut
1888 4893 2050 4950 aliam
2085 4892 2359 4962 ejusmodi
2403 4893 2688 4945 materiam
2756 4888 2910 4950 abiit,
2983 4887 3036 4940 in
3081 4900 3248 4938 unum
3293 4881 3546 4937 conferre

254 5005 362 5049 sua
395 4989 644 5044 oratione
688 4995 978 5059 cogantur,
1014 4989 1196 5058 qualia
1237 4987 1342 5042 sub
1371 4998 1603 5045 mortem
1637 4990 1972 5052 exstiterint,
2011 5001 2299 5056 resurgere
2344 4998 2576 5054 corpora
2612 4989 2798 5036 nostra
2840 4979 3155 5050 przedicant.

336 5105 434 5158 ΙΝ.
477 5101 662 5156 Ταῦτά
693 5102 810 5155 ἐστι
859 5101 929 5158 τὰ
955 5099 1051 5156 τοῦ
1083 5100 1487 5172 προειρημένου
1531 5098 1809 5168 ὲθελοσόφς

2026 5095 2119 5152 XI.
2165 5095 2258 5150 lla;
2304 5093 2564 5164 opinione
2626 5103 2721 5146 sua
2771 5086 3034 5157 sapientis
3101 5082 3248 5137 illius
3305 5080 3551 5134 hominis

256 5194 647 5268 ἐπαπορητικά
685 5194 824 5266 πρὸς
855 5193 956 5265 τὴν
996 5193 1252 5265 ἀλήθειαν
1298 5192 1560 5258 λεξείδιαο
1601 5191 1636 5246 ἃ
1688 5195 1809 5258 ἀνατ

1960 5189 2228 5244 adversus
2258 5187 2546 5241 veritatem
2584 5183 2878 5255 proposita:
2912 5175 3334 5248 objectiunculae
3375 5181 3500 5227 sunt
3530 5190 3544 5230 :

261 5289 440 5352 καίως
487 5285 811 5360 παρεθέμην
859 5288 939 5349 εἰς
972 5284 1316 5359 παράστασιν
1357 5283 1803 5354 τοῖςιβουλομένο

1954 5295 2077 5350 qua:
2102 5279 2236 5334 mihi
2269 5276 2586 5332 necessario
2613 5272 2951 5346 proferenda:
2999 5270 3238 5331 fuerunt,
3284 5277 3342 5320 ut
3381 5281 3548 5336 quam

259 5377 466 5434 ειδέναι
493 5377 586 5431 τὸν
615 5375 794 5429 πάντα
833 5375 958 5429 νοῦν
994 5375 1174 5430 αὐτῶν
1210 5374 1310 5444 τῆς
1345 5373 1474 5445 περὶ
1508 5371 1809 5426 ἀναστάσευ

1958 5373 2050 5427 ille
2093 5371 2160 5427 de
2193 5369 2604 5426 resurrectione
2635 5381 2828 5438 parum
2871 5380 3004 5419 sane
3059 5377 3122 5416 ac
3158 5360 3390 5415 ﬁdeliter
3422 5374 3546 5414 sen’

262 5468 554 5532 ἀπιστίας.
590 5467 700 5521 Καὶ
741 5466 853 5538 γὰρ
894 5467 989 5520 καὶ
1015 5466 1148 5520 ἀλλα
1188 5465 1301 5536 ἔχει
1334 5465 1455 5536 μεθ’
1487 5465 1652 5534 ἕτερα
1691 5463 1809 5516 πολ]

1961 5462 2118 5528 serit,
2153 5462 2274 5532 ejus
2303 5461 2382 5517 rei
2420 5459 2790 5532 intelligenda:
2817 5456 3032 5528 cupidis
3064 5455 3288 5526 planum
3322 5451 3549 5506 omnino

265 5560 333 5615 ὲν
371 5557 546 5632 ταύτῃ
577 5561 644 5630 τῇ
695 5556 788 5611 τοῦ
837 5556 1057 5629 ψαλμοῦ
1113 5555 1428 5628 ἀκολουθίᾳ.
1471 5555 1674 5609 Φάσκει
1720 5555 1809 5625 γάε

1962 5553 2224 5611 facerem.
2245 5552 2384 5608 Nam
2412 5559 2468 5611 et
2491 5552 2595 5608 alia
2617 5551 2686 5608 ad
2712 5551 2964 5607 eumdem
2991 5547 3260 5620 psalmum
3293 5544 3548 5614 deinceps

355 5715 372 5745 ¹
400 5715 562 5774 Deest
589 5718 688 5778 εἱς.
768 5717 788 5748 ⁸
821 5715 1005 5770 Matth.
1043 5731 1114 5774 xi,
1147 5714 1236 5767 ‘27.
1316 5713 1334 5744 ³
1363 5711 1521 5768 Joau.
1552 5728 1659 5776 xw,
1691 5710 1742 5764 9.

1916 5707 2013 5766 sal.
2058 5722 2099 5773 ι,
2122 5707 2176 5764 5.
