4046 6464
247 426 390 483 1089

892 421 1265 482 ADVERSUS
1289 422 1638 481 ‘HIERESES
1675 423 1806 481 LIB.

1956 425 2120 482 ΤΟΜ.
2165 427 2298 481 1.-
2339 426 2616 487 ΙΙιΕῐῖΕδ.
2660 429 2844 486 LXIV.

3386 436 3526 495 1090

241 536 359 591 τῶν
409 537 635 592 ἐκείνων
691 538 979 610 σωμάτων.
1027 540 1137 593 Καὶ
1186 540 1349 595 πάλιν
1386 541 1572 595 ἐκεῖνα
1603 539 1709 594 ὑπὸ
1746 540 1841 594 ἀν·

1944 547 2194 598 nostrum
2269 542 2530 597 alimenta
2601 542 2966 616 digeruntur,
3031 530 3529 619 similitudinesque

245 628 486 699 θρὼπων
533 629 567 699 ἢ
621 630 822 700 ἐτέρων
851 628 1006 694 ζώων
1037 630 1328 703 ἐσθιόμενα
1367 630 1839 702 ἀντιμεταόάλλει,

242 720 578 789 καὶγίνεται
604 719 909 792 ἀνθρώπων
943 720 976 791 ἦ
1012 723 1215 793 ἑτέρων
1244 721 1398 787 ζώων
1438 720 1687 793 σώματα.
1732 723 1845 776 Καὶ

241 811 442 865 τούτου
472 813 567 866 ἐπὶ
599 813 734 867 πολὺ
761 813 1085 883 γιγνομένου
1112 852 1128 880 ,
1163 814 1377 886 ἀνάγκη
1406 814 1468 867 τὸ
1512 813 1646 868 αὐτὸ
1683 814 1844 886 σῶμα

242 902 512 956 πλειόνων
536 900 841 975 ἀνθρώπων
875 903 1139 968 πολλάκις
1170 905 1425 973 γενέσθαι
1468 904 1654 976 μέρος.
1687 904 1843 970 Τίνος

243 992 342 1049 οὖν
381 995 535 1049 ἔσται
586 995 747 1065 σῶμα
783 997 842 1050 ἐν
889 999 957 1069 τῇ
1017 997 1346 1065 ἀναστάσει;
1387 997 1500 1051 Καὶ
1537 996 1710 1061 οὕτως
1759 999 1841 1063 εἰς

244 1086 409 1157 βυθὸν
468 1086 736 1159 φλυαρίας
783 1087 932 1159 ἡμᾶς
988 1087 1218 1158 ἀλόγους
1269 1091 1284 1119 ¹
1342 1088 1684 1160 συμϐήσεται
1733 1090 1836 1161 ἐμ-

244 1197 492 1234 πιπτειν.

1944 641 2338 707 transmutant,
2369 637 2442 691 ita
2473 649 2527 693 et
2550 653 2783 711 corpora
2806 649 2997 697 nostra
3021 642 3289 709 converti,
3325 651 3378 700 et
3405 657 3527 700 car-

1941 725 2151 782 nivoris
2191 727 2385 783 avibus
2414 727 2656 801 ferisque
2699 730 2926 801 depasta
2970 747 3263 804 corporum
3305 732 3525 790 illorum

1940 827 2126 888 partes
2169 812 2330 876 ellici.
2369 812 2768 893 Qum-quidem
2810 840 3029 882 rursum
3083 825 3153 882 ab
3208 827 3527 884 hominibus

1943 916 2038 963 aut
2073 904 2195 964 aliis
2247 907 2579 985 animalibus
2611 912 2870 968 devorata
2919 915 3164 971 vicissim
3215 924 3524 985 mutantur,

1945 988 2000 1053 et
2023 982 2303 1055 hominum
2344 1001 2430 1056 vel
2478 1001 2710 1056 aliorum
2742 1003 3057 1059 animalium
3089 1020 3321 1077 corpora
3353 1006 3524 1061 ﬁunt:

1944 1105 2052 1160 qua
2092 1106 2152 1147 re
2185 1093 2385 1163 sapius
2439 1096 2690 1166 repetita,
2736 1112 2961 1153 necesse
2998 1106 3081 1153 est
3132 1098 3273 1153 idem
3322 1113 3526 1169 corpus

1943 1183 2310 1253 complurium
2344 1184 2626 1240 hominum
2668 1187 2868 1257 saepius
2906 1204 3029 1244 esse
3067 1196 3297 1260 partem.
3325 1190 3527 1260 Cujus-

242 1289 373 1328 nam
416 1274 583 1346 igitur
623 1274 678 1329 in
720 1274 1125 1331 resurrectione
1180 1288 1384 1346 corpus
1414 1289 1539 1331 esse
1576 1272 1841 1331 debebit?
1867 1275 1953 1337 Ita
2024 1292 2128 1333 nos
2172 1277 2322 1333 velut
2356 1278 2568 1334 ratione
2607 1275 2852 1335 destituti
2895 1282 2950 1335 in
2993 1282 3291 1338 altissimas
3359 1296 3527 1353 quas-

242 1367 375 1422 dam
409 1383 584 1437 nugas
616 1376 781 1439 atque
808 1368 1041 1438 ineptias
1070 1368 1440 1425 devolvimur.

317 1464 418 1517 ll".
462 1466 569 1519 Καὶ
596 1450 754 1536 ’μετά
793 1450 1128 1531 ταύταςτὰς
1159 1466 1395 1538 ἀπορίας
1424 1464 1519 1518 ἐπὶ
1560 1465 1620 1518 τὸ
1656 1465 1836 1519 πάντα
1867 1446 1873 1452 θ

239 1553 449 1610 δυνατά
477 1553 617 1611 εἶναι
654 1558 733 1630 τῷ
765 1558 886 1630 Θεῷ
920 1560 1323 1630 καταφεύγουσι
1348 1576 1379 1622 ,’
1401 1560 1495 1614 καὶ
1524 1559 1697 1625 λέξεις
1723 1559 1834 1614 τῶν

239 1647 478 1718 Γραφῶν
503 1650 812 1721 δυναμένας
841 1650 983 1706 κατά
1009 1652 1108 1725 τὴν
1137 1654 1427 1725 πρόχειρον
1453 1651 1679 1723 ἐκδοχὴν
1709 1652 1836 1705 ὑπο-

241 1739 465 1795 ϐάλλειν
498 1740 559 1793 τὸ
597 1741 886 1813 νοούμενον
922 1744 1107 1808 αὐτοῖς
1142 1744 1531 1816 προφέρονται.
1582 1738 1707 1797 Οἴον
1735 1742 1837 1813 τὴν

239 1832 302 1885 ὲν
334 1830 412 1902 τῷ
452 1831 712 1905 Ἰεζεκιήλ
730 1850 745 1865 ο
777 1834 887 1889 Καὶ
915 1834 1154 1906 ἐγένετο
1182 1836 1273 1891 ἐπ’
1299 1834 1405 1906 ἐμὲ
1435 1835 1564 1906 χεὶρ
1590 1835 1834 1903 Κυρίου·

239 1894 395 1987 sul,-
430 1894 717 1995 Ἐεῆγαγέ
740 1943 819 1995 με
854 1926 919 1979 ἐτ
952 1894 1245 1997 πνεύματι
1267 1968 1283 1993 ,
1324 1894 1642 1994 νωηὲθηκέ
1663 1894 1741 1994 ,με
1767 1894 1910 1995 ἐν,Β

231 2012 412 2082 μέσῳ
439 2015 685 2084 πεδίου,
737 2018 834 2070 καὶ
867 2017 1046 2072 τοῦτο
1088 2014 1170 2089 ἦν
1190 2020 1422 2088 μεστὸν
1459 2016 1689 2071 ὀστέων
1735 2014 1840 2069 ἀν-

240 2107 512 2177 θρώπων.
571 2109 685 2163 Καὶ
733 2109 1056 2180 περιήγαγέ
1101 2127 1179 2181 με
1215 2110 1316 2169 ἐπ’,
1346 2110 1501 2166 αὑτά
1536 2108 1839 2165 κυκλόθεν

240 2201 456 2266 κύκλῳ
474 2218 487 2232 ·
524 2201 623 2256 καὶ
657 2201 785 2255 ὶδοὺ
836 2201 1041 2256 πολλὰ
1090 2203 1327 2272 σφόδρα
1368 2202 1466 2256 ἐπὶ
1510 2203 1838 2272 προσώπου

240 2293 354 2347 τοῦ
392 2292 637 2345 πεδίον
675 2294 773 2346 καὶ
806 2292 938 2347 ἰδοὺ
968 2292 1121 2348 αὐτὰ
1170 2293 1326 2361 ξηρὰ
1370 2295 1530 2353 λίαν.
1567 2294 1676 2350 Kal
1706 2291 1839 2350 εἷπε

242 2382 399 2451 πρὸς
431 2382 512 2453 μέ
530 2400 543 2413 ·
600 2384 694 2455 Υἱὲ
741 2383 1056 2452 ἀνθρώπου
1084 2425 1097 2447 ,
1140 2386 1193 2439 sl
1236 2382 1476 2451 ζήσεται
1526 2385 1601 2439 τὰ
1653 2387 1839 2442 ὀστέα

242 2475 466 2540 ταῦτα;
514 2476 623 2529 Καὶ
662 2472 868 2531 εἷπον·
904 2477 1085 2545 Κύριε
1123 2479 1156 2531 ό
1187 2476 1360 2543 Θεὸς,
1402 2476 1485 2530 σὺ
1508 2478 1839 2533 ἐπίστασαι

241 2567 457 2621 ταῦτα.
491 2569 601 2621 Kal
641 2564 772 2622 εἷπε
797 2567 947 2638 πρὸς
969 2568 1077 2638 μέσ
1106 2566 1542 2638 Προφήτευσον
1559 2609 1575 2636 ,
1604 2568 1702 2649 ,υἱὲ
1728 2570 1835 2623 ἀν·-

243 2659 502 2728 θρώπου.
535 2658 650 2713 Καὶ
686 2656 860 2715 εἷπον
898 2660 1048 2729 πρὸς
1071 2659 1226 2714 αὑτά
1249 2677 1265 2693 ·
1298 2658 1375 2715 Τὰ
1412 2659 1597 2715 ὀστέα
1623 2660 1698 2715 τὰ
1732 2660 1851 2730 ειη-μ

234 2750 325 2817 ρὰ
353 2747 541 2803 ταῦτα
565 2788 579 2812 ,
614 2749 918 2804 ἀκούσατε
964 2751 1157 2819 λόγον
1202 2750 1428 2818 Κυρίου
1455 2766 1468 2782 ο
1498 2750 1648 2805 Τάδε
1676 2751 1839 2822 λέγει

257 2839 495 2894 Ἀδονατ
525 2842 734 2910 Κύριος
788 2841 913 2907 τοῖς
954 2842 1191 2908 ὀστέοις
1218 2843 1482 2908 τούτοις·
1529 2842 1685 2898 Ἰδοὺ
1722 2843 1838 2915 ἐγὼ

240 2929 470 3002 εἰσάγω
515 2935 604 2998 εὶς
654 2933 810 3003 ὑμᾶς
864 2934 1102 3003 πνεῦμα
1149 2932 1328 3002 ζωῆς·
1366 2934 1465 2989 καὶ
1523 2933 1727 2990 δώσωα
1749 2939 1839 3003 εις

239 3018 409 3091 ὑμᾶς
448 3021 633 3091 νεῦρα
655 3039 668 3053 ο
723 3024 822 3078 καὶ
851 3025 1055 3090 ἐπάξω
1097 3027 1189 3096 ἐφ’
1231 3025 1389 3096 ὑμᾶς
1424 3027 1688 3097 σάρκας,
1738 3030 1837 3085 καὶ

242 3112 472 3167 ἐκτενῶ
518 3115 617 3184 ἐφ’·
644 3114 802 3185 ὑμᾶς
848 3116 1034 3186 δέρμα
1054 3135 1069 3150 ο
1105 3118 1204 3172 καὶ
1254 3118 1427 3174 δώσω
1478 3119 1546 3173 τὸ
1598 3121 1840 3191 πνεῦμά

2023 1458 2156 1518 illi.
2197 1460 2467 1520 Caeterum
2503 1470 2625 1534 post
2672 1461 2794 1519 haec
2831 1478 2862 1518 a
2896 1464 3058 1519 nobis
3093 1465 3306 1535 objecta
3335 1481 3401 1521 eo
3430 1468 3526 1523 (Ιολ-

1942 1570 2092 1610 mum
2140 1571 2200 1612 se
2247 1555 2493 1612 referunt
2521 1595 2537 1621 ,
2585 1563 2646 1610 ut
2690 1556 2875 1611 omnia
2927 1555 3039 1612 Deo
3082 1559 3364 1627 possibilia
3403 1573 3528 1616 esse

1942 1647 2148 1713 dicant,
2187 1656 2350 1718 atque
2395 1647 2464 1703 ad
2516 1646 2828 1720 opinionem
2879 1664 3035 1705 suam
3079 1651 3326 1721 quaedam
3373 1650 3526 1708 Scri-

1942 1748 2118 1811 ptura:
2145 1741 2477 1819 testimonia,
2520 1754 2641 1811 quas
2676 1734 2870 1810 primo
2904 1741 3176 1813 obvioque
3208 1758 3373 1798 sensu
3406 1740 3527 1798 illo-

1944 1846 2066 1885 rum
2115 1830 2445 1886 coniirmare
2495 1831 2692 1902 dogma
2754 1831 3050 1896 videntur,
3110 1834 3528 1890 accommodare

1941 1924 2216 1978 nituntur.
2250 1922 2424 1989 Quale
2466 1930 2551 1979 est
2589 1920 2894 1978 Ezechielis
2939 1922 3109 1977 illud:
3157 1920 3225 1977 Et
3269 1924 3416 1994 facta
3446 1932 3526 1979 est

1941 2026 2099 2084 super
2126 2028 2206 2069 me
2230 2025 2418 2068 manus
2439 2013 2685 2077 Domini;
2714 2021 2769 2068 et
2790 2028 2803 2067 :
2823 2009 3022 2067 Eduxit
3050 2030 3131 2068 me
3151 2014 3203 2067 in
3229 2015 3440 2082 spiritu,
3474 2024 3527 2069 et

1939 2106 2117 2175 posuit
2148 2122 2230 2160 me
2252 2107 2306 2160 in
2334 2105 2504 2161 medio
2527 2106 2721 2175 campi,
2751 2114 2800 2159 et
2831 2102 2917 2159 hic
2948 2115 3062 2160 erat
3098 2106 3283 2174 plenus
3315 2106 3524 2159 ossibus

1940 2199 2234 2253 hominum.
2267 2197 2337 2252 Et
2369 2198 2716 2255 circumduxit
2765 2214 2846 2253 me
2876 2198 2946 2251 ad
2975 2215 3037 2252 ea
3080 2213 3172 2266 per
3205 2197 3485 2251 cireuitum
3502 2210 3524 2261 ;

1939 2301 1990 2347 et
2017 2308 2131 2348 ecce
2160 2291 2331 2371 multa
2365 2291 2514 2346 valde
2541 2292 2598 2345 in
2627 2285 2906 2361 superﬁcie
2950 2288 3161 2375 campi;
3189 2300 3236 2344 et
3269 2303 3383 2344 ecce
3411 2291 3524 2357 ipsa

1941 2383 2099 2438 arida
2130 2382 2303 2439 valde.
2338 2382 2407 2437 Et
2437 2383 2574 2438 dimit
2614 2385 2681 2436 ad
2712 2396 2825 2437 me:
2860 2376 2974 2436 Fili
3003 2377 3255 2450 hominis,
3279 2383 3327 2437 si
3355 2382 3526 2437 vivent

1941 2492 2064 2530 ossa
2107 2476 2261 2530 lucc?
2288 2473 2356 2529 Et
2391 2475 2544 2530 dixi:
2578 2474 2803 2553 Domine
2839 2473 2999 2540 Deus,
3034 2471 3096 2528 tu
3122 2476 3229 2529 ista
3266 2476 3426 2530 nosti.
3455 2474 3526 2528 Et

1940 2568 2080 2622 dixit
2101 2567 2168 2621 ad
2201 2583 2311 2623 me:
2334 2567 2680 2639 Prophetiza,
2704 2568 2783 2637 fili
2805 2566 3055 2623 hominis.
3082 2565 3151 2620 Et
3175 2564 3376 2621 locutus
3398 2568 3523 2622 sum

1944 2660 2012 2715 ad
2035 2658 2175 2715 hazc:
2197 2658 2334 2716 Ossa
2353 2660 2532 2723 arida,
2558 2658 2737 2714 audite
2753 2660 2964 2714 verbum
2987 2659 3229 2714 Domini:
3253 2660 3378 2716 [hcc
3394 2661 3523 2716 dicit

1943 2752 2204 2808 Dominus
2231 2752 2366 2808 Deus
2388 2754 2594 2808 ossibus
2616 2753 2770 2817 istis:
2790 2752 2921 2808 Ecce
2939 2754 3075 2807 enim
3098 2754 3345 2807 inducam
3371 2757 3419 2807 :‘n
3437 2770 3526 2809 vos

1944 2844 2191 2914 spiritum
2222 2845 2363 2910 vitro,
2390 2853 2440 2899 et
2471 2832 2747 2914 ponam-in
2775 2843 2919 2899 vobis
2949 2860 3171 2909 nervos;
3205 2853 3253 2898 et
3276 2844 3529 2899 inducam

1941 2936 1997 2990 in
2028 2952 2115 2989 vos
2145 2952 2353 2997 carnes,
2398 2944 2449 2989 et
2489 2926 2768 2989 extendam
2814 2951 2970 3003 super
3003 2952 3092 2989 uos
3123 2944 3328 3000 cutem;
3364 2935 3530 3007 536

1940 3033 1992 3079 et
2029 3024 2168 3080 dabo
2197 3026 2442 3094 spiritum
2483 3041 2656 3080 meum
2694 3027 2749 3079 in
2783 3042 2893 3089 vos,
2927 3036 2977 3079 et
3011 3027 3222 3092 vinetis;
3257 3035 3306 3080 et
3332 3029 3526 3095 ponam

1942 3135 2029 3173 vos
2064 3118 2117 3172 in
2149 3126 2293 3172 terra
2322 3129 2516 3183 vestra,
2546 3127 2595 3174 et
2638 3118 2960 3189 cognoscetis
2991 3119 3117 3189 quia
3150 3135 3242 3189 ego
3272 3116 3397 3173 sum
3421 3119 3529 3172 Do-

235 3221 364 3273 μου
397 3204 490 3274 ἐφ’
528 3205 719 3276 ὑμᾶς,
765 3209 863 3261 καὶ
909 3206 1162 3276 ζήσεσθε
1188 3226 1201 3239 ·
1237 3210 1336 3264 καὶ
1381 3210 1644 3281 θήσομαι
1685 3210 1838 3282 ὑμᾶς

1944 3212 2118 3266 minus
2140 3210 2180 3265 ³.
2211 3209 2325 3266 lloc
2354 3209 2521 3280 igitur
2548 3210 2890 3279 probabilius
2917 3210 3131 3265 caeteris
3154 3210 3525 3265 testimonium

242 3295 350 3350 ἐπὶ
392 3297 507 3366 τὴν
550 3298 669 3368 γῆν
698 3299 897 3369 ὑμῶν,
932 3301 1029 3356 καὶ
1072 3301 1417 3373 γνώσεσθε,
1454 3302 1543 3358 ὅτι
1580 3302 1696 3374 ἐγὼ
1720 3306 1840 3374 ειμι

240 3386 483 3455 Κύριος.
526 3387 712 3461 Τούτῳ
767 3390 869 3461 μὲν
903 3388 1019 3445 ,οὖν
1056 3392 1431 3466 πιθανωτέρῳ
1472 3395 1711 3467 χρῶνται
1762 3397 1842 3469 τῷ

245 3478 435 3551 puti);
462 3477 568 3533 Καὶ
598 3480 739 3534 ἄλλα
775 3481 831 3535 δὲ
868 3483 1117 3552 λέγουσιν
1147 3485 1481 3554 εὐαγγελικά
1509 3504 1523 3518 ο
1584 3483 1694 3542 οἷον
1717 3529 1735 3555 ,
1765 3490 1842 3553 ὡς

240 3572 348 3635 τὸ,
383 3572 538 3625 Ἐκεῖ
574 3573 748 3627 ἔσται
777 3577 811 3629 ὁ
845 3576 1156 3645 κλαυθμὸς
1192 3577 1292 3630 καὶ
1337 3580 1369 3631 ό
1394 3579 1671 3648 ,βρυγμὸς
1723 3581 1844 3635 τῶν

244 3660 518 3715 ὀδόντων
547 3677 563 3692 ·
613 3663 707 3716 καὶ
737 3664 800 3718 τὸ
819 3704 832 3726 ,
879 3663 1183 3734 Φοϐήθητε
1214 3664 1323 3719 τὸν
1364 3667 1710 3738 δυνάμενον
1739 3670 1839 3724 καὶ

240 3754 466 3825 ψυχὴν
488 3755 588 3809 καὶ
618 3755 793 3826 σῶμα
819 3758 1137 3813 ἀπολέσαι
1164 3759 1236 3813 ἐν
1266 3759 1485 3830 γεέννῃ
1519 3777 1533 3793 ο
1565 3762 1659 3816 καὶ
1687 3761 1750 3815 τὸ
1782 3763 1843 3823 ὲν

241 3843 329 3915 τῷ
355 3844 557 3915 Παύλῳ
580 3861 594 3873 ·
637 3845 1008 3913 Ζωοποιήσει
1051 3848 1125 3901 τὰ
1154 3846 1322 3918 ὑμῶν
1350 3850 1600 3919 σώματα
1643 3850 1742 3906 διὰ
1773 3851 1841 3905 τὸ

237 3937 529 3991 ἐνοικοῦν
546 3939 734 3993 αὑτοῦ
753 3938 992 4009 πνεῦμα
1009 3939 1080 3994 ἐν
1107 3941 1271 4011 ὑμῖν.
1831 3988 1839 4017 τ

272 4050 278 4057 ·
322 4032 421 4084 ΙΔθ.
447 4029 569 4102 Χρὴ
601 4032 660 4084 δὲ
685 4032 864 4086 πάντα
894 4032 986 4086 τὸν
1013 4032 1281 4106 φιλαλήθη
1313 4035 1433 4090 κατ’
1468 4035 1632 4090 αὐτὸν
1665 4036 1687 4068 ²
1718 4033 1843 4089 τού-

245 4138 363 4186 τοις
391 4123 482 4176 τὺν
505 4122 631 4177 νοῦν
651 4125 1025 4197 ἐπιστήσαντα
1052 4127 1183 4199 περὶ
1206 4128 1304 4199 τῆς
1332 4129 1681 4194 ἀναστάσεως
1702 4129 1845 4198 ἀγω-

243 4215 523 4281 νίσασθαι,
557 4215 731 4270 σῶσαί
766 4228 823 4273 τε
852 4218 945 4271 καὶ
973 4219 1073 4291 τὴν
1105 4220 1213 4274 τῶν
1246 4222 1488 4293 ἀρχαίων
1520 4223 1840 4294 παράδοσιν,

243 4306 345 4361 καὶ
376 4306 718 4376 φυλάξασθαι
750 4309 1013 4379 ἐμπεσεῖν
1043 4311 1122 4375 εἰς
1156 4311 1424 4383 φλυαρίαν
1462 4313 1690 4384 πτωχῶν
1718 4329 1845 4383 νοη-

247 4397 442 4469 μάτων
464 4440 481 4464 ,
510 4398 789 4455 ἀδυνάτων
826 4415 888 4452 τε
919 4400 1037 4470 ἀμα
1089 4402 1186 4455 καὶ
1213 4401 1349 4456 Θεοῦ
1380 4401 1636 4469 ἀναξίων.
1670 4402 1843 4457 Τοῦτο

243 4486 344 4544 οὖν
392 4491 472 4553 εἰς
516 4490 608 4544 τὸν
656 4488 820 4546 τόπον
867 4490 1234 4570 διαληπτέον,⁶
1264 4493 1348 4547 ὅτι
1383 4494 1501 4547 Πᾶν
1536 4493 1709 4565 σῶμα
1736 4495 1842 4549 ὑπὸ

1942 3312 2048 3375 est,
2080 3304 2667 3375 quaicommem‘orare
2714 3300 2929 3363 solent;
2979 3309 3178 3370 praeter
3209 3299 3355 3370 quod
3389 3314 3530 3354 non-

1942 3395 2092 3450 nulla
2122 3410 2191 3450 ex
2214 3393 2523 3465 Evangeliis
2550 3404 2900 3462 expromunt.
2935 3390 3093 3447 Velut
3124 3411 3137 3448 :
3174 3390 3257 3448 Ibi
3292 3394 3389 3445 erit
3429 3391 3522 3464 ﬂe-

1945 3498 2029 3542 tus
2070 3496 2120 3542 et
2163 3487 2365 3542 stridor
2424 3486 2732 3554 dentium";
2786 3487 2960 3540 item:
3015 3485 3212 3540 Timete
3247 3500 3386 3548 eum,
3437 3484 3528 3554 qui

1940 3588 2109 3650 potest
2142 3589 2190 3635 et
2221 3580 2457 3633 animam
2500 3588 2548 3632 et
2587 3566 2777 3646 corpus
2820 3575 3034 3643 perdere
3074 3577 3129 3630 in
3156 3576 3521 3647 gehennam";

1943 3680 2058 3726 tum
2088 3669 2220 3725 illud
2254 3685 2323 3725 ex
2348 3668 2556 3724 Paulo:
2600 3665 2899 3737 Viviﬁcabit
2930 3664 3183 3720 mortalia
3208 3674 3379 3718 vestra
3413 3680 3529 3718 cor-

1942 3779 2096 3833 pora,
2127 3772 2340 3833 propter
2366 3760 2751 3816 inhabitantem
2782 3762 2896 3830 ejus
2930 3759 3176 3828 spiritum
3204 3758 3254 3812 in
3281 3755 3424 3811 vobis
3447 3756 3489 3811 ⁸.

1952 3998 1959 4013 ’
2013 4024 2155 4082 XIV.
2188 4024 2389 4081 Verum
2419 4038 2612 4081 omnes
2638 4040 2732 4080 cos
2764 4038 2991 4080 necesse
3022 4030 3126 4089 est,
3159 4023 3251 4093 qui
3280 4021 3527 4077 veritatis

1944 4117 2130 4174 studio
2155 4117 2453 4183 ducuntur,
2479 4131 2602 4170 cum
2635 4115 2701 4170 ad
2730 4129 2793 4169 ea
2822 4117 3062 4169 animum
3089 4113 3411 4183 adjecerint,
3439 4113 3529 4165 ad-

1945 4223 2138 4266 versus
2161 4207 2296 4265 istos
2322 4206 2390 4262 de
2422 4206 2827 4283 resurrectione
2854 4204 3204 4275 contendere,
3241 4211 3298 4257 ut
3323 4211 3377 4257 et
3406 4218 3527 4272 quae

1945 4316 1976 4356 a
1994 4301 2265 4357 veteribus
2283 4299 2480 4354 tradita
2499 4282 2646 4365 sunt,
2660 4282 3027 4363 retineantur,
3041 4296 3203 4366 idque
3216 4310 3526 4360 caveamus,

1946 4376 2015 4450 ne
2030 4393 2085 4447 in
2103 4384 2367 4447 sensuum
2382 4390 2828 4445 inanissimorum
2845 4389 3078 4459 ineptias
3097 4387 3526 4451 descendamus,

1900 4492 1907 4497 ’
1943 4501 2134 4543 eorum
2170 4483 2404 4550 scilicet,
2441 4498 2561 4554 quae
2594 4496 2773 4564 neque
2804 4480 2920 4536 fieri
2952 4488 3207 4551 possunt,
3249 4490 3303 4534 et
3341 4480 3529 4533 divina

242 4579 465 4650 φύσεως
497 4581 854 4652 συνεχόμενον
879 4583 979 4653 τῆς
1012 4583 1459 4654 καταταττούσης
1488 4582 1687 4649 ἔξωθέν
1707 4602 1839 4648 ,τινα

1946 4579 2227 4650 majestate
2247 4583 2376 4631 sunt
2415 4575 2658 4643 indigna.
2684 4572 2954 4640 Quocirca
2986 4573 3066 4628 sic
3101 4571 3168 4626 ad
3192 4588 3315 4628 eum
3349 4573 3529 4626 locum

242 4673 409 4743 δίκην
455 4674 663 4744 τροφῆς
709 4674 970 4749 εἰςαὺτὸ,
1006 4674 1103 4728 καὶ
1147 4675 1554 4749 ἀποκρινούσης
1578 4677 1841 4754 amem

243 4765 693 4836 ἐπεισαγομένων
721 4765 1126 4840 ἒτερα,”ὦσπερ
1152 4768 1221 4822 τά
1256 4768 1364 4821 τῶν
1388 4767 1574 4838 φυτῶν
1604 4770 1700 4824 καὶ
1730 4769 1840 4824 τῶν

242 4855 428 4922 ζώων,
463 4856 525 4909 τὸ
558 4855 741 4910 ὑλικὸν
781 4858 1143 4929 ὑποκείμενον
1175 4858 1449 4922 οὐδέποτε,
1471 4859 1586 4929 ἔχει
1624 4860 1839 4914 ταυτόν.

242 4947 450 5018 Διόπερ
492 4948 553 5001 οὐ
604 4949 848 5019 ποταμὸς
885 4948 1202 5020 ὠνόμασται
1249 4951 1311 5003 τὸ
1357 4950 1539 5022 σῶμα.
1581 4952 1727 5006 Διότι
1764 4953 1842 5016 ὡς

244 5030 392 5111 πρὸς
441 5040 505 5094 τὸ
554 5040 783 5111 ἀκριϐὲς
815 5040 965 5110 τάχα
989 5040 1110 5094 οὐδὲ
1160 5040 1254 5094 δύο
1288 5043 1513 5114 ἡμερῶν
1541 5043 1604 5098 τὸ
1628 5045 1845 5117 πρῶτον

244 5128 613 5199 ὑποκείμενον
640 5128 835 5184 ταυτόν
867 5132 1014 5183 ἐστιν
1055 5131 1114 5184 ἐν
1153 5129 1230 5200 τῷ
1260 5130 1477 5203 σώματι
1501 5134 1658 5205 ἡμῶν
1678 5152 1691 5165 ·
1725 5137 1851 5190 καί·

240 5237 400 5289 τοιγε
436 5221 530 5274 τοῦ
569 5214 680 5275 οἷον
712 5221 762 5292 ⁴’ὶί
792 5220 1030 5284 Παύλου,
1071 5222 1104 5295 ἢ
1166 5222 1374 5294 Πέτρου
1403 5261 1417 5287 ,
1445 5224 1531 5276 ἀεὶ
1557 5224 1652 5278 τοῦ
1681 5227 1846 5281 αὑτοῦ

241 5313 405 5376 δντος
427 5353 441 5374 ,
476 5314 538 5366 οὐ
573 5312 669 5366 τοῦ
715 5312 856 5366 κατὰ
899 5312 1078 5384 ψυχὴν
1121 5314 1284 5384 μόνου
1311 5355 1326 5380 ,
1362 5309 1432 5386 ἦς
1466 5314 1499 5385 ἡ
1536 5314 1695 5369 οὐσία
1721 5315 1846 5371 οὔτε

244 5406 334 5474 ῥεῖ
362 5402 486 5457 καθ’
514 5406 662 5475 ἡμᾶς
686 5444 700 5469 ,
721 5403 834 5458 οὔτ’
865 5404 1292 5475 ἐπεισαγόμενόν
1320 5421 1374 5458 τι
1402 5403 1518 5475 ἔχει
1547 5406 1699 5471 ποτὲ,
1735 5406 1838 5461 κᾶν

240 5496 452 5569 ρευστὴ
481 5492 547 5570 ᾖν
576 5498 616 5567 ἡ
651 5495 819 5566 φύσις
838 5496 932 5550 τοῦ
969 5496 1218 5568 σώματος
1236 5536 1252 5560 ,
1284 5497 1362 5568 τῷ
1391 5499 1452 5552 τὸ
1481 5494 1617 5562 εἶδος
1644 5499 1705 5552 τὸ
1737 5516 1838 5569 χα-

248 5589 583 5662 ρακτηρίζον
620 5589 683 5642 τὸ
723 5589 885 5661 σῶμα
915 5590 1110 5645 ταυτὸν
1143 5585 1311 5644 εἶναι·
1341 5591 1416 5656 ὡς
1456 5591 1551 5645 καὶ
1587 5593 1712 5657 τοὺς
1750 5590 1841 5645 τύ-

327 5771 343 5803 ¹
381 5768 526 5824 Fort.
577 5750 806 5838 ἀλόγως.

247 5840 272 5872 ⁸
316 5840 506 5897 Matth.
538 5840 712 5909 x,.28.
792 5841 813 5872 '
848 5839 1009 5896 Rom.
1034 5855 1153 5904 vm,
1183 5841 1267 5896 ll.

1535 5960 1547 5969 ν

1482 5972 1556 5979 .-.ιω

916 5767 1113 5824 ’Fort.
1146 5767 1372 5824 -αὐτῶν.
1432 5769 1704 5841 Interpres
1761 5770 1865 5841 leg.
1915 5765 2026 5825 οὖν.

1944 4662 2259 4729 ratiocinari
2315 4669 2606 4724 convenit:
2637 4666 2850 4737 Corpus
2882 4680 3064 4729 omne,
3099 4662 3245 4736 quod
3306 4664 3530 4735 quidem

1944 4772 2142 4818 natura
2186 4752 2524 4825 continetur,
2563 4775 2687 4831 quae
2723 4759 3076 4815 extrinsecus
3120 4755 3322 4827 aliquid
3353 4756 3399 4812 ei
3439 4757 3534 4810 ali-

1945 4857 2112 4911 menti
2152 4857 2330 4910 instar
2368 4853 2613 4929 asciscit,
2655 4867 2866 4929 proque
2919 4840 3150 4921 iisqua:
3184 4848 3533 4904 suﬂiciuntur

1944 4949 2194 5018 excernit
2223 4946 2328 5001 alia
2357 4964 2371 5000 :
2400 4944 2713 5015 cuiusmodi
2741 4930 2871 4999 sunt
2907 4943 3159 5012 stirpium
3186 4938 3445 5012 corpora,
3476 4949 3532 4995 et

1947 5040 2266 5096 animalium
2307 5052 2435 5105 pars
2475 5038 2583 5109 illa.
2609 5050 2733 5090 cum
2792 5037 3022 5091 materia
3054 5042 3352 5089 concreta:
3388 5049 3532 5089 nun-

1945 5148 2109 5203 quam
2142 5145 2311 5187 unum
2360 5129 2615 5199 idemque
2666 5142 2983 5193 remanere.
3012 5124 3169 5182 Unde
3219 5139 3329 5178 non
3388 5124 3531 5178 male

1944 5225 2144 5279 ﬂuvius
2192 5222 2415 5293 quidam
2468 5236 2670 5292 corpus
2714 5235 2838 5276 esse
2885 5219 3107 5274 dicitur.
3147 5212 3539 5283 Quoniam"s’i

1945 5324 2201 5371 accurate
2255 5306 2692 5383 consideremus,
2741 5327 2812 5368 ne
2866 5309 3034 5365 biduo
3095 5302 3315 5381 quidem
3378 5307 3533 5379 prior

1944 5407 2174 5461 materia
2215 5404 2269 5461 in
2313 5403 2640 5474 corporibus
2676 5403 2882 5457 nostris
2914 5402 3106 5478 eadem
3158 5407 3533 5469 constansque

1946 5507 2278 5574 perseverat.
2327 5480 2481 5561 Cum:
2520 5496 2737 5551 interim
2786 5494 2992 5551 Paulus
3047 5492 3539 5575 exempligratia,‘

1951 5591 2033 5646 vel
2084 5573 2282 5646 Petrus
2315 5589 2457 5646 idem
2499 5578 2861 5661 nihilominus
2912 5573 3335 5667 persistathnon
3367 5584 3532 5638 modo

2123 5769 2144 5801 ³
2179 5767 2377 5825 Ezech.
2431 5783 2654 5836 xxxvu,
2710 5767 2823 5823 1-6.
2936 5767 2957 5801 ⁸
3011 5762 3200 5821 Matth.
3239 5759 3539 5829 vm,,ﬁ..
