4046 6428
229 408 378 469 1093
976 408 1344 470 ADVERSUS
1381 399 1725 465 ILERESES
1765 404 1845 459 LII

1952 404 1992 459 l.
2036 405 2198 462 TOM.
2240 405 2353 459 1-
2386 405 2662 465 11ᾹΞΒΕ8.
2691 405 2877 461 LXIV.
3380 411 3545 472 ιοῖι-

231 530 366 601 γὰρ,
401 529 450 583 εί
470 529 605 582 ὀστᾶ
629 520 974 600 ὀνομάζεται.
1004 531 1223 596 πάντως
1248 530 1317 586 τὰ
1342 531 1477 584 ὀστᾶ
1502 528 1676 584 ταῦτα
1704 545 1823 599 νοη-

1950 527 2290 582 τυιίειιιειιοιιηι
2326 536 2490 599 atque
2526 542 2845 585 nervorum.
2894 524 3001 585 Sed
3027 537 3083 586 et
3113 530 3250 587 illud
3290 531 3518 589 demon-

230 621 386 676 τέονσ
417 619 609 690 ὥσπερ
656 621 777 675 οὐδὲ
804 623 862 675 ἐν
897 621 995 694 τῷ,
1041 621 1481 691 Διεσκορπίσθη
1522 619 1718 673 πάντα
1752 618 1822 672 τὰ

1950 619 2220 674 strandum
2252 619 2391 690 ipsis
2419 627 2525 687 est,
2555 627 2762 678 temere
2793 621 2918 678 illos
2947 623 3004 677 in
3042 638 3288 681 errorem
3318 626 3517 698 abripi,

233 709 391 768 ὀστᾶ
404 728 527 782 μου
545 729 561 742 ’
574 712 891 778 καὶ,⁹1ασαί
898 729 997 783 με,
1010 712 1100 767 ὅτι
1111 711 1409 782 ἐταράχθη
1426 710 1499 766 τὰ
1519 708 1669 764 ὀστᾶ
1678 726 1821 780 μου,

1950 709 2062 765 lum
2095 711 2289 782 scripti
2315 712 2647 768 sententiam
2672 728 3019 785 nequaquam
3044 716 3378 788 percipiunt.
3405 717 3517 774 Ne-

232 803 475 877 φανεροῦ
495 803 646 869 ὄντος
664 803 760 857 τοῦ
779 805 854 876 μὴ
869 803 1123 874 λέγεσθαι
1139 804 1208 858 τὰ
1220 804 1352 857 ὀστᾶ
1368 801 1508 856 κατὰ
1522 801 1621 875 τὴν
1641 801 1823 872 κοινὴν

1950 816 2030 871 [ue
2053 801 2198 856 enim
2222 817 2347 857 cum
2370 817 2499 858 ossa
2523 802 2903 868 nominantur,
2925 803 3039 860 hzec
3070 808 3189 877 ipsa
3206 823 3328 878 quae
3348 808 3522 865 habe-

233 896 487 968 ἐκδοχὴν.
506 896 857 969 Ἐπιφέρεται
874 895 1004 966 γοῦν
1025 895 1103 967 τῷ
1113 896 1277 966 λόγῳ·
1295 896 1413 949 ’Ὀτι
1426 893 1598 949 αὐτοὶ
1610 891 1814 962 λέγου-

1950 908 2051 948 nus
2067 907 2193 949 ossa
2209 909 2309 964 par
2325 902 2409 950 est
2427 893 2621 965 accipi,
2638 894 2717 948 uti
2736 910 2913 966 neque
2931 896 2986 951 in
3008 897 3096 952 his
3110 898 3246 955 locis
3264 899 3355 953 ubi
3381 900 3523 955 scri-

233 1002 361 1041 σιν·
382 988 505 1041 Ὅτι
533 987 690 1057 ξηρὰ
704 987 912 1058 γέγονε
926 987 998 1042 τὰ
1019 987 1169 1044 ὀστᾶ
1183 981 1529 1059 ἠμῶνῘΔρά
1552 1003 1616 1056 γε
1632 985 1825 1055 λέγου-

1950 989 2078 1036 itum
2099 990 2184 1038 est
2199 999 2212 1035 :
2240 981 2491 1053 Dispersa
2513 993 2636 1038 sunt
2658 986 2837 1040 omnia
2853 985 3020 1057 538
3035 1004 3157 1042 oua
3173 1002 3288 1044 mea
3302 988 3343 1056 ¹;
3370 998 3484 1044 tum
3502 1005 3521 1044 :

235 1096 348 1146 σιν,
363 1080 527 1148 Ξηρὰ
538 1079 744 1151 γέγονε
757 1082 829 1136 τὰ
843 1080 1025 1136 ὀστέα
1039 1080 1228 1152 ἡμῶν,
1244 1078 1488 1143 θέλοντες
1503 1077 1822 1133 ἀνίστασθαι

1950 1072 2074 1128 iana
2106 1090 2207 1139 me,
2235 1075 2484 1144 quoniam
2514 1076 2833 1132 conturbata
2865 1088 2989 1133 sunt
3021 1097 3144 1135 ossa
3179 1081 3364 1148 mea‘;
3391 1095 3521 1137 cum

235 1168 609 1240 συναχθέντα;
668 1169 830 1225 Ἀλλὰ
853 1170 1014 1225 τοῦτο
1041 1171 1346 1243 ἀμήχανον.
1398 1167 1624 1237 Λέγοιεν
1655 1166 1700 1220 δ’
1733 1165 1821 1231 ἂν,

1950 1166 1997 1219 .ῐι
2035 1164 2388 1223 manifestum
2430 1183 2541 1223 non
2575 1168 2880 1225 secundum
2917 1170 3197 1242 vulgarem
3236 1172 3522 1228 notionem

232 1259 392 1332 Ξηρὰ
418 1260 611 1330 γέγονε
634 1260 704 1315 τὰ
732 1260 893 1315 ὀστέα
934 1260 1112 1332 ήμῶν,
1154 1262 1213 1315 ὲν
1249 1258 1651 1330 αἰχμαλωσίαις
1678 1255 1824 1326 γενό·

1950 1257 2132 1313 ιεείυω
2166 1271 2368 1315 nomen
2402 1260 2679 1331 usurpari.
2736 1259 2975 1317 Proinde
3011 1262 3195 1317 statim
3228 1265 3418 1321 eadem
3460 1263 3521 1321 in

236 1367 416 1421 μενοι,
472 1350 566 1403 καὶ
612 1352 793 1405 πᾶσαν
843 1348 1079 1422 ζωτικὴν
1135 1349 1315 1404 νοτίδα
1361 1346 1821 1419 ἀποϐεϐληκότες.

1950 1351 2176 1407 natione
2199 1350 2575 1422 subiungitur,
2600 1350 2681 1407 Eo
2709 1352 2849 1423 quod
2872 1353 2977 1422 ipsi
3015 1352 3232 1409 dicunt:
3254 1354 3522 1423 Quoniam

247 1440 603 1512 Ἐπιφέρουσι
650 1440 781 1511 γοῦν
822 1441 904 1503 τὸ,
944 1442 1281 1496 Ἀπόλωλεν
1320 1440 1358 1509 ἡ
1402 1439 1577 1507 ἐλπὶς
1611 1438 1780 1509 ἡμῶν
1806 1456 1820 1472 θ

1950 1442 2086 1497 zrida
2109 1442 2261 1512 facta
2281 1453 2404 1498 sunt
2430 1459 2553 1498 oua
2569 1444 2811 1499 nostra‘.
2835 1442 2975 1498 Num
2995 1445 3098 1502 hoc
3119 1445 3284 1517 igitur
3305 1447 3521 1514 dicunt,

231 1530 795 1602 διαπεφωνήκαμεγ.
828 1531 1038 1586 Οὐκοῦν
1064 1534 1097 1603 ὴ
1125 1531 1427 1602 ἐπαγγελία
1458 1531 1560 1602 τῆς
1585 1531 1823 1586 ἀναστά-

1950 1533 2096 1588 irida
2125 1533 2273 1603 facta
2308 1541 2434 1588 sunt
2461 1550 2586 1588 ossa
2618 1543 2826 1598 nostra,
2863 1533 3011 1604 quod
3046 1536 3236 1592 eadem
3267 1535 3321 1590 in
3349 1550 3525 1593 unum

236 1640 383 1687 σεως
410 1622 505 1675 τοῦ
536 1620 667 1676 λαοῦ
694 1624 841 1676 ἐστιν
867 1620 974 1676 άπὸ
999 1620 1093 1675 τοῦ
1116 1620 1431 1694 πτώματος,
1454 1621 1661 1693 καὶτῆς
1685 1622 1826 1676 οἱον·

1950 1626 2156 1683 :ollecta
2180 1626 2375 1681 volunt
2402 1626 2724 1696 resurgere?
2757 1626 2923 1696 Atqui
2954 1626 3072 1683 ﬁeri
3102 1626 3247 1684 istud
3280 1641 3391 1684 non
3420 1641 3524 1698 poa

232 1715 290 1770 el.
328 1714 654 1787 νεκρότητος
699 1715 767 1786 ἢν
801 1714 1181 1787 νενέκρωνται,
1219 1713 1306 1767 διὰ
1343 1713 1416 1767 τὰ
1451 1714 1826 1786 ἁμαρτήματα

1951 1723 2056 1773 est.
2099 1716 2282 1783 Quare
2314 1715 2469 1771 arida
2517 1716 2640 1773 ideo
2689 1731 2792 1773 sua
2841 1718 3037 1774 dicunt
3073 1733 3225 1785 ossa,
3273 1720 3418 1790 quod
3464 1720 3525 1776 in

230 1807 355 1870 τοῖς
381 1805 596 1876 ἐχθροῖς
626 1803 1049 1877 παραδοθέντες.
1085 1805 1196 1859 Καὶ
1218 1806 1266 1858 oi
1291 1804 1603 1876 ἁμαρτωλοὶ
1628 1804 1685 1859 δὲ
1719 1803 1825 1859 ὑπὸ

1950 1807 2337 1878 :aptivitatibus
2369 1807 2462 1864 diu
2512 1808 2684 1864 habiti
2725 1810 2947 1866 vitalem
2982 1826 3200 1868 omnem
3236 1817 3527 1869 humorem

234 1869 346 1951 1:067
369 1869 621 1968 Σωτῆρος
652 1869 904 1965 λέίτονται
943 1889 1083 1949 εἶναι
1129 1894 1292 1967 τάφοι
1314 1869 1576 1967 χέμοντες
1620 1894 1826 1949 ὀστέων

1950 1869 2231 1955 uniserint.
2282 1896 2437 1954 Unde
2479 1908 2536 1954 et
2587 1898 2723 1954 illud
2766 1900 3044 1958 inierunt:
3091 1901 3262 1957 Periit
3287 1918 3402 1971 spes
3422 1916 3525 1958 ηο-

236 1990 340 2043 καὶ
376 1988 552 2059 πάσης
574 1986 936 2060 ἀκαθαρσίας.
990 1986 1202 2060 Πρέπει
1244 1986 1301 2041 δὲ
1343 1986 1422 2059 τῷ
1447 1986 1567 2059 Θεῷ
1589 1988 1828 2058 ἀνοίγειν

1950 1999 2076 2045 :tra:
2115 1989 2340 2044 absciui
2376 2006 2560 2045 sumus
2591 1989 2637 2044 ‘.
2678 1989 2949 2057 Quocirca
2982 1994 3407 2051 resurreCtionis
3433 1993 3527 2049 illa

236 2079 313 2133 τά
350 2080 591 2151 μνημεῖα
635 2079 893 2142 ἑκάστου,
934 2080 1030 2134 καὶ
1061 2078 1277 2149 ἐξάγειν
1311 2080 1375 2133 ἐκ
1406 2078 1516 2132 τῶν
1547 2079 1829 2151 μνημείων

1950 2079 2131 2150 »ορυιο
2153 2078 2297 2135 facta
2327 2080 2622 2150 promissio
2643 2081 2710 2135 ab
2734 2080 2826 2135 illa
2855 2082 3014 2137 ruina
3058 2098 3124 2138 ac
3158 2084 3306 2140 velut
3326 2097 3525 2139 eneca-

237 2171 394 2241 ήμᾶς
428 2169 917 2242 ὲζωοποιημένους,
953 2169 1141 2242 ὥσπερ
1169 2172 1197 2226 ὀ
1228 2167 1418 2242 Σωτὴρ
1458 2167 1551 2224 τὸν
1578 2170 1829 2245 Λάζαρον

1950 2173 2098 2237 ioue,
2140 2188 2248 2244 qua
2291 2172 2551 2228 exstincti
2599 2180 2753 2238 sunt,
2792 2189 2918 2230 cum
2966 2184 3191 2246 propter
3223 2176 3432 2249 scelera
3463 2174 3525 2230 in

237 2261 492 2316 εἵλκυσεν
524 2262 651 2329 ἔξω.

1950 2265 2176 2320 testium
2205 2272 2529 2336 potestatem
2574 2263 2761 2319 traditi
2802 2276 2951 2331 sunt,
2982 2265 3233 2335 quaedam
3263 2271 3348 2321 est
3381 2263 3529 2320 exci-

239 2355 383 2408 tatio
418 2353 622 2409 futura.
676 2350 820 2419 Quin
852 2353 1016 2408 etiam
1071 2361 1389 2423 peccatores
1425 2368 1457 2407 a
1496 2352 1779 2410 Salvatore
1806 2357 2058 2427 sepulcra
2087 2370 2212 2412 esse
2263 2355 2523 2411 dicuntur
2565 2356 2786 2412 ossibus
2811 2366 2975 2428 atque
3002 2356 3148 2412 omni
3182 2356 3531 2413 immunditia

237 2448 426 2520 plena.
464 2444 571 2500 Sed
601 2444 734 2501 illud
764 2444 963 2500 divina:
991 2445 1265 2514 majestati
1294 2446 1569 2511 convenit,
1600 2453 1660 2499 ut
1687 2446 2026 2516 singulorum
2053 2446 2305 2516 sepulcra
2331 2443 2644 2516 patefaciet,
2677 2456 2731 2502 et
2761 2460 2862 2501 nos
2891 2445 2960 2501 ad
2998 2446 3164 2500 vitam
3192 2446 3531 2504 instauratos

241 2558 279 2600 e
307 2539 680 2597 monumentis
707 2539 928 2606 educat,
957 2539 1183 2611 perinde
1212 2555 1277 2596 ac
1303 2538 1571 2595 Lazarum
1606 2538 1755 2595 foras
1787 2538 2040 2595 Salvator
2068 2539 2325 2593 extraxit.
2386 2584 2391 2591 ,

316 2634 441 2703 le'.
481 2632 557 2688 Τὸ
583 2632 663 2698 δὲ,
706 2631 863 2687 Ἐκεῖ
878 2631 1052 2687 ἔσται
1080 2635 1113 2687 ὁ
1141 2632 1469 2703 κλαυθμὸς,
1510 2630 1608 2686 καὶ
1638 2634 1672 2687 ὀ
1690 2631 1844 2700 ,ϐρυ-

2018 2630 2159 2687 XVI.
2193 2628 2313 2686 Jam
2345 2646 2477 2687 vero
2507 2632 2654 2701 quod
2699 2632 2846 2687 hunc
2875 2631 3057 2686 locum
3102 2630 3407 2700 objiciunt:
3444 2630 3536 2686 Ibi

239 2725 396 2799 τμὸς
420 2723 544 2779 τῶν
571 2723 853 2789 ὀδόντων,
882 2723 1020 2795 πρὸς
1043 2721 1591 2794 αὐτοὺςάπορητέον,
1639 2724 1722 2777 ὅτι
1753 2722 1844 2787 Ὠς

1950 2723 2049 2777 erit
2074 2722 2228 2792 ﬂetus
2249 2730 2299 2776 et
2322 2721 2523 2777 stridor
2543 2721 2840 2786 dentium“,
2860 2721 2940 2777 sic
2970 2721 3233 2777 adversus
3265 2722 3389 2780 illos
3414 2723 3534 2780 dis-
3590 2792 3593 2799 γ

236 2819 305 2874 ἒν
323 2816 497 2888 τούτῳ
513 2814 594 2887 τῷ
616 2816 715 2887 βίῳ
736 2817 843 2870 πᾶν
870 2814 1031 2886 μέλος
1055 2814 1137 2879 εἷς
1158 2832 1282 2869 τινα
1301 2816 1491 2886 χρείαν
1517 2817 1545 2870 ό
1567 2817 1841 2887 Δημιουρ-

1950 2813 2247 2884 putandum
2277 2820 2389 2869 est:
2424 2813 2561 2869 Cum
2595 2813 2653 2869 in
2680 2813 2781 2867 hac
2802 2812 2913 2867 vita
2945 2813 3257 2867 membrum
3282 2828 3444 2869 omne
3466 2813 3535 2871 ad

231 2908 342 2980 γδς
365 2908 789 2972 κατεσκεύασεν,
810 2906 984 2972 οὕτως
1011 2908 1104 2962 καὶ
1125 2909 1253 2971 τοὺς
1283 2907 1502 2971 ὀδόντας
1531 2907 1611 2970 εις
1639 2907 1700 2961 τὸ
1724 2907 1833 2961 δια-

1950 2920 2106 2960 usum
2137 2904 2379 2976 aliquem
2418 2918 2450 2958 a
2481 2920 2698 2961 summo
2742 2904 2837 2958 illo
2869 2902 3078 2974 Opifice
3117 2905 3189 2960 sit
3227 2905 3535 2971 conditum,

240 2999 545 3054 κόπτεσθαι
601 2999 697 3070 τὴν
742 2997 968 3070 στερεὰν
999 3002 1224 3071 τροφήν.
1274 2996 1370 3061 Τίς
1404 2992 1498 3051 οὖν
1532 2995 1692 3069 χρεία
1721 2998 1835 3059 τοῖς

1950 3005 2056 3052 tum
2076 3011 2207 3053 vero
2228 2996 2422 3051 dentes
2442 2995 2623 3051 solido
2646 2994 2769 3050 cibo
2790 2995 3212 3051 comminuendo
3232 3003 3361 3052 sunt
3378 2995 3532 3053 facti.

238 3088 636 3162 κολαζομένοις
664 3089 926 3157 ὀδόντων;
953 3090 1027 3143 Οὐ
1059 3088 1169 3161 γὰρ
1200 3090 1282 3153 εἰς
1304 3089 1404 3161 τὴν
1432 3087 1656 3158 γέενναν
1683 3087 1835 3151 ὄντες

1950 3087 2090 3155 Quid
2117 3089 2283 3160 igitur
2311 3087 2572 3144 dentibus
2598 3102 2738 3157 opus
2760 3086 2869 3142 illis
2893 3096 2998 3152 est,
3029 3087 3122 3157 qui
3153 3089 3294 3158 apud
3325 3088 3536 3146 inferos

242 3181 370 3236 κατ’
393 3151 630 3244 *αότοὺς*
649 3151 933 3249 φάγονται.
981 3151 1097 3231 Καὶ
1135 3151 1399 3241 δεικτέον,
1444 3151 1531 3231 ὀτι
1561 3177 1624 3231 οὐ
1656 3176 1834 3231 πάντα

1950 3180 2302 3237 cruciantur?
2324 3177 2444 3236 Non
2464 3181 2632 3246 enim,
2664 3179 2881 3250 opinor,
2913 3179 3212 3249 quidquam
3239 3179 3353 3235 illic
3378 3195 3537 3234 man-

240 3267 780 3342 παραλαμϐάνεσθαι
819 3267 904 3322 δεῖ
946 3267 1089 3322 κατὰ
1134 3265 1195 3320 τὸ
1227 3265 1496 3338 κείμενον.
1560 3265 1835 3331 Ὀδόντας

1952 3271 2254 3329 ducaturos
2278 3286 2403 3328 esse
2428 3272 2689 3327 dixerint.
2731 3270 2815 3325 Ad
2842 3270 2957 3326 haec
2986 3268 3217 3327 docendi
3251 3278 3403 3337 sunt,
3422 3286 3536 3327 non

241 3362 398 3433 γοῦν,
423 3360 612 3431 φησὶν,
635 3359 999 3430 ἁμαρτωλῶν
1019 3358 1421 3427 συνέτριψαςο
1450 3357 1567 3422 καὶ,
1593 3357 1707 3423 Τὰς
1723 3357 1836 3427 μύ-

1950 3364 2126 3421 omnia
2174 3363 2404 3435 perinde
2455 3362 2776 3434 accipienda
2834 3377 2959 3419 esse
3006 3377 3073 3416 ac
3125 3363 3333 3432 scripta
3379 3372 3532 3419 sunt.

243 3458 368 3520 Jac
408 3451 532 3507 τῶν
571 3451 839 3506 λεόντων
869 3447 1255 3503 συνέθλασεν
1286 3451 1320 3502 ὀ
1358 3447 1596 3516 Κύριος.
1648 3448 1745 3511 Τίς
1781 3447 1838 3501 δὲ

1950 3454 2122 3522 Quare
2167 3451 2277 3506 alio
2321 3452 2444 3507 loco
2482 3453 2746 3521 scriptum
2790 3456 2874 3504 est
2923 3466 2937 3500 :
2975 3447 3168 3502 Dentes
3198 3457 3536 3518 peccatorum

243 3545 424 3609 οὓτως
438 3542 668 3616 ἠλίθιος,
689 3542 763 3604 ὼς
782 3539 1207 3613 ὑπολαμϐάνειν,
1224 3540 1308 3594 ὅτι
1326 3539 1511 3611 τηρῶν
1528 3539 1598 3593 τὰ
1613 3538 1839 3611 σώματα

245 3637 362 3692 τῶν
382 3633 728 3709 ἁμαρτωλῶν
749 3633 777 3685 ὀ
790 3632 944 3699 Θεὸς,
964 3633 1091 3696 τοὺς
1107 3632 1329 3696 ὀδόντας
1354 3631 1534 3686 αὐτῶν
1563 3630 1840 3702 συντρίϐει

250 3727 415 3800 μόνον
442 3745 459 3795 ;
496 3726 708 3798 ’Ὠσπερ
732 3718 831 3778 οὖν
877 3723 930 3775 et
952 3740 1058 3787 τις,
1087 3721 1255 3795 θέλων
1275 3720 1449 3776 ταῦτα
1470 3720 1642 3785 οὕτως
1672 3720 1837 3791 ἔχειν,

250 3819 572 3890 θλιϐόμενος
598 3816 811 3869 εἵλκετο
858 3804 943 3867 ἐπ’
980 3812 1330 3883 ἀλληγορίαν,
1378 3811 1550 3876 οὕτως
1579 3811 1841 3884 ζητητέον

247 3910 365 3966 τῶν
385 3907 760 3979 κολαζομένων
775 3904 865 3959 τὸν
884 3904 1127 3976 βρυγμὸν
1146 3902 1254 3967 τῶν
1274 3902 1521 3967 ὀδόντων,
1545 3902 1644 3973 τῆς
1663 3900 1843 3972 ψυχῆς

247 4001 488 4072 δύναμιν
520 3996 830 4071 μασητικὴν
854 3993 1108 4068 ἐχούσης,
1133 3995 1252 4065 ἥτις
1282 3997 1341 4046 ὲν
1366 3991 1544 4064 καιρῷ
1568 3991 1663 4046 τοῦ
1694 3991 1845 4061 ἐλέγ-

246 4112 352 4168 χου
394 4092 528 4164 περὶ
566 4090 675 4146 τῶν
715 4087 1133 4161 ἁμαρτημάτων
1165 4084 1309 4140 κατὰ
1340 4084 1430 4138 τὸν
1463 4082 1845 4156 συγκρουσμὸν

249 4188 365 4241 τῶν
385 4185 614 4240 ὀδόντων
641 4183 733 4256 (ὡς
779 4179 1071 4255 ἐφρόνησε)
1129 4176 1312 4249 βρύξει
1346 4177 1471 4240 τοὺς
1497 4176 1735 4240 ὀδόντας.
1771 4175 1846 4229 To

249 4279 337 4344 δδ,
378 4277 681 4345 Φοϐήθητε
721 4274 828 4330 τὸν
861 4270 1202 4341 δυνάμενον
1238 4269 1336 4324 καὶ
1371 4267 1585 4339 ψυχὴν
1634 4267 1733 4321 καὶ
1779 4265 1846 4320 τὸ

253 4367 434 4440 σῶμα
465 4366 766 4423 ἀπολέσαι
797 4366 867 4420 ἐν
895 4366 1133 4436 γεέννῃ,
1167 4362 1306 4433 τάχα
1335 4360 1434 4432 μὲν
1461 4359 1724 4424 διδάσκει,
1759 4357 1843 4411 ὅτι

1955 3541 2249 3599 contrivisti
2263 3541 2283 3572 °
2303 3555 2319 3608 ;
2345 3541 2472 3596 item
2493 3556 2506 3592 :
2527 3538 2703 3594 Molas
2722 3539 2929 3593 ieonum
2948 3538 3206 3609 confregit
3219 3538 3536 3594 Dominus".

1954 3630 2091 3688 Nam
2121 3630 2247 3702 quis
2270 3630 2407 3686 adeo
2424 3628 2656 3686 stolidus
2676 3638 2780 3697 est,
2812 3637 2869 3684 ut
2891 3629 2998 3684 sibi
3024 3629 3351 3699 persuadeat
3366 3627 3537 3684 Deum

1932 3721 2240 3795 reservatis
2282 3728 2631 3791 peccatorum
2658 3716 2984 3788 corporibus
3019 3717 3167 3773 solos
3188 3715 3380 3771 dentes
3402 3730 3538 3770 con-

1944 3813 2164 3869 terere?
2222 3810 2294 3867 Ut
2343 3810 2511 3882 igitur
2533 3810 2628 3879 qui
2668 3809 2784 3865 hac
2825 3811 2899 3863 ita
2950 3824 3011 3864 se
3055 3808 3260 3864 habere
3290 3809 3439 3871 velit,
3478 3808 3536 3862 in

1944 3902 2225 3974 angustias
2258 3899 2564 3971 conjectus,
2593 3897 2661 3953 ad
2691 3897 3042 3969 allegoricum
3076 3912 3301 3953 sensum
3332 3897 3416 3952 vel
3448 3897 3536 3971 in_-

1943 3995 2091 4049 vitus
2119 3991 2385 4045 trahitur:
2435 3989 2516 4044 sic
2555 3986 2625 4043 de
2658 3987 2896 4046 stridore
2926 3986 3174 4042 dentium
3211 3985 3269 4039 in
3316 3985 3403 4040 his
3438 3985 3537 4055 qui

1946 4080 2231 4154 suppliciis
2253 4077 2584 4144 afﬁciuntur,
2616 4075 2897 4146 inquirere
2927 4074 3071 4130 idem
3096 4082 3353 4145 oportet;
3389 4088 3529 4144 qua-

1946 4183 2107 4230 tenus
2148 4171 2329 4227 anima
2364 4166 2785 4224 commandendi
2833 4166 3154 4221 nonnullam
3194 4167 3302 4220 vim
3350 4166 3536 4231 habet,

1945 4280 2052 4338 qua
2082 4263 2276 4318 ultimo
2307 4261 2401 4316 illo
2441 4259 2640 4330 judicii
2691 4267 2959 4330 tempore,
3005 4274 3131 4313 cum
3180 4258 3249 4313 de
3296 4259 3540 4329 peccatis

1946 4357 2175 4428 quaestio
2206 4355 2518 4420 habebitur,
2541 4352 2771 4425 perinde
2802 4360 2860 4407 ut
2891 4353 3078 4408 collidi
3110 4354 3305 4409 dentes
3335 4353 3537 4418 solent,

255 4457 550 4529 ἀσώματος
601 4460 636 4529 ἡ
681 4456 855 4530 ψυχὴ,
909 4455 1051 4526 τάχα
1099 4452 1156 4505 δὲ
1198 4450 1351 4548 δηλοῖ
1404 4451 1499 4504 καὶ
1545 4450 1627 4503 ὅτι
1673 4448 1844 4519 χωρὶς

1950 4450 2026 4503 ita
2055 4457 2172 4502 tum
2198 4446 2457 4503 dentibus
2482 4445 2890 4516 quodammodo
2919 4445 3192 4501 stridebit.
3226 4444 3361 4500 Illud
3388 4461 3538 4509 vero,

258 4550 515 4622 σώματος
546 4549 607 4603 οὐ
650 4548 1080 4620 κολασθήσεται·
1124 4541 1256 4615 περὶ
1295 4535 1356 4596 οὗ
1397 4540 1845 4610 φυσιολογοῦντες

1956 4540 2153 4597 Timete
2180 4556 2319 4604 eum,
2353 4539 2443 4611 qui
2473 4546 2643 4609 potest
2675 4546 2725 4592 et
2759 4539 2998 4595 animam
3026 4547 3078 4593 et
3112 4555 3301 4607 corpus
3324 4538 3544 4608 perdere

253 4642 334 4698 τὰ
386 4643 514 4714 περὶ
567 4640 662 4694 τοῦ
709 4640 905 4707 εἴδους,
953 4639 1049 4693 καὶ
1091 4636 1185 4692 τοῦ
1233 4634 1449 4708 πρώτου
1483 4631 1844 4704 ὑποκειμένου

255 4735 589 4806 εἰρήκαμεν.

1953 4634 2009 4689 in
2035 4630 2383 4704 gehennam'.
2432 4629 2572 4685 forte
2612 4628 2668 4685 id
2704 4645 2872 4686 unum
2906 4645 3008 4685 nos
3035 4630 3218 4695 docet,
3260 4641 3541 4700 expertem

1955 4739 2081 4781 esse
2111 4722 2363 4793 corporis
2397 4721 2668 4790 animam;
2718 4728 2815 4777 aut
2853 4721 2985 4776 illud
3023 4722 3271 4792 insuper,
3304 4722 3543 4777 animam

261 4829 385 4885 sine
412 4841 644 4897 corpore
684 4825 866 4880 nullas
891 4838 1087 4895 pcenas
1129 4837 1254 4880 esse
1289 4823 1718 4894 persoluturam.
1774 4819 1853 4874 De
1891 4834 2001 4892 quo
2031 4833 2263 4889 corpore
2292 4833 2415 4889 quae
2439 4818 2508 4874 ad
2547 4817 2784 4888 speciem
2816 4832 2880 4874 ac
2907 4818 3141 4888 primam
3203 4817 3366 4889 539
3421 4817 3545 4872 sub-

256 4926 464 4998 jectum
503 4921 795 4976 materiam
834 4920 1174 4986 attinebant,
1228 4918 1394 4988 paulo
1444 4927 1571 4973 ante
1614 4916 1849 4972 naturali
1891 4916 2105 4970 ratione
2129 4913 2513 4969 disseruimus.

338 5012 451 5067 Καὶ
496 5013 558 5068 τὸ
591 5009 743 5082 παρὰ
771 5008 849 5081 τῷ
895 5008 1202 5079 Ἀποστόλῳ
1232 5009 1308 5073 δὲ,
1347 5009 1719 5075 Ζωοποιήσει
1753 5008 1851 5062 καί

262 5106 340 5160 τὰ
365 5104 555 5172 θνητὰ
576 5101 1032 5172 ἠμῶνσώματα,
1059 5098 1256 5170 θνητοῦ
1281 5099 1432 5164 ὄντος
1456 5099 1551 5154 τοῦ
1577 5098 1852 5171 σώματος,

262 5199 364 5253 καὶ
384 5199 446 5251 οὐ
485 5196 804 5269 μετέχοντος
824 5194 925 5264 τῆς
956 5192 1216 5264 ἀληθινῆς
1247 5191 1414 5263 ζωῆς,
1460 5191 1683 5246 δύναται
1710 5208 1855 5264 παρ-

268 5287 676 5352 ιστάνειν,ὅπου
698 5285 759 5340 τὸ
780 5284 1087 5357 σωματικὸν
1118 5279 1276 5348 εἶδος,
1295 5282 1423 5355 περὶ
1444 5274 1505 5336 οὗ
1525 5282 1851 5356 εἰρήκαμεν,

261 5383 335 5451 τῇ
367 5377 528 5449 φύσει
558 5376 752 5450 θνητὸν
779 5376 859 5441 ὂν,
888 5376 1034 5430 ὅταν
1053 5374 1309 5445 Χριστὸς
1333 5371 1647 5443 φανερωθῇ
1675 5374 1714 5440 ἠ
1738 5370 1850 5440 ζωὴ

264 5467 459 5537 ἡμῶν.
490 5466 584 5520 καὶ
610 5466 744 5519 αὐτὸ
771 5464 1098 5536 μεταϐάλλει
1126 5464 1235 5519 ἀπὸ
1261 5462 1358 5517 τοῦ
1391 5457 1530 5517 εἶναι
1565 5461 1726 5532 σῶμα
1753 5462 1850 5515 θα-

263 5556 432 5615 νάτου
457 5556 812 5630 ξωοποιηθὲν,
837 5555 924 5610 διὰ
946 5555 1005 5611 τὸ
1027 5554 1250 5626 Πνεῦμα
1269 5554 1331 5607 τὸ
1351 5551 1649 5620 ζωοποιοῦν
1674 5554 1738 5605 ὲκ
1759 5549 1853 5606 τοῦ

2028 5006 2098 5061 At
2126 5020 2255 5060 vero
2280 5004 2488 5058 dictum
2513 5002 2644 5057 illud
2664 5002 2943 5073 Apostoli:
2987 5001 3289 5072 Viviﬁcabit
3319 5012 3368 5057 et
3395 5018 3541 5057 mor-

1957 5095 2093 5152 talia
2117 5105 2301 5150 nostra
2326 5097 2613 5162 corpora”;
2636 5108 2761 5147 cum
2786 5100 3035 5149 nostrum
3064 5095 3295 5150 mortale
3323 5095 3395 5149 sit
3421 5109 3544 5149 cor-

1958 5201 2084 5259 pus,
2116 5200 2218 5242 nec
2246 5198 2390 5239 verte
2411 5185 2536 5238 vita:
2561 5182 2855 5254 partiCeps,
2875 5183 3021 5238 istud
3053 5184 3232 5254 ipsum
3262 5182 3549 5239 declarare

1956 5282 2158 5349 potest,
2198 5287 2519 5343 corpoream
2548 5272 2692 5328 hanc
2723 5274 2959 5343 speciem
2987 5273 3054 5329 de
3078 5287 3184 5344 qua
3213 5280 3369 5328 antea
3398 5272 3545 5326 dixi-

1958 5386 2103 5435 mus,
2138 5382 2260 5439 quae
2287 5376 2502 5423 naturae
2538 5366 2786 5422 mortalis
2817 5372 2926 5432 est,
2964 5382 3084 5420 eum
3109 5362 3353 5423 Christus
3374 5382 3546 5436 αρραο

1956 5460 2123 5516 ruerit
2148 5460 2257 5514 vita
2275 5468 2462 5514 nostra
2480 5459 2546 5525 ¹⁶,
2570 5466 2624 5515 et
2652 5458 2825 5529 ipsam
2848 5457 2915 5513 ab
2930 5473 2996 5514 eo
3017 5466 3182 5521 statu,
3201 5473 3312 5529 quo
3334 5457 3549 5529 peccati

1963 5566 2164 5623 corpus
2203 5557 2340 5614 erat,
2384 5563 2509 5605 esse
2541 5549 2898 5618 mutandam;
2944 5556 3301 5622 posteaquam
3335 5548 3542 5605 scilicet

341 5713 362 5746 ⁸
387 5710 535 5767 Psal.
568 5727 683 5776 ut,
709 5710 797 5765 15.
872 5711 894 5742 ²
920 5708 1065 5766 Psal.
1097 5724 1173 5772 v1,
1198 5709 1250 5763 '5.
1326 5705 1563 5764 'EzeCh.
1590 5719 1798 5776 xxxvii,
1827 5704 1845 5776 l

1993 5700 2181 5776 ‘_ibid.
2257 5704 2280 5737 '
2310 5702 2503 5765 Matth.
2534 5717 2652 5762 Vill.
2695 5702 2781 5761 12.
2861 5704 2882 5737 ⁶
2905 5702 3053 5762 Psal.
3096 5720 3179 5775 ιιι,
3210 5704 3244 5759 8
3342 5703 3361 5734 ’
3393 5700 3536 5767 Psal.

270 5790 409 5851 Lvtt,
441 5783 493 5837 7.
583 5782 605 5814 ⁸
632 5773 823 5836 Matth.
854 5795 909 5848 ι,
936 5781 1028 5836 28.
1103 5780 1125 5813 ’
1153 5776 1315 5835 Rom.
1355 5794 1473 5844 vtu,
1500 5777 1590 5835 Η.
1668 5775 1860 5853 ¹⁰,Ωοι.
1890 5791 1975 5845 ιιι,
2005 5773 2063 5833 ι.
