4046 6432
579 423 713 479 I095
1959 411 2020 470 S.
2063 407 2175 470 ΕΡΙῘ

2273 407 2403 470 AN“
3679 415 3790 469 1090

576 542 641 595 ab
671 538 886 592 viritico
933 536 1128 608 spiritu
1166 536 1234 591 ad
1266 537 1430 589 vitam
1484 535 1736 590 restituta
1769 533 1954 600 fuerit,
1989 543 2153 606 atque

2273 535 2622 606 πνευματικὸν
2645 532 2946 603 γεγονέναι.
2977 531 3089 587 Καὶ
3113 533 3205 598 τὸ,
3269 530 3418 599 Ἐρεῖ
3439 530 3506 584 δέ
3538 547 3648 598 τις·
3681 529 3794 597 Πῶς

574 631 628 684 in
677 629 979 698 spiritalem
1024 636 1273 681 naturam
1327 625 1624 681 transierit.
1687 624 1955 681 Praeterea
2010 625 2156 680 istud

2273 629 2586 699 ire/portat
2616 631 2668 682 οὶ
2710 626 2930 695 νεκροί,
2977 625 3127 689 ποίῳ
3162 623 3231 676 δὲ
3271 622 3493 691 σώματι
3523 621 3795 690 ἓρχοηαι;

580 719 754 793 ipsum
778 738 789 772 :
821 717 924 773 Sed
941 718 1077 772 dicet
1100 717 1291 787 aliquis
1312 731 1329 768 :
1350 716 1626 782 Quomodo
1645 725 1922 786 resurgunt
1943 718 2158 782 mortui,

578 819 670 862 aut
698 809 844 880 quali
875 825 993 862 cum
1023 825 1238 878 corpore
1269 808 1555 861 υεηίιιηιίῖ
1602 807 1778 876 palam
1812 807 1957 862 istud
1981 816 2163 862 osten-

581 902 687 968 dit,
718 903 955 970 primam
978 901 1281 968 subjectam
1305 900 1588 952 materiam
1616 899 1764 953 nullo
1794 897 1956 953 modo
1977 913 2164 952 resur--

585 1008 732 1061 gere.
767 992 898 1045 Nam
936 992 982 1045 si
1027 999 1173 1046 recte
1207 992 1548 1062 propositum
1585 992 1655 1045 ab
1685 991 1948 1061 Apostolo
1981 1004 2164 1044 exem-

584 1085 726 1153 plum
763 1085 1082 1152 accipimus,
1116 1083 1411 1137 dicendum
1453 1090 1538 1138 est
1561 1125 1574 1148 ,
1611 1083 1842 1138 seminis
1886 1091 2162 1146 naturam,

584 1189 703 1244 qua:
731 1173 985 1229 frumenti
1019 1188 1188 1244 grano
1224 1174 1388 1227 insita
1416 1182 1523 1238 est,
1549 1173 1732 1228 vicina
1765 1179 2021 1243 correpta
2051 1187 2166 1225 ma-

587 1265 748 1327 teria,
795 1271 965 1318 totam
1015 1264 1161 1317 illam
1207 1254 1527 1333 pervadere,
1577 1270 1741 1332 atque
1787 1262 1934 1316 illius
1966 1260 2170 1331 pariter

585 1363 837 1424 correpta
882 1346 1087 1424 specie,
1117 1354 1262 1408 vires
1294 1368 1424 1408 suas
1462 1354 1519 1406 in
1558 1353 1634 1416 id,
1665 1351 1814 1422 quod
1844 1360 1970 1406 ante
1999 1362 2167 1413 terra,

587 1460 750 1516 aqua,
784 1461 896 1507 aer,
926 1445 1176 1514 ignisque
1203 1443 1402 1505 fuerat,
1440 1442 1844 1505 transfundere,
1875 1454 2174 1510 earumque

587 1536 864 1604 superatis
915 1534 1293 1602 qualitatibus,
1343 1534 1399 1587 in
1447 1533 1594 1586 illam
1643 1532 1838 1600 ipsam,
1884 1532 2042 1601 cujus
2089 1540 2172 1586 est

587 1625 806 1691 artifex,
837 1620 1187 1688 cenvertere;
1219 1629 1382 1693 atque
1413 1623 1517 1678 hoc
1546 1621 1708 1676 modo
1733 1622 1916 1692 perﬁci
1941 1622 2172 1691 spicam,

589 1733 708 1787 qua:
744 1731 773 1769 a
807 1716 986 1785 priore
1015 1727 1186 1783 grano
1213 1713 1411 1766 mirum
1451 1714 1505 1766 in
1540 1711 1783 1776 modum,
1814 1719 1869 1765 et
1898 1712 2174 1782 magnitu-

591 1807 751 1879 dine,
773 1812 826 1859 et
869 1801 1062 1873 ﬁgura,
1094 1809 1149 1855 et
1178 1803 1444 1876 varietate
1472 1799 1760 1855 dissideat.

1080 1913 1162 1967 Ex
1197 1914 1374 1968 eodem
1409 1913 1622 1968 Proclo.

668 2007 833 2061 XVli.
870 2005 995 2061 llaec
1026 2015 1176 2070 sunt,
1199 2006 1328 2059 utin
1358 2003 1741 2075 compendium
1767 2002 2026 2072 redigam,
2056 2017 2176 2072 qum

593 2109 783 2155 contra
822 2099 1285 2155 resurrectionem
1325 2095 1587 2166 Origenes
1615 2109 1815 2164 magno
1846 2093 2028 2150 studio
2062 2093 2176 2148 dis-

599 2191 804 2252 seruit,
860 2189 914 2242 in
967 2202 1144 2256 eoque
1195 2194 1518 2256 argumento
1571 2197 1841 2238 summam
1900 2181 2176 2237 tractandi

597 2277 908 2330 varietatem
936 2275 1202 2328 adhibuit.
1235 2273 1314 2328 Tu
1339 2289 1490 2338 vero,
1519 2287 1638 2342 quae
1658 2271 1919 2341 deinceps
1938 2286 2179 2340 sequun-

595 2367 1013 2437 tur,diligenter
1035 2365 1345 2420 considera.
1380 2365 1491 2419 lloe
1518 2365 1664 2419 enim
1699 2371 1888 2429 restat,
1918 2372 1976 2418 ut
2001 2365 2178 2418 allata:

593 2475 624 2514 e
654 2459 830 2514 sacris
877 2457 1102 2512 Litteris
1133 2457 1486 2511 auctoritates
1518 2456 1586 2510 ad
1621 2471 1683 2510 ea
1721 2471 1843 2526 quae
1869 2455 2014 2510 dicta
2051 2463 2179 2510 sunt

596 2551 990 2620 adjungantur,
1021 2558 1080 2604 ut
1105 2557 1362 2617 tanquam
1391 2555 1573 2602 statua
1599 2547 1872 2617 quaedam,
1897 2547 1976 2601 sic
2004 2546 2180 2600 oratio

597 2649 786 2696 nostra
833 2641 949 2696 suis
978 2641 1234 2696 omnibus
1282 2639 1636 2710 proportione
1681 2644 1896 2693 servata
1932 2637 2180 2707 partibus

595 2739 878 2796 constans,
919 2732 1172 2786 absoluta
1231 2730 1302 2784 sit
1348 2728 1675 2798 penitusque
1713 2727 1973 2798 perfecta,
2005 2743 2183 2799 neque

599 2822 898 2891 quidquam
959 2822 1013 2875 in
1068 2822 1160 2875 illa
1209 2819 1276 2875 ad
1329 2820 1555 2890 ﬁguram
1611 2818 2184 2890 pulchritudinemque

595 2913 950 2968 desideretur.
1011 2913 1180 2985 Igitur
1218 2910 1675 2982 quemadmodum
1722 2925 1847 2964 cum
1881 2910 1968 2966 his
2010 2925 2184 2966 sacrae

596 3001 814 3060 Litterae
841 3004 1206 3069 consentiant,
1226 3011 1388 3073 atque
1417 3001 1483 3056 ad
1517 2987 1760 3057 melioris
1783 3003 1905 3057 vit'e
1934 3003 2176 3074 comple-

601 3103 844 3150 mentum
894 3093 1168 3149 hominem
1219 3093 1570 3160 conﬁrment,
1601 3093 1852 3148 oratione
1896 3093 2184 3149 declaran-

2209 1878 2249 1930 Β

2261 717 2483 788 γυμνῶς
2513 717 2860 788 παρίστησιν,
2904 717 2986 769 ὅτι
3019 717 3080 768 τὸ
3118 713 3333 785 πρῶτον
3358 713 3696 780 ὑποκείμενον
3715 713 3798 764 οὐκ

2262 814 2643 882 ἀναστήσεται.
2675 812 2737 864 Εἰ
2765 811 2872 881 γὰρ
2895 810 3076 874 καλῶς
3101 808 3366 878 ἐλάὂομεν
3388 805 3445 859 τὸ
3465 805 3795 875 παράδειγμα,

2266 905 2478 975 ῥητέον,
2517 906 2598 958 ὅτι
2638 905 2666 957 6
2713 902 3086 973 σπερματικὸς
3109 901 3288 969 λόγος,
3338 902 3394 953 ἐν
3420 898 3496 968 τῷ
3521 898 3692 967 κόκκῳ
3723 896 3798 950 τοῦ

2267 996 2414 1048 σίτου
2449 995 2784 1066 δραξάμενος
2826 994 2927 1063 τῆς
2979 992 3389 1062 παρακειμένης
3440 989 3588 1058 ὕλης,
3634 989 3716 1041 καὶ
3747 988 3801 1040 δι’

2265 1087 2394 1156 ὅλης
2424 1087 2593 1156 αὐτῆς
2621 1086 2898 1156 χωρήσας,
2937 1083 3400 1154 πριδραξάμενος
3425 1082 3589 1150 αὐτῆς
3619 1078 3705 1131 τοῦ
3723 1078 3802 1131 αὖα·

2267 1180 2360 1233 τοῦ
2390 1180 2580 1244 εἴδους,
2616 1172 2690 1234 ὧν
2721 1178 2831 1248 ἔχει
2862 1177 3146 1244 δυνάμεων
3179 1174 3450 1244 ἐπιτίθησι
3488 1175 3552 1242 τῇ
3585 1180 3705 1224 ποτε
3726 1167 3803 1239 γῇ,

2232 1284 2239 1291 “
2271 1273 2366 1325 καὶ
2391 1271 2564 1336 ὕδατι,
2615 1269 2708 1324 καὶ
2737 1270 2881 1341 ἀέρι,
2917 1269 3014 1322 καὶ
3047 1267 3203 1341 πυρὶ,
3243 1267 3469 1337 νικήσας
3492 1263 3588 1326 τὰς
3616 1261 3804 1316 ἐκείνων

2272 1364 2585 1433 ποιότητας,
2622 1361 2945 1433 μεταϐάλλει
2965 1361 3058 1414 ἐπὶ
3084 1359 3287 1429 ταύτην
3311 1354 3378 1429 ἧς
3402 1360 3547 1410 ἐστιν
3569 1355 3716 1417 αὐτὸς
3731 1353 3806 1423 δη-

2277 1456 2551 1528 μιουργὸςο
2565 1455 2659 1508 καὶ
2673 1453 2841 1517 οὕτως
2867 1451 3278 1524 πμπληροῦται
3295 1452 3323 1503 6
3345 1451 3564 1520 στάχυς,
3583 1449 3654 1509 είς
3670 1447 3807 1514 ύπερε

2275 1548 2435 1618 ϐολήν
2481 1547 2753 1617 διαφέρων
2793 1545 2888 1598 τοῦ
2929 1543 2988 1609 ἐξ
3030 1544 3204 1616 ἀρχῆς
3238 1542 3438 1596 κόκκου
3486 1535 3707 1610 μεγέθει,
3733 1536 3808 1590 καὶ

2278 1639 2539 1708 σχήματι,
2566 1637 2657 1690 καὶ⁴
2687 1635 2950 1705 ποικιλίᾳ.

2667 1902 2940 1970 Πρόκλου
2975 1895 3081 1954 τοῦ
3116 1897 3302 1956 αὐτοῦ
3317 1895 3454 1969 (52).

2348 1992 2448 2049 IZ'.
2482 1993 2548 2046 Ἀ
2573 1992 2671 2065 μὲν
2692 1991 2784 2048 οὖν
2811 1993 3093 2064 Ὠριγένης
3121 1993 3200 2054 εἰς
3221 1991 3320 2062 τὴν
3349 1988 3478 2059 περὶ
3507 1973 3810 2044 ἀναστάσεως

2279 2083 2544 2156 ἐγχειρῶν
2562 2085 2944 2156 πραγματείαν
2968 2082 3287 2145 ἐσπούδασε,
3313 2077 3698 2146 ποικιλωτάτην
3719 2075 3811 2126 ἐπι-

2277 2175 2622 2245 δεικνύμενος
2655 2174 2908 2246 Θεωρίαν,
2941 2175 3048 2227 είσὶ
3078 2171 3313 2226 τοσαῦτα
3363 2169 3440 2232 ὼς
3486 2169 3544 2221 ἐν
3587 2166 3812 2233 ἐπιτομῇ·

2279 2265 2511 2337 ἐνθυμοῦ
2539 2266 2598 2320 δὲ
2643 2267 2734 2319 καὶ
2775 2266 2843 2318 τὰ
2881 2265 3091 2328 τούτοις
3120 2259 3446 2332 ἀναθεωρῶν
3485 2257 3690 2327 ἐφεξῆς.
3721 2253 3812 2308 Δεί-

2281 2371 2441 2410 πεται
2473 2355 2582 2428 γὰρ
2614 2355 2714 2418 τὰς
2743 2356 2851 2409 ἀπὸ
2883 2355 2989 2407 τῶν
3026 2351 3260 2426 Γραφῶν
3290 2351 3372 2404 ἔτι
3401 2350 3541 2420 πρὸς
3567 2349 3672 2410 τοῖς
3695 2348 3813 2416 είρη⁴

2288 2450 2466 2519 μένοις
2523 2448 2826 2520 μαρτυρίας
2873 2444 3241 2516 παραλαϐεῖνο
3305 2442 3373 2496 ἵν’
3416 2440 3603 2510 ὥσπερ
3633 2436 3814 2507 ἀνδριὰς

2284 2542 2459 2595 πάντα
2489 2539 2558 2592 τὰ
2598 2541 2738 2610 μέρη
2774 2537 3102 2608 συμμέτρως
3147 2535 3176 2586 6
3207 2533 3364 2601 λόγος
3416 2528 3606 2585 ἐαυτοῦ
3649 2525 3814 2604 λαβὼν,

2283 2635 2419 2698 ὅλως
2459 2636 2522 2688 ἐκ
2564 2635 2806 2706 πλήρους
2922 2625 3450 2699 κατεσκευασμένος,
3505 2621 3636 2677 ἀλλά
3685 2617 3816 2689 μηδὲν

2283 2727 2421 2798 ἔχων
2447 2727 2625 2789 ἐνδεὲς
2646 2725 2755 2778 τῶν
2784 2727 2865 2788 είς
2907 2713 3093 2794 σχῆμα
3120 2712 3213 2775 καὶ
3233 2718 3437 2780 ’κάλλος
3461 2711 3816 2782 συναγομένων.

2283 2819 2348 2872 Τί
2381 2813 2474 2872 οὖν
2504 2820 2559 2872 αἱ
2593 2818 2809 2888 Γραφαὶ
2839 2817 3122 2887 συνᾴδουσι
3145 2813 3375 2874 τούτοις,
3403 2805 3817 2878 ἐπικρατύνουσαι

2285 2911 2422 2982 πρὸς
2456 2911 2850 2982 συμπλήρωσιν
2875 2907 3148 2979 διαγωγῆς
3191 2905 3502 2979 κρείττονος
3534 2903 3620 2954 τὸν
3647 2897 3817 2967 ἀνθρω·

2286 3020 2406 3065 πον,
2449 3002 2735 3073 φραστέον.
2798 2999 3015 3064 Ταύτας
3057 2998 3165 3070 γὰρ
3199 2999 3294 3052 ἐάν
3331 3013 3418 3058 τις
3449 2990 3561 3058 οἷός
3597 3009 3652 3045 τε
3687 2985 3736 3061 ᾗ,
3761 2986 3817 3056 pit

2289 3096 2658 3169 παρακόπτων
2685 3092 2779 3146 τοῦ
2809 3083 3041 3158 δέοντος,
3073 3089 3314 3162 ἀκριϐῶς
3348 3092 3514 3153 νοεῖν,
3543 3087 3726 3140 εἴσεται
3744 3081 3818 3151 τήν

599 3184 730 3236 dum
777 3191 883 3238 est.
929 3183 1061 3236 lllas
1105 3182 1249 3238 enim
1289 3182 1383 3252 qui
1422 3182 1683 3252 integras,
1718 3197 1818 3236 nec
1864 3185 2175 3253 opportunis

2290 3187 2586 3241 ἀνάστασιν
2623 3185 2715 3235 ἐπὶ
2747 3182 2940 3236 τούτου
2977 3181 3053 3253 μὴ
3100 3181 3296 3251 χρῆναι
3335 3175 3818 3249 παραλαμόἀνεσθαι

598 3275 846 3343 partibus
899 3267 1146 3330 deiectas
1198 3269 1561 3344 intelligentia
1614 3280 1904 3342 penetrare
1956 3274 2175 3343 poterit,

2280 3276 2376 3331 τοῦ
2415 3271 2686 3347 σώματος,
2725 3273 2822 3328 ἅτε
2854 3272 3239 3336 ἀδυνατοῦντος
3263 3271 3539 3342 ἀτρέπτου
3567 3268 3630 3322 δι’
3663 3266 3820 3325 αἰῶνος

599 3365 1057 3421 resurrectionem
1105 3365 1152 3419 is
1195 3364 1334 3420 sciet
1364 3378 1709 3434 nequaquam
1749 3363 1816 3416 ad
1845 3363 1946 3418 hoc
1980 3379 2181 3434 corpus

597 3465 851 3525 oportere
878 3455 1100 3518 reierri,
1139 3455 1286 3525 quod
1323 3456 1378 3509 in
1409 3456 1803 3525 sempiternum
1837 3450 2211 3509 immutabile‘

598 3563 720 3602 esse
753 3562 860 3602 non
900 3547 1134 3617 poterit,
1185 3547 1280 3602 sed
1329 3548 1397 3603 ad
1437 3548 1686 3618 spiritale
1723 3548 1928 3618 potius,
1965 3549 2020 3602 in
2069 3565 2180 3630 guo

600 3640 811 3704 eadem,
872 3655 995 3709 qua:
1044 3640 1262 3694 mortali
1316 3640 1446 3693 huic
1496 3640 1659 3705 inest,
1714 3649 1845 3694 nota
1898 3655 1963 3695 ac
2009 3641 2180 3712 ﬁgura

2285 3364 2486 3436 μένειν.
2509 3350 2644 3417 ἀλλά
2670 3363 2762 3417 ἐπὶ
2789 3363 2884 3417 τοῦ
2912 3362 3309 3434 πνευματικοῦ,
3346 3365 3406 3416 ἐν
3446 3355 3489 3430 ᾧ
3522 3361 3672 3423 αὐτὸς
3694 3359 3719 3411 6
3749 3357 3820 3410 καὶ

2283 3455 2378 3509 νῦν
2410 3457 2468 3509 ἐν
2500 3455 2674 3527 τούτῳ
2711 3455 3422 3536 διασωξόμενοςχχαρακτὴρ
3457 3453 3820 3526 τηρηθήσεται·

2230 3566 2236 3572 ·
2281 3546 2347 3600 ἵν’
2366 3546 2598 3610 ἕκαστος
2614 3546 2768 3617 ήμῶν
2785 3547 2879 3600 καὶ
2898 3548 3039 3600 κατά
3053 3547 3148 3620 τὴν
3165 3546 3380 3619 μορφὴν
3396 3547 3426 3599 6
3445 3545 3604 3607 αὐτὸς
3619 3541 3669 3617 ᾗ,
3683 3539 3820 3596 uilli-

2286 3655 2391 3710 περ
2442 3639 2631 3710 ἐλέχθη
2668 3639 2761 3693 καὶ
2821 3641 3107 3712 Ὠριγένει.
3155 3639 3310 3692 Οὕτω
3346 3638 3461 3709 γὰρ
3496 3639 3690 3699 ἐκεῖνος
3725 3633 3822 3686 ἐσε-

599 3729 761 3801 540
783 3728 1199 3784 conservabitur
1225 3747 1238 3782 :
1273 3729 1408 3783 adeo
1435 3739 1488 3783 ut
1517 3729 1896 3800 unusquisque
1915 3740 2175 3796 nostrum,

2291 3734 2412 3786 σθαι
2439 3733 2646 3786 τίθεται
2672 3732 2769 3804 τὴν
2803 3733 3120 3790 ἀνάστασιν.
3164 3729 3422 3795 Ῥευστοῦ
3453 3731 3561 3803 γὰρ
3591 3731 3727 3791 ὄντος
3748 3723 3822 3778 τοῦ

597 3821 742 3889 quod
772 3821 840 3874 ad
868 3821 1098 3875 formam
1133 3822 1381 3890 corporis
1410 3821 1628 3882 attinet,
1662 3821 1804 3875 idem
1836 3821 2083 3884 exsistat,
2125 3830 2175 3876 ut

2289 3821 2542 3893 σώματος
2591 3823 2684 3876 τοῦ
2737 3823 2952 3888 ύλικοῧ,
3002 3823 3096 3877 καὶ
3157 3823 3425 3894 μηδέποτε
3475 3823 3714 3894 μένοντος
3759 3814 3822 3884 ἔθ’

598 3919 651 3965 et
686 3911 949 3982 Origenes
979 3911 1226 3969 aﬁirmat.
1259 3912 1334 3967 lta
1357 3897 1499 3968 enim
1529 3912 1769 3966 futuram
1803 3920 1856 3968 et
1881 3913 1971 3968 ille
1993 3928 2175 3968 resur-

2289 3911 2489 3985 ἑαυτῷ,
2519 3914 2620 3968 κᾶν
2657 3915 2718 3967 τὸ
2754 3914 2949 3987 βραχὺ,
2977 3914 3114 3969 ἀλλὰ
3136 3914 3585 3986 προσγενομένου,
3610 3913 3694 3966 καὶ
3714 3911 3823 3962 ἀπο·

599 4001 892 4056 rectionem
916 4003 1221 4057 existimat.
1271 4002 1408 4056 Cum
1433 4004 1578 4057 enim
1603 4017 1802 4072 corpus
1821 4003 1924 4059 hoc
1944 4005 2175 4059 materia

2285 4006 2570 4075 γινομένου
2599 4006 2727 4077 περὶ
2751 4007 2812 4060 τὸ
2841 3989 3066 4070 εἶδοςτὸ
3100 4006 3508 4078 χαρακτηρίζον
3532 4006 3621 4060 τον
3647 4001 3824 4072 ἄνθρω-

598 4099 913 4145 concretum
947 4090 1152 4144 ﬂuxum
1187 4093 1276 4156 sit,
1309 4108 1411 4148 nec
1443 4094 1497 4146 in
1528 4109 1630 4147 suo
1654 4109 1894 4162 unquam
1923 4103 2066 4150 statu
2095 4095 2175 4150 vel

2287 4109 2406 4161 πον,
2438 4097 2526 4168 ὑφ’
2552 4094 2612 4152 οὗ
2647 4100 2744 4152 καὶ
2771 4103 3159 4170 συγκρατετται
3183 4099 3244 4152 τὸ
3275 4100 3482 4170 σχῆμα,
3515 4098 3714 4167 ἀνάγκη
3735 4091 3822 4159 ('53)

599 4183 924 4238 brevissimo
955 4185 1132 4254 spatio
1172 4186 1474 4244 consistat.
1513 4187 1606 4240 sed
1643 4193 1958 4256 perpetuam
1993 4202 2175 4244 acces-

2292 4229 2306 4243 .
2352 4228 2367 4245 .
2405 4228 2421 4243 .
2466 4230 2480 4246 .
2519 4230 2533 4244 .
2558 4191 2667 4244 τῶν
2692 4192 2996 4264 εἰρημένων
3019 4191 3409 4263 ἐναργέστερον
3438 4192 3539 4244 οὐκ
3563 4188 3822 4255 ἀνέξονται.

599 4275 808 4328 sionem
839 4274 1330 4346 decessionemque
1357 4277 1502 4330 circa
1529 4277 1674 4330 illam
1705 4277 1935 4332 formam
1967 4278 2186 4344 habeat,
2229 4296 2351 4350 qua!
2387 4289 2472 4339 est
2514 4283 2752 4339 hominis
2804 4296 2932 4340 nata
2982 4301 3045 4340 ac
3092 4285 3238 4339 velut
3285 4284 3576 4339 character
3638 4277 3824 4351 quidam

598 4369 871 4436 proprius,
902 4385 931 4422 a
960 4387 1069 4441 quo
1101 4371 1272 4441 ﬁgura
1303 4371 1418 4440 ipsa
1449 4371 1781 4436 continetur,
1820 4387 2046 4429 necesse
2087 4383 2172 4430 est
2214 4415 2227 4428 .
2277 4419 2288 4429 .
2340 4419 2351 4430 .
2397 4420 2411 4435 .
2455 4418 2470 4433 .
2503 4379 2709 4434 clarius
2753 4379 2844 4443 iis,
2886 4395 3008 4450 quae
3041 4389 3165 4435 ante
3224 4386 3650 4435 commemorata
3702 4375 3825 4432 sunt,

603 4456 827 4512 minime
859 4461 1230 4514 sustinebunt.

679 4546 878 4602 Verum
919 4557 1124 4619 quanto
1167 4551 1270 4604 hac
1334 4566 1392 4604 in
1433 4566 1492 4605 re
1537 4552 1948 4608 contradicendi
2000 4553 2175 4609 studio

2372 4552 2530 4610 Ἀλλὰ
2555 4553 2758 4627 ταύτην
2808 4558 2906 4627 μὲν
2935 4555 3113 4609 αὐτῶν
3155 4555 3254 4627 τὴν
3285 4555 3617 4625 φιλονεικίαν
3660 4553 3744 4610 καὶ
3777 4551 3827 4604 ἐκ

601 4637 868 4702 ferantur,
893 4654 1016 4693 cum
1043 4657 1109 4695 ex
1132 4641 1286 4710 ipsis,
1314 4648 1428 4693 tum
1451 4657 1515 4696 ex
1539 4643 1660 4698 aliis
1683 4644 1933 4712 pluribus
1953 4644 2175 4698 demon-

2283 4646 2489 4699 τούτων
2515 4647 2579 4701 ἄν
2608 4664 2690 4711 τις
2724 4648 2820 4700 καὶ
2845 4646 2904 4711 ἐξ
2930 4647 3134 4718 ἑτέρων
3162 4647 3372 4717 ἐλέγχοι
3395 4646 3673 4699 πλειόνων.
3702 4645 3828 4697 Ἀπο-

601 4729 764 4784 Strari
791 4737 986 4798 potest.
1009 4729 1141 4783 Nam
1168 4739 1355 4800 postea
1376 4731 1432 4784 in
1455 4734 1574 4802 ipso
1597 4733 1862 4788 orationis
1883 4749 2175 4803 progressu

2283 4737 2529 4807 δείξομεν
2566 4737 2673 4810 γὰρ
2714 4738 2772 4789 ὲν
2801 4740 2913 4800 τοῖς
2943 4737 3089 4809 ἑξῆς,
3122 4738 3507 4811 προϐαίνοντος
3549 4735 3641 4790 τοῦ
3672 4735 3823 4804 λόγον,

604 4821 748 4874 veris
783 4835 847 4874 ac
878 4822 1218 4878 naturalibus
1251 4822 1578 4890 rationibus,
1625 4839 1731 4880 non
1765 4825 2019 4882 inanibus
2050 4841 2175 4881 con-

2290 4829 2504 4898 φύσεως
2552 4829 2912 4901 ἁληθεύμασι,
2957 4833 3052 4885 καὶ
3096 4833 3198 4887 οὐκ
3247 4833 3538 4896 είκασίαις,
3586 4832 3713 4902 μήτε
3752 4827 3826 4881 τὸν

693 4972 706 5001 ¹
733 4979 750 5033 Ι
778 4981 907 5036 Cor.
943 4997 1032 5043 xv,
1062 4981 1149 5034 55.

669 5096 781 5167 (3'2)
811 5098 1086 5167 degclov
1119 5093 1223 5167 τοῦ
1255 5094 1491 5167 αὺτοῦ,-
1513 5093 1766 5167 Μςῃιιυεο
1811 5105 1897 5152 est
1925 5098 2042 5153 haec
2089 5096 2175 5152 in-

2285 5094 2530 5167 Πρόκλος
2555 5096 2617 5167 ei
2639 5095 2892 5164 praeﬁxus
2933 5103 3052 5151 erat
3081 5097 3325 5167 post-:05
3357 5097 3546 5152 αὑτοῦ.
3590 5094 3716 5150 Nam
3747 5091 3826 5167 τοῦ

600 5162 865 5235 scriptio.
903 5165 1089 5237 Neque
1119 5165 1263 5237 enim
1308 5179 1373 5218 ex
1403 5165 1568 5220 ullius
1597 5164 1776 5220 Procli
1809 5167 2180 5237 disputatione
2282 5162 2446 5220 αὗτοῦ
2472 5166 2541 5219 ad
2571 5162 2900 5220 Methodium
2920 5162 3174 5236 pertiliet.
3201 5166 3478 5224 Librarius
3496 5162 3825 5234 autem,un

599 5252 726 5307 quae
749 5245 1051 5305 sequuntur
1071 5235 1330 5303 inscripta
1366 5243 1494 5307 sunt
1520 5276 1536 5301 ,
1570 5238 1662 5290 'sed
1691 5251 1758 5307 ett
1790 5235 2034 5304 ejus—dem
2063 5238 2180 5292 Me-
2285 5237 2532 5307 Πρόκλου
2564 5252 2758 5290 nomen
2795 5235 3034 5307 legisSet,
3063 5239 3306 5302 auctoris
3331 5237 3561 5307 alicujus
3584 5252 3699 5293 esse
3724 5248 3824 5287 cre-

601 5304 770 5378 thodii
805 5304 1198 5371 lucubratione,
1230 5319 1401 5378 quam
1433 5306 1696 5378 adversus
1729 5304 2018 5375 Origenem
2062 5309 2183 5363 dia—
2287 5304 2448 5378 didit,
2479 5322 2604 5378 cum
2644 5304 3064 5378 interloqueutis
3101 5323 3348 5378 persona:
3376 5309 3465 5363 sit.

603 5377 708 5446 logi
743 5391 894 5432 more
921 5371 1342 5448 conscripserat.
1383 5376 1447 5448 _ln
1477 5391 1588 5448 quo
1617 5371 1899 5444 loquentes
1934 5379 2175 5432 introdu-

2288 5446 2301 5448 _
2333 5377 2470 5448 7(33)
2513 5377 2629 5444 Ὑφ’
2659 5373 2731 5432 οὗ
2755 5371 3310 5447 καίσυγκρᾰτεῖτσι
3333 5378 3399 5430 τὸ
3427 5375 3650 5446 σχῆμα.
3682 5371 3826 5439 Major

601 5443 753 5500 xe'rat
771 5443 1514 5567 Assyaophontemfroclum,
1535 5443 1888 5511 Auxentium,
1905 5455 1960 5502 et
1982 5456 2187 5503 semet-
2287 5443 2420 5508 hic,
2439 5443 2498 5500 ut
2519 5443 2734 5514 opinor,
2765 5447 2947 5503 hiatus
2969 5443 3076 5511 est,
3097 5463 3260 5517 quam
3287 5450 3446 5517 vulgo
3471 5443 3692 5502 ccilices
3713 5455 3824 5520 pra;-

602 5519 801 5567 insum.
879 5516 1121 5567 ideinfra
1148 5529 1374 5567 numero
1395 5517 1481 5567 40.
1514 5513 1599 5567 Fit
1619 5524 1672 5567 el.
1691 5515 2176 5567 Theonhilinostea
2286 5515 2485 5567 ferant.
2543 5516 2678 5567 Nam
2733 5517 2777 5567 si
2810 5519 3093 5567 superiora
3137 5519 3311 5567 Procli
3351 5525 3496 5567 sunt.
3527 5527 3588 5567 ut
3621 5529 3732 5567 esse
3758 5526 3824 5564 Vl-

602 5519 801 5587 ipsum.
825 5511 1121 5587 "v’idéinfra
1148 5529 1374 5568 numero
1395 5517 1481 5587 40.
1514 5513 1599 5569 Fit
1619 5515 1972 5586 etTheophili
1992 5527 2176 5587 postea
2286 5515 2485 5587 ferant.
2543 5511 2678 5587 Nam
2733 5517 2777 5570 si
2810 5519 3093 5586 superiora
3115 5511 3311 5573 'l’rocli
3351 5511 3496 5581 sunt,
3527 5527 3588 5571 ut
3621 5511 3732 5587 esse
3758 5511 3824 5564 Vi-

601 5585 832 5655 mentio;
877 5586 1020 5655 qu_od
1068 5597 1248 5637 tamen
1291 5585 1674 5655 appellativum
1721 5585 1858 5655 puto
1889 5585 2034 5652 esse,
2061 5603 2176 5641 non

598 5654 902 5725 preprium.
929 5652 1194 5725 Quocirca
1223 5652 1344 5725 post
1369 5653 1618 5724 Origenis
1641 5652 1802 5711 verba
1827 5672 1856 5711 e
1876 5665 2174 5712 comment.

597 5719 648 5778 in
665 5719 1200 5794 p-rig'tum_l’salnttt_ttt
1223 5719 1607 5794 adductafboc
1633 5726 1752 5794 ipso
1772 5741 1999 5781 numero
2026 5727 2179 5781 dein-

589 5789 712 5868 ceps
745 5789 986 5848 Proclus
1010 5801 1107 5857 pro
1130 5789 1360 5862 Origene
1393 5795 1555 5848 verba
1588 5789 1738 5850 facit.
1801 5795 1954 5852 Unde
1984 5797 2178 5853 titulus

2284 5586 2504 5650 dentur,
2527 5586 2748 5658 Origeni
2772 5585 3188 5656 patrocinantis,
3213 5603 3336 5642 cum
3359 5585 3825 5658 sequentiaadver-

2284 5656 2658 5731 sus‘eumdem
2695 5656 2980 5727 Origenem
3015 5667 3199 5731 aperte
3213 5656 3482 5731 pugnent,
3514 5656 3652 5711 haud
3678 5664 3822 5725 pauca

2235 5747 2240 5752 -
2285 5725 2587 5800 desiderari
2615 5725 2840 5784 necesse
2857 5737 2962 5792 est,
2989 5725 3189 5800 quibus
3212 5725 3436 5786 Proclus
3455 5741 3674 5785 causam
3689 5733 3822 5780 suam

2288 5796 2590 5868 explicarit.
