4046 6434
263 355 409 410 109—7

937 345 1306 407 ADVERSUS
1344 345 1685 404 [MERESES
1725 346 1850 403 LIB.

1997 351 2160 409 ΤΟΜ.
2207 353 2318 408 1.-
2359 352 2628 408 ΙΙᾸΞΒΕδ.
2665 349 2846 407 LXIV.

3387 350 3412 402 l
3423 349 3524 405 098

274 467 549 540 Ἰερεμίαν
590 466 844 537 δεσμίους
901 467 1043 536 ἡμᾶς
1107 464 1207 537 γῆς
1239 471 1328 524 διὰ
1367 470 1466 540 τὴν
1503 469 1640 542 πρὸς
1694 471 1852 542 σῶμα

1955 473 2177 542 iecturis
2211 471 2592 538 ostendemus;
2625 486 2802 541 neque
2827 470 2896 525 ab
2924 466 3156 524 Jeremia
3187 481 3286 522 nos
3318 467 3525 521 vinctos

263 558 554 613 κοινωνίαν
587 557 890 628 εἰρηκέναι,
927 557 1062 628 μήτε
1093 558 1185 610 τὸν
1210 560 1374 613 Δαϐὶδ
1398 560 1540 614 κατά
1565 560 1724 614 τοῦτο
1752 579 1849 613 πε-

263 650 634 721 πεδημένους.
665 647 847 712 Ἄξιον
867 649 974 719 γὰρ
1015 647 1188 702 ταῦτα
1210 650 1528 721 προφέρειν,
1557 653 1613 702 ὲν
1635 646 1717 714 οἷς
1743 652 1849 722 μά-

263 743 427 795 λιστα
455 740 734 809 φαίνονται
757 739 1159 804 διαπίπτοντες.
1189 741 1324 809 Περὶ
1350 742 1447 811 μὲν
1467 737 1561 796 οὖν
1596 742 1702 796 τῶν
1727 744 1851 814 δερ-

268 834 511 905 ματίνων
530 831 793 903 χιτώνων,
825 833 918 886 καὶ
939 833 1020 886 ὅτι
1041 832 1146 902 πρὸ
1173 832 1274 902 τῆς
1296 835 1642 903 κατασκευῆς
1671 833 1852 886 αὐτῶν

263 926 321 978 oi
367 923 782 994 πρωτόπλαστοι
823 924 1010 994 διῆγον
1063 923 1200 993 μετά
1250 923 1521 994 σώματος,
1556 923 1854 988 ἀθανασίας

265 1016 655 1079 ἀπολαύοντες,
690 1016 770 1068 ἔτι
817 1033 879 1068 τε
913 1017 1009 1069 καὶ¹
1037 1016 1114 1079 ὡς
1147 1017 1208 1068 οὐ
1239 1014 1459 1068 δύναται
1489 1015 1550 1068 τὸ
1583 1015 1742 1084 σῶμα
1767 1015 1853 1068 δε-

264 1110 427 1178 σμὸς,
450 1109 544 1162 καὶ
564 1107 752 1178 εἱρκτὴ
776 1106 1111 1177 νομίζεσθαι,
1134 1106 1202 1160 τὰ
1223 1108 1571 1177 προσήκοντα
1595 1107 1785 1170 εἰπὼν,
1810 1101 1855 1160 ὦ

265 1201 460 1272 ἄνδρες
499 1200 748 1252 δικασταὶ
780 1199 1062 1269 (δικαστὰς
1095 1198 1205 1269 γὰρ
1230 1199 1375 1269 ὑμᾶς
1419 1198 1528 1251 τῶν
1566 1200 1762 1268 λόγων,
1810 1195 1855 1252 ὧ

264 1294 528 1363 κράτιστε
573 1291 818 1360 Θεόφιλε,
869 1291 1064 1357 καλῶ),
1096 1291 1366 1362 τρέψομαι
1413 1290 1598 1344 λοιπὸν
1639 1291 1732 1344 ἐπὶ
1787 1292 1856 1345 τὰ

265 1383 562 1451 ἀκόλουθα.
614 1384 866 1454 καθάπερ
917 1384 1234 1452 ὑπεσχόμην
1283 1383 1393 1436 τῶν
1454 1383 1852 1453 προκειμένων,

263 1475 339 1528 ἶν’
380 1475 791 1546 εὐκρινέστερον
816 1475 1013 1544 ἴδωμεν
1037 1474 1064 1526 ὃ
1094 1473 1414 1544 βουλόμεθα.

259 1577 640 1621 consentanea
673 1575 801 1621 sunt
830 1583 882 1621 et
911 1570 1306 1636 consequentia
1338 1583 1443 1632 me,
1480 1575 1539 1621 ut
1577 1567 1855 1637 pollicitus

263 1678 398 1718 cere
425 1662 716 1731 possimus.

343 1750 450 1806 IH'.
495 1752 551 1804 '0
572 1752 680 1804 τῶν
708 1753 844 1808 ὅλων
881 1751 1211 1823 δημιουργὸς
1242 1751 1394 1816 Θεὸς,
1433 1753 1620 1824 ἐπειδὴ
1652 1752 1712 1804 τὸ
1747 1753 1852 1804 πᾶν

262 1842 551 1906 εὐτάκτως
599 1846 983 1914 συνεστήσατο,
1019 1844 1270 1914 καθάπερ
1301 1845 1541 1915 μεγάλην
1571 1845 1744 1908 πόλιν,
1781 1844 1858 1897 δι-

261 1934 544 2004 εκόσμησε
571 1937 919 2006 προστάσσων
940 1934 1016 2005 τῷ
1039 1935 1201 2006 λόγῳ,
1223 1936 1452 1990 ἕκαστόν
1472 1954 1532 1989 τε
1553 1936 1701 2006 αὐτῷ
1719 1953 1780 1988 συ
1789 1954 1855 2006 μ-

263 2025 464 2095 φώνως
494 2026 774 2096 ἡρμόσατο
808 2029 1094 2096 στοιχεῖον,
1126 2028 1220 2078 καὶ
1251 2027 1431 2080 πάντα
1461 2027 1614 2092 ζώων
1647 2027 1858 2098 πεπλή-

265 2134 417 2189 ρωτο
443 2118 742 2188 διαφοραῖς,
785 2118 872 2170 ἵνα
899 2118 1121 2181 τελείως
1149 2121 1176 2171 ὁ
1199 2119 1404 2187 κόσμος
1429 2120 1508 2182 εἰς
1534 2118 1729 2182 κάλλος
1757 2119 1856 2172 αὑ-

265 2208 433 2279 ξηθῇ,
481 2209 739 2271 παντοίας
772 2208 988 2276 φύσεως
1022 2207 1369 2279 ζωοτοκήσας
1416 2210 1648 2281 μορφὰς,
1682 2211 1856 2281 ἄστρα

272 2301 375 2371 μὲν
408 2298 549 2352 κατά
584 2299 674 2352 τὸν
717 2300 966 2369 οὐρανὸν.
1019 2300 1114 2351 καὶ
1155 2299 1336 2370 πτηνά
1385 2299 1529 2354 κατὰ
1573 2301 1665 2353 τὸν
1696 2301 1855 2371 ἀέρα,

265 2391 578 2464 τετράποδα
597 2391 653 2444 δὲ
670 2392 811 2444 κατά
827 2391 926 2462 τὴν
945 2391 1072 2461 γῆν,
1104 2391 1198 2444 καὶ
1231 2393 1406 2463 νηκτά
1431 2394 1573 2448 κατὰ
1594 2395 1656 2448 τὸ
1682 2394 1825 2465 ὕδωρ
1839 2411 1853 2426 ο

267 2481 578 2536 τελευταῖον
625 2483 716 2535 τὸν
761 2482 1070 2554 ἄνθρωπον,
1125 2484 1528 2555 προετοιμάσας
1565 2485 1640 2549 ὡς
1682 2485 1858 2538 οἰκίαν

270 2573 423 2643 αὐτῷ
449 2574 745 2644 καλλίστην
791 2575 852 2626 τὸ
898 2577 1026 2638 πᾶν,
1083 2574 1307 2645 μίμημα
1347 2575 1445 2645 τῆς
1479 2576 1612 2639 ἰδίας
1651 2576 1859 2640 εἰκόνος

265 2664 513 2734 ἐμφερὲς
543 2665 620 2728 εἰς
641 2665 730 2717 τὸν
752 2666 957 2734 κόσμον
983 2666 1297 2736 εἰσήγαγεν,
1325 2666 1544 2736 ἄγαλμα
1567 2667 1643 2730 ὡς
1665 2668 1722 2720 ὲν
1747 2669 1858 2739 ναῷ

270 2756 487 2827 φαιδρῷ
511 2756 673 2810 καλὸν
694 2759 815 2818 ταῖς
829 2755 1022 2810 ἑαυτοῦ
1045 2757 1206 2828 χερσὶ
1226 2759 1663 2821 κατασκευάσας.
1702 2759 1858 2812 Ἡπί-

267 2865 440 2903 στατο
470 2847 598 2920 γὰρ,
631 2850 712 2901 ὅτι
748 2849 966 2912 πάντως
1000 2850 1138 2913 ὅπερ
1170 2849 1237 2902 ἂν
1268 2853 1334 2920 τῇ
1362 2847 1558 2902 ἑαυτοῦ
1588 2851 1853 2921 τεχνήσηο

267 2957 362 2993 ται
392 2941 556 3012 χειρὶ,
587 2939 646 3003 ἐξ
666 2939 912 3010 ἀνάγκης
942 2939 1094 2992 ἔσται
1116 2939 1404 3005 ἀθάνατον,
1433 2941 1529 2994 ἅτε
1554 2941 1856 3003 ἀθανασίας

271 3031 456 3103 ἔργον.
515 3030 838 3092 Ἀθανασίας
874 3030 982 3102 γὰρ
1014 3031 1260 3085 ἀθάνατα
1289 3032 1561 3100 γίγνεται,
1598 3032 1856 3104 καθάπερ

269 3123 370 3176 καὶ
392 3123 464 3176 τὰ
497 3123 642 3176 κακὰ
678 3123 897 3185 κακίας,
926 3122 1020 3175 καὶ
1060 3120 1128 3174 τά
1164 3121 1321 3176 ἄδικα
1351 3122 1583 3185 ἀδικίας.
1641 3122 1716 3175 Οὐ
1747 3123 1856 3194 γὰρ

1954 575 2112 619 terrae
2133 566 2153 595 ¹
2190 572 2408 634 propter
2438 563 2878 617 communionem
2913 575 3038 616 cum
3080 572 3310 627 corpore
3355 559 3526 611 nomi-

1951 665 2109 711 natos
2143 672 2297 721 esse;
2350 670 2524 725 neque
2560 653 2815 708 Davidem
2847 660 3132 723 propterea
3159 646 3528 718 compeditos‘

1953 747 2246 816 appellare.
2305 745 2427 800 lltec
2475 745 2619 798 enim
2663 744 3010 813 potissimum
3053 741 3528 796 commemoranda

1953 846 2102 902 sunt,
2133 837 2187 890 in
2213 837 2413 906 quibus
2451 834 2682 889 maxime
2717 850 2746 888 a
2776 835 3006 888 veritate
3037 831 3308 886 excidisse
3336 830 3530 885 viden-

1955 932 2062 976 tur.
2121 923 2194 978 De
2226 924 2465 992 pelliceis
2496 924 2680 993 itaque
2728 923 2953 987 tunicis,
2997 930 3164 992 utque
3210 922 3529 992 priusquam

1954 1030 2032 1069 ca:
2073 1015 2474 1070 conficerentur
2504 1031 2736 1086 corpore
2782 1015 2989 1085 praediti
3031 1015 3192 1084 primi
3227 1015 3402 1070 nostri
3436 1030 3530 1084 pa-

1951 1115 2134 1162 rentes
2156 1108 2487 1170 exstiterint,
2522 1117 2575 1163 et
2602 1108 3031 1163 immortalitatis
3056 1117 3368 1178 compotes;
3415 1117 3528 1162 tum

1953 1215 2180 1252 nervum
2215 1209 2268 1253 et
2296 1213 2570 1254 carcerem
2604 1200 2789 1254 haberi
2824 1215 2931 1254 non
2981 1215 3142 1270 posse
3187 1215 3408 1271 corpus,
3438 1200 3530 1253 ubi

1956 1299 2220 1360 quantum
2249 1307 2470 1346 necesse
2498 1299 2580 1346 est
2603 1292 2974 1360 disputavero,
3005 1294 3219 1361 judices
3247 1293 3364 1364 (vos
3385 1294 3529 1347 enim

1951 1396 2265 1435 sermonum
2285 1389 2596 1435 nostrorum
2613 1381 3011 1452 judices,teque
3029 1383 3080 1435 iu
3099 1383 3311 1452 primis,
3331 1383 3532 1451 optime

1951 1471 2271 1542 TheOphile,
2323 1473 2663 1542 pronuntiO),
2703 1473 2766 1526 ad
2793 1488 2855 1526 ea
2880 1488 2999 1541 quae
3037 1474 3315 1542 proposito
3344 1478 3534 1526 nostro

1893 1581 2036 1633 sum,
2072 1565 2388 1630 conferant,
2443 1575 2500 1620 ut
2527 1566 2579 1621 id
2612 1568 2757 1635 quod
2790 1567 3042 1620 volumus
3103 1566 3307 1621 clarius
3371 1567 3542 1636 inspi-

2029 1745 2216 1802 XVlll.
2274 1746 2565 1816 Postquam
2617 1747 2812 1801 artifex
2861 1763 3042 1800 rerum
3090 1749 3335 1803 omnium
3392 1749 3536 1806 Deus

1890 1835 1930 1889 Β
1958 1845 2126 1892 totam
2163 1838 2305 1892 hanc
2335 1838 2710 1893 universitatis
2741 1839 3235 1904 machinam,velut
3263 1842 3536 1911 ingentem

1957 1930 2192 1999 aliquam
2247 1930 2542 1994 civitatem,
2592 1931 2854 1999 praeclaro
2905 1932 3095 1986 ordine
3147 1933 3415 1997 condidit,
3473 1948 3536 1987 ac

1958 2022 2109 2076 vocis
2133 2022 2364 2092 imperio
2392 2024 2701 2087 constituit,
2735 2024 2788 2078 in
2817 2038 2993 2094 eoque
3021 2025 3290 2080 elementa
3322 2027 3536 2097 singula

1957 2111 2238 2180 aptissime
2273 2114 2601 2183 composuit,
2629 2129 2694 2168 ac
2723 2114 2890 2170 variis
2926 2117 3289 2171 animantium
3318 2119 3536 2187 generi-

1957 2205 2060 2262 bus
2095 2207 2391 2276 complevit
2437 2207 2644 2272 omnia,
2697 2215 2757 2259 ut
2793 2205 2884 2260 hic
2918 2202 3157 2263 mundus
3191 2208 3433 2278 perfecte
3469 2213 3534 2262 ad

1957 2313 2172 2352 omnem
2217 2299 2681 2368 pulchritudinem
2744 2299 3120 2364 adolesceret,
3175 2316 3301 2354 cum
3359 2303 3414 2356 in
3470 2317 3536 2356 eo

1958 2391 2304 2444 omnimodas
2330 2403 2540 2444 naturae
2568 2392 2774 2444 formas
2797 2390 2948 2445 vivas
2976 2388 3358 2461 animatasque
3407 2407 3534 2460 pro-

1957 2488 2220 2545 creasset,
2243 2490 2405 2550 atque
2424 2489 2477 2535 et
2500 2481 2554 2534 in
2572 2481 2716 2534 cmlo
2735 2481 2936 2543 sidera,
2950 2487 3004 2534 et
3036 2481 3090 2534 in
3111 2495 3238 2536 aere
3261 2482 3535 2544 volucres,

1956 2582 2009 2625 et
2055 2573 2110 2625 in
2151 2579 2296 2627 terra
2329 2572 2732 2642 quadrupedes,
2767 2581 2821 2627 et
2871 2573 2925 2626 in
2961 2575 3118 2642 aquis
3151 2575 3396 2628 natantia
3426 2576 3538 2628 col-

1960 2667 2218 2729 locasset,
2256 2675 2593 2736 postremum
2630 2668 2874 2721 omnium
2909 2667 3206 2733 hominem,
3245 2671 3334 2723 cui
3367 2677 3538 2724 totum

1957 2758 2104 2813 hunc
2135 2759 2396 2812 mundum
2432 2759 2580 2814 velut
2609 2761 2885 2829 egregium
2917 2760 3190 2829 quoddam
3223 2763 3538 2830 praetorium

1958 2858 2267 2920 paraverat,
2322 2851 2403 2905 sic
2453 2859 2713 2920 tanquam
2756 2851 3110 2906 simulacrum
3159 2853 3430 2921 quoddam
3473 2855 3540 2908 ad

1957 2943 2040 2997 sui
2062 2942 2289 3012 efﬁgiem
2315 2957 2634 3012 expressum
2659 2944 2713 2996 in
2741 2945 2927 2998 orbem
2953 2945 3286 3011 introduxit;
3322 2948 3541 3001 acvelut

1955 3034 2292 3101 exquisitum
2323 3035 2539 3104 signum
2573 3035 2824 3089 manibus
2857 3036 2976 3090 suis
3005 3036 3341 3091 elaboratum
3376 3037 3534 3109 541

1958 3126 2223 3196 praeclaro
2258 3124 2312 3178 in
2352 3126 2554 3196 templo
2578 3127 2883 3180 constituit.
2919 3125 3106 3197 Neque
3135 3129 3280 3182 enim
3315 3129 3538 3198 ignora-

268 3213 622 3283 δικαιοσύνης
654 3213 814 3284 ἔργον
842 3213 902 3266 τὸ
934 3213 1160 3274 ἀδικεῖν,
1186 3213 1323 3266 ἀλλά
1351 3213 1594 3276 ἀδικίας’
1638 3213 1748 3266 οὐδ’
1784 3209 1850 3267 αὖ

1957 3219 2069 3284 bat,
2117 3218 2483 3288 quodcunque
2506 3226 2696 3288 suapte
2727 3233 2887 3272 manu
2916 3216 3179 3282 finxisset,
3203 3221 3534 3283 necessario,

268 3307 491 3369 ἀδικίας
539 3306 909 3376 ἀντιστρόφως
940 3305 1000 3359 τὸ
1040 3305 1454 3378 δικαιοπραγεῖν
1497 3304 1679 3376 ἔργον,
1724 3305 1859 3358 ἀλλά

268 3398 652 3468 δικαιοσύνης·
710 3396 900 3468 ὥσπερ
943 3397 1066 3450 οὐδὲ
1109 3396 1416 3467 ἀφθαρσίας
1446 3395 1506 3448 τὸ
1541 3396 1860 3468 φθείρεσθαι

272 3493 474 3554 ποιεῖν,
509 3489 644 3542 ἀλλά
670 3490 898 3560 φθορᾶς,
927 3489 988 3542 τὸ
1017 3487 1366 3551 ἀθανατίζειν
1394 3488 1454 3540 οὐ
1487 3488 1713 3558 φθορᾶς,
1744 3487 1861 3542 ἀλλ’

272 3583 608 3651 ἀφθαρσίας.
640 3583 748 3634 Καὶ
773 3580 1095 3651 συλλήϐδην,
1123 3573 1232 3632 οἷον
1252 3579 1318 3632 ἂν
1398 3579 1457 3632 τὸ
1480 3577 1688 3640 ποιοῦν,
1721 3580 1862 3634 κατὰ

272 3675 368 3727 τὸν
399 3675 560 3728 αὑτὸν
587 3673 760 3736 οὕτως
783 3672 941 3739 λόγον
961 3671 1119 3725 τοῦτο
1147 3667 1465 3740 ποιοῦμενον
1499 3671 1515 3701 ¹
1541 3669 1600 3735 ἐξ
1621 3671 1863 3740 ἀνάγκης

272 3765 690 3837 ἀπεργάζεσθαι
724 3764 1030 3831 συμϐαίνει.
1094 3764 1154 3816 '0
1181 3763 1237 3816 δὲ
1273 3762 1405 3826 Θεὸς
1443 3763 1538 3815 καὶ
1572 3762 1860 3825 ἀθανασία,

273 3857 378 3910 καὶ
415 3855 552 3927 ζωὴ,
597 3857 689 3909 καὶ
725 3855 1028 3926 ἀφθαρσίαο
1073 3853 1233 3925 ἔργον
1269 3853 1328 3906 δὲ
1368 3852 1652 3924 ἄνθρωπος
1700 3852 1856 3907 Θεοῦ.

274 3949 397 4003 Πᾶν
419 3948 475 4000 δὲ
499 3947 559 4000 τὸ
589 3946 694 4000 ὑπὸ
731 3945 1028 4022 ἀθανασίας
1072 3945 1340 4016 ὲργασθὲν
1370 3945 1636 3998 ἀθάνατον
1656 3963 1670 3976 ο
1725 3945 1861 3998 ἀθά-

274 4058 440 4104 νατος
469 4040 578 4112 ἀρα
597 4042 624 4092 ὁ
653 4023 1073 4108 ἀνθρωποςίΔιὸ
1103 4038 1166 4108 δὴ
1201 4037 1290 4090 τὸν
1317 4038 1414 4108 μὲν
1445 4036 1733 4108 ἄνθρωπον
1763 4038 1859 4091 αὑ-

272 4131 584 4203 τούργησεν
613 4133 640 4184 ό
667 4131 822 4194 Θεὸς,
858 4131 924 4184 τὰ
957 4130 1015 4184 δὲ
1044 4128 1208 4182 λοιπά
1238 4128 1370 4200 γένη
1401 4126 1554 4192 ζώων
1584 4128 1729 4198 ἀέρι,
1765 4128 1859 4180 καὶ

273 4229 375 4297 γῇ,
405 4224 499 4278 καὶ
525 4223 678 4275 ὕδατι
704 4221 1003 4292 προσέταξε
1035 4219 1244 4291 φέρειν.

1958 3319 2146 3380 utpote
2164 3311 2590 3365 immortalitatis
2606 3325 2762 3379 opus,
2786 3310 3093 3366 immortale
3112 3310 3377 3369 futurum.
3403 3310 3536 3365 Nam

1911 3425 1924 3442 ι
1959 3400 2028 3453 ab
2058 3399 2467 3454 immortalitate
2497 3398 2826 3452 immortalia
2848 3398 3295 3468 proficiscuntur,
3329 3405 3477 3455 velut
3509 3419 3539 3454 a

1959 3491 2166 3544 malitia
2183 3505 2306 3559 quae
2336 3489 2477 3542 mala
2497 3496 2646 3552 sunt,
2680 3496 2733 3543 et
2761 3489 2828 3541 ab
2856 3488 3124 3556 iujustitia
3157 3491 3381 3559 injusta.
3423 3491 3543 3546 Non

1959 3581 2104 3635 enim
2124 3581 2352 3650 justitiae
2369 3596 2506 3650 opus
2523 3589 2604 3634 est
2620 3579 2807 3648 injusti
2830 3580 3032 3650 aliquid
3062 3579 3258 3642 facere.
3283 3583 3376 3636 sed
3400 3584 3514 3651 inju
3529 3613 3544 3624 -

1963 3671 2144 3735 stitiaa,
2162 3687 2339 3740 neque
2355 3687 2423 3725 ex
2445 3670 2677 3724 adverso
2694 3669 2842 3738 juste
2863 3669 3065 3738 aliquid
3085 3685 3243 3739 agere
3264 3670 3546 3738 iniustitia:

1960 3768 2066 3822 est,
2089 3759 2456 3828 sedjustitiaa;
2491 3759 2714 3828 perinde
2743 3773 2806 3812 ac
2835 3760 3200 3829 corruptelam
3221 3759 3414 3816 σθω-νε
3434 3777 3541 3816 nou

1961 3837 2397 3920 incorruptionis
2429 3859 2536 3914 est,
2570 3849 2664 3904 sed
2698 3852 3068 3920 corruptionis
3098 3855 3402 3922 proprium.
3456 3855 3546 3909 Sic

1961 3943 2266 3998 immortale
2291 3942 2473 3997 facere
2499 3958 2607 3996 non
2635 3943 3026 4012 corruptionis.
3055 3946 3148 3999 sed
3179 3947 3541 4016 incorruptio-

1965 4033 2054 4086 nis
2088 4041 2191 4088 est.
2240 4033 2418 4102 Atque
2463 4039 2524 4085 ut
2574 4046 2684 4084 uno
2730 4033 2897 4087 verbo
2937 4031 3137 4094 dicam,
3180 4036 3341 4104 quale
3373 4047 3457 4092 cst
3494 4039 3546 4096 iri

1966 4123 2112 4194 quod
2163 4124 2301 4194 agit,
2354 4125 2461 4178 tale
2499 4124 2555 4178 id
2594 4123 2807 4180 efﬁcere
2846 4126 3161 4180 necessario
3200 4128 3362 4190 solet,
3400 4133 3546 4198 quod

1965 4218 2033 4271 ab
2064 4232 2130 4272 eo
2167 4216 2510 4286 producitur.
2569 4217 2734 4288 Atqui
2767 4217 2909 4272 Deus
2946 4229 2998 4272 et
3029 4218 3412 4274 immortalitas
3440 4230 3546 4282 est.

275 4327 334 4374 et
361 4318 490 4381 vita,
521 4323 576 4370 et
609 4314 978 4383 incorruptio;
1020 4312 1182 4366 homo
1211 4324 1342 4364 vero
1377 4309 1470 4364 Dei
1502 4325 1641 4380 opus
1669 4317 1773 4364 est.
1801 4308 2078 4379 Quidquid
2100 4325 2231 4364 vero
2260 4310 2329 4364 ab
2356 4309 2766 4364 immortalitate
2795 4308 3114 4373 fabricatur,
3146 4311 3452 4368 immortale
3477 4315 3545 4369 sit
3577 4330 3583 4336 ’

277 4421 518 4484 oportet.
567 4411 748 4478 Quare
783 4409 1112 4465 immortalis
1143 4416 1228 4463 est
1265 4409 1451 4463 homo.
1481 4407 1775 4478 Propterea
1795 4407 1938 4462 Deus
1967 4407 2242 4462 hominem
2273 4422 2374 4462 sua
2402 4423 2566 4462 manu
2591 4407 2781 4462 ﬁnxit:
2819 4416 3010 4462 uetera
3035 4423 3163 4462 vero
3191 4409 3546 4465 animantium

277 4522 479 4580 genera
509 4520 710 4568 aerem,
749 4510 949 4558 terram
979 4513 1033 4557 et
1057 4517 1252 4572 aquam
1286 4501 1454 4571 jussit
1493 4501 1814 4570 producere.

355 4605 677 4674 Ἀνθρωπος
738 4605 794 4658 δὲ
847 4603 1186 4674 ἀληθέστατα
1245 4601 1460 4669 λέγεται
1515 4601 1656 4654 κατά
1706 4600 1857 4669 φύσιν

2041 4598 2309 4653 Caeterum
2340 4597 2525 4661 homo,
2551 4596 2596 4652 si
2627 4596 2748 4667 ejus
2776 4603 3028 4650 naturam
3063 4593 3344 4665 inspicias,
3381 4600 3559 4651 veris-

277 4697 406 4752 οὔτε
462 4697 608 4769 ψυχὴ
663 4699 831 4769 χωρὶς
885 4696 1154 4768 σώματος,
1181 4693 1292 4749 οὔτ’
1353 4689 1420 4748 αὖ
1480 4693 1636 4764 σῶμα
1695 4691 1857 4762 χωρὶς

1969 4692 2107 4747 sime
2132 4707 2256 4746 esse
2279 4691 2482 4745 dicitur
2507 4703 2617 4743 non
2645 4688 2895 4759 corporis
2917 4702 3111 4757 expers
3141 4689 3344 4749 anima,
3376 4704 3548 4758 neque

277 4794 478 4864 ψυχῆς,
511 4790 648 4846 ἀλλά
693 4791 752 4843 τὸ
799 4792 862 4842 ὲκ
893 4789 1203 4852 συστάσεως
1247 4786 1425 4857 ψυχῆς
1463 4787 1557 4838 καὶ
1613 4787 1857 4854 σώματος

1969 4796 2174 4850 corpus
2215 4781 2396 4834 anima
2441 4778 2799 4844 destitutum;
2860 4776 2955 4832 sed
3001 4775 3052 4830 id
3105 4777 3251 4845 quod
3290 4777 3342 4830 in
3384 4793 3546 4833 uuam

278 4889 362 4948 είς
408 4886 534 4955 μίαν
580 4884 678 4953 τὴν
726 4881 820 4934 τοῦ
860 4879 1029 4934 καλοῦ
1089 4880 1300 4952 μορφὴν
1374 4876 1645 4930 συντεθέν.
1701 4873 1864 4929 Ὅθεν

279 4977 532 5031 ἐντεῦθεν
565 4975 829 5028 ἀθάνατον
865 4972 929 5043 δὴ
971 4971 1062 5022 τὸν
1109 4971 1390 5040 ἄνθρωπον
1430 4969 1709 5036 γεγονέναι
1743 4968 1865 5031 φαί-

279 5087 458 5132 νεται,
509 5068 714 5138 φθορᾶς
757 5064 812 5116 δὲ
849 5064 1064 5130 ἀπάσης
1105 5062 1199 5114 καὶ
1235 5061 1402 5113 νόσων
1458 5059 1634 5120 ἐκτός.
1691 5057 1866 5111 Μάθοι

281 5163 328 5216 δ’
359 5164 424 5218 ἄν
453 5179 536 5225 τις
587 5160 744 5213 τοῦτο
793 5159 887 5210 καὶ
933 5156 1042 5210 ἀπὸ
1087 5156 1185 5224 τῆς
1219 5153 1439 5225 Γραφῆς
1481 5150 1697 5213 ἱκανῶς.
1745 5150 1868 5202 Ἐπὶ

283 5255 396 5324 γὰρ
451 5253 559 5306 τῶν
618 5250 790 5305 ἄλλων
815 5291 830 5316 ,
897 5247 1070 5300 ὁπόσα
1129 5245 1336 5317 χρόνων
1399 5239 1868 5313 μετακοσμοῦνται

282 5342 591 5406 διαστολαίς
628 5341 865 5414 ἡϐῶντα,
910 5338 1004 5391 καὶ
1049 5335 1419 5407 γηράσκοντα,
1477 5329 1866 5400 Ἐξαταγέτω,

286 5435 528 5506 λέγεται,
559 5433 632 5486 τὰ
661 5431 853 5486 ὕδατα
879 5427 1097 5497 ἑρπετὰ
1128 5424 1346 5496 ψυχῶν
1383 5422 1605 5485 ζωσῶν,
1639 5421 1737 5474 καὶ
1767 5437 1871 5473 πε-

286 5525 456 5582 τεινὰ
487 5523 784 5592 πετόμενα
814 5519 912 5574 ἐπὶ
945 5518 1054 5586 τῆς
1085 5516 1219 5587 τῆς,
1253 5514 1405 5570 κατὰ
1447 5514 1513 5568 τὸ
1564 5511 1870 5579 στερέωμα

288 5617 397 5674 τοῦ
431 5613 719 5684 οὐρανοῦ·
747 5613 861 5678 καὶ,
878 5609 1239 5680 Ἑξαγαγέτω
1259 5607 1297 5674 ἠ
1327 5605 1402 5677 γῆ
1435 5603 1650 5675 ψυχὴν
1672 5601 1869 5662 ζῶσαν

365 5780 382 5814 ³
419 5780 543 5838 (Ior.
605 5779 665 5830 τὸ
687 5795 796 5830 ποι.
874 5779 893 5808 ³
927 5775 1057 5829 Thr.
1089 5789 1168 5836 tu,
1196 5772 1283 5826 3i.

577 5871 847 5933 Parum"
883 5870 998 5929 Gn.
1051 5866 1212 5928 XLI.

1967 4871 2184 4941 pulchri
2213 4871 2446 4938 bonique
2481 4868 2712 4922 formam
2743 4883 2808 4922 ex
2838 4867 3035 4920 animae
3061 4875 3114 4920 et
3142 4868 3389 4936 corporis
3414 4883 3548 4922 cou-

1965 4961 2251 5032 iunctione
2297 4960 2587 5014 conflatur.
2647 4959 2725 5013 Ex
2759 4974 2868 5029 quo
2899 4959 3118 5029 quidem
3166 4960 3344 5029 colligi
3388 4977 3547 5030 posse

1969 5055 2207 5118 videtur,
2235 5051 2596 5105 immortalem
2622 5050 2895 5104 hominem
2915 5064 3037 5104 esse
3069 5048 3294 5110 factum,
3321 5067 3420 5105 nec
3441 5067 3547 5105 non

1969 5157 2022 5200 et
2072 5145 2443 5213 corruptionis
2490 5142 2705 5207 omnis,
2772 5156 2837 5194 ac
2881 5141 3197 5198 morbormn
3246 5151 3546 5212 expertem.

1968 5233 2146 5303 Atque
2169 5235 2273 5288 hoc
2301 5233 2479 5303 ipsum
2513 5247 2685 5286 sacra:
2711 5231 2930 5286 Litterte
2959 5231 3174 5287 abunde
3200 5248 3302 5287 nos
3327 5234 3545 5287 docent.

1966 5323 2102 5377 Nam
2133 5323 2188 5377 in
2226 5323 2472 5392 reliquis,
2503 5336 2626 5390 quae
2662 5330 2969 5390 temporum
2998 5329 3204 5380 mutata
3232 5321 3426 5390 spatiis
3451 5321 3548 5375 ad-

1966 5417 2208 5472 olescere
2233 5429 2298 5468 ac
2321 5429 2714 5468 consenescere
2745 5414 2952 5468 solent:
2991 5411 3318 5479 Producant,
3347 5414 3546 5484 inquit,

1967 5523 2118 5577 aquw
2140 5505 2354 5568 reptilt’a
2379 5505 2678 5559 animarum
2698 5507 2975 5558 viventium
2996 5513 3043 5558 et
3064 5504 3296 5559 volucres
3313 5505 3548 5560 volantes

1967 5615 2124 5667 super
2155 5607 2372 5666 terram,
2396 5600 2557 5667 juxta
2583 5597 2974 5668 ﬁrmamentum
3004 5598 3176 5653 cash".
3211 5596 3372 5652 Item:
3409 5595 3546 5650 Pro-

1365 5772 1384 5803 ³
1410 5771 1554 5827 Psal.
1583 5786 1741 5835 chv,
1773 5768 1825 5821 7.
1903 5767 1925 5794 ⁸
1957 5767 2092 5823 Gen.
2138 5783 2176 5829 ι,
2209 5757 2280 5818 ‘20

3189 5859 3264 5917 35
