4046 6430
240 411 387 469 “05

907 402 1277 460 ADV’EIISUS
1318 403 1661 459 ILEIIESES
1696 401 1827 459 LIB.
1869 402 1931 459 II.
1968 401 2128 461 T031.
2176 403 2217 458 I.
2258 432 2326 442 —
2366 397 2642 456 IIEIIES.
2684 398 2866 455 LXIV.

3371 397 3505 493 lICG

242 525 585 598 ἐπιστροφὴν
614 524 773 594 δίκην
799 520 1024 591 πληγῶν
1056 518 1255 591 εὑρέθη
1274 535 1288 549 ο
1326 520 1424 590 οὐχ
1447 521 1475 572 ὁ
1508 518 1607 590 τῆς
1644 520 1825 591 ἀμαρ-

1941 527 2177 588 :eptores
2228 516 2500 588 primariae
2548 530 2613 571 ac
2647 515 2934 586 praecipua:
2982 528 3162 569 eausa:
3215 521 3362 580 sunt,
3408 529 3508 569 cur

242 623 383 684 τίας,
409 615 455 677 ὦ
479 617 802 688 σοφώτατοι,
827 612 943 667 ἀλλ’
968 612 997 664 6
1020 612 1120 681 τῆς
1146 608 1470 675 διαζεύξεως
1489 610 1588 679 τῆς
1622 610 1821 682 σαρκὸς

238 712 340 763 καὶ
391 707 487 762 τοῦ
537 704 839 780 χωρισμοῢ.
887 702 1245 770 Αὑτεξούσιος
1276 701 1383 775 γὰρ
1425 700 1500 755 ὢν
1534 703 1628 756 καὶ
1662 703 1823 755 αὺτο-

241 801 517 873 κράτωρό
540 799 850 870 ἄνθρωπος,
881 796 976 850 καὶ
1010 795 1404 849 αὐτοδέσποτον
1444 793 1698 865 βούλησιν
1731 794 1824 847 καὶ

244 889 702 969 αὐτοπροαερετον
743 887 878 959 πρὸς
904 887 1005 959 τὴν
1040 886 1276 956 αἵρεσιν,
1309 886 1384 949 ὡς
1412 886 1569 955 ἔφην,
1592 883 1686 938 τοῦ
1721 902 1823 939 κα-

240 981 340 1036 λοῦ
365 981 562 1045 λαϐὼν,
596 980 834 1044 ἀκούσας
866 995 959 1036 τε’
1012 978 1147 1032 Ἀπὸ
1206 977 1431 1044 παντὸς
1485 978 1677 1042 ξύλου
1716 977 1824 1032 τοῦ

243 1077 316 1128 ἐν
359 1074 438 1139 τῷ
481 1072 828 1141 παραδείσῳ
872 1070 1169 1141 φάγεσθε·
1206 1070 1324 1124 ἀπὸ
1357 1069 1424 1122 δὲ
1474 1070 1579 1123 τοῦ
1634 1069 1825 1133 ξύλου

244 1165 353 1219 τοῦ
396 1164 714 1233 γινώσκειν
753 1162 943 1216 καλὸν
986 1161 1087 1215 καὶ
1131 1162 1400 1229 πονηρὸν
1445 1162 1517 1214 οὐ
1563 1160 1828 1229 φάγεσθε

243 1254 349 1307 ἀπ’
384 1252 591 1306 αὐτοῦ.
627 1246 712 1323 *ῌ
756 1250 808 1303 δ’
856 1250 933 1303 ἂν
971 1249 1160 1318 ἡμέρῃ
1209 1249 1435 1318 φάγητε
1481 1250 1581 1302 ἀπ’
1616 1247 1823 1313 αὐτοῦ,

243 1342 483 1409 θανάτῳ
520 1340 919 1396 ἀποθανεῖσθε
940 1357 955 1369 ·
988 1341 1082 1393 ἀπ’
1114 1339 1280 1393 αὑτοῦ
1310 1342 1390 1403 εἰς
1418 1339 1478 1392 τὸ
1502 1341 1715 1408 φαγεῖν,
1747 1337 1827 1408 τῷ

243 1435 476 1505 διαϐόλῳ
497 1434 553 1486 δὲ
573 1432 987 1504 δελεασαμὲνηή
1019 1432 1182 1501 σοφία
1200 1431 1457 1495 ποικίλως
1482 1430 1616 1501 πρὸς
1639 1432 1652 1462 ¹
1686 1446 1828 1501 παρ-

245 1524 420 1595 ακοὴν
471 1523 749 1587 πείσοντι,
801 1522 1034 1592 ἡθέτ-ησε
1072 1522 1172 1592 τὴν
1227 1522 1447 1593 ἐντολὴν
1501 1520 1594 1575 τοῦ
1649 1521 1823 1576 Θεοῦ⁶

245 1616 347 1668 καὶ
382 1614 599 1684 ἐγένετο
628 1613 786 1667 τοῦτο
828 1613 974 1684 αὖτῷ
1005 1615 1085 1677 εἰς
1130 1613 1446 1674 σκάνδαλον,
1478 1614 1574 1668 καὶ
1607 1615 1685 1677 εἰς
1722 1631 1829 1667 πα-

246 1707 400 1776 γίδα,
426 1706 519 1759 καὶ
540 1707 621 1770 εἰς
652 1704 878 1759 σκῶλον.
898 1705 977 1757 οὗ
1011 1703 1120 1775 γάρ
1148 1703 1402 1774 ἐποίησεν
1426 1701 1455 1755 6
1479 1702 1614 1766 Θεὸς
1638 1702 1828 1767 κακδν,

245 1797 375 1851 οὐδὲ
427 1797 544 1850 ἐστι
587 1796 649 1849 τὸ
698 1795 917 1849 σύνολον
953 1794 1090 1858 ὅλως
1128 1795 1192 1848 ὲκ
1238 1793 1441 1855 παντὸς
1475 1794 1535 1846 τὸ
1570 1794 1830 1865 παράπαν

1932 609 2084 679 pueri
2120 609 2306 664 dolore
2336 609 2615 679 plagarum
2638 606 2962 662 alliciantur.
2997 602 3145 661 Bona
3171 607 3333 677 igitur
3359 620 3510 663 mors

1930 707 2037 763 est,
2086 714 2211 753 cuni
2268 698 2550 769 plagarum
2606 696 2782 753 instar
2826 695 2896 751 ad
2930 697 3264 751 coercendos
3311 711 3509 766 pueros

1933 799 2150 861 reperta
2182 790 2273 845 sit.
2323 788 2441 844 Non
2494 799 2841 860 peccatorum
2877 789 3000 843 dico
3047 796 3301 850 mortem,
3352 802 3386 841 ο
3420 802 3510 842 sa-

1934 883 2256 954 pientissimi
2289 882 2560 949 homines,
2591 881 2689 938 sed
2718 897 2837 938 eam
2862 895 2970 951 qua
3002 880 3218 936 animus
3244 896 3275 935 a
3313 894 3514 950 corpo-

1932 979 2010 1033 ris
2075 978 2355 1032 eonsortio
2398 984 2707 1048 separatur.
2768 975 2903 1030 Nam
2956 992 3078 1031 cum
3128 975 3261 1030 liber
3308 989 3372 1028 ac
3422 973 3511 1031 sui
3618 960 3623 967 ’

1926 1069 2072 1139 juris
2115 1077 2262 1125 esset
2296 1070 2459 1124 homo
2488 1070 2690 1134 factus,
2726 1076 2779 1124 et
2810 1068 2878 1123 ad
2907 1068 3138 1123 honesta
3175 1067 3512 1138 capessenda

1931 1162 2017 1215 sui
2060 1161 2233 1231 ipsius
2280 1160 2494 1216 arbitrii
2530 1161 2858 1231 consiliique
2896 1161 3232 1215 voluntatem
3269 1160 3514 1229 accepis-

1933 1265 2036 1322 set,
2068 1271 2133 1311 ac
2172 1255 2488 1309 mandatum
2526 1254 2670 1309 istud
2710 1254 3016 1308 audiisset:
3050 1253 3123 1306 De
3181 1249 3322 1306 omni
3373 1253 3513 1323 tigno

1929 1345 2507 1419 paradisicomedetis;
2537 1346 2601 1398 de
2624 1344 2766 1415 ligno
2800 1353 2974 1398 autem
3011 1343 3246 1397 scientia:
3268 1341 3389 1397 boni
3418 1352 3513 1397 aut

1934 1436 2065 1491 mali
2092 1452 2195 1490 non
2224 1434 2521 1489 comedetis.
2561 1434 2879 1503 Quacunque
2907 1442 3081 1486 autem
3111 1431 3196 1485 die
3233 1430 3510 1485 comedetis

1934 1527 1997 1582 de
2026 1526 2142 1590 illa,
2186 1539 2352 1581 morte
2399 1526 2694 1580 moriemini
2730 1523 2774 1589 ³,
2823 1539 2919 1594 per
2951 1538 3073 1577 sese
3114 1522 3180 1575 ad
3223 1520 3515 1576 comeden-

1935 1621 2064 1675 dum
2102 1619 2380 1685 inductus,
2422 1634 2487 1673 ac
2535 1617 2737 1672 diaboli
2780 1615 3102 1678 calliditate,
3157 1613 3250 1683 qui
3300 1614 3364 1668 ad
3399 1613 3519 1667 vio-

1937 1711 2160 1766 landum
2221 1709 2508 1780 imperium
2558 1708 2728 1764 variis
2780 1706 2957 1763 modis
3018 1706 3315 1768 incitabat,
3367 1705 3518 1760 velut

1939 1804 2237 1867 inescatus,
2299 1801 2390 1857 Dei
2424 1810 2749 1872 praeceptum
2786 1810 3164 1870 transgressus
3201 1807 3322 1854 est:
3357 1797 3519 1869 idque

246 1888 422 1952 αἴτιος
457 1887 653 1940 κακοῦ.
692 1884 855 1939 Ἀλλά
890 1885 997 1939 πᾶν
1031 1885 1171 1955 ὅπερ
1199 1883 1264 1938 ἂν
1290 1882 1634 1948 αὐτεξούσιον
1660 1882 1833 1947 οὕτως

1941 1894 2116 1963 ipsum
2161 1894 2407 1949 scanilali
2436 1894 2632 1959 instar,
2657 1901 2711 1947 et
2744 1892 2946 1962 laquei,
2983 1898 3038 1944 et
3075 1889 3396 1945 oll‘ensionis
3422 1906 3519 1946 cx-

242 1978 343 2033 ὕπ⁹
378 1976 545 2031 αὑτοῦ
580 1976 824 2045 γεγονὸς,
859 1976 893 2047 ἥ
935 1975 1072 2046 πρὸς
1108 1975 1169 2029 τὸ
1202 1973 1560 2043 φυλάξασθαι,
1603 1974 1697 2028 καὶ
1734 1992 1833 2045 τη-

246 2070 416 2141 ρῆσαι
450 2070 635 2140 νόμον,
658 2070 717 2123 ὃν
743 2070 904 2134 αὐτὸς
929 2069 1153 2132 δικαίως
1177 2066 1528 2129 διεστείλατο,
1562 2067 1636 2138 μὴ
1659 2084 1724 2138 τη
1734 2067 1834 2138 ρῆ-

242 2179 349 2215 crus
404 2160 622 2231 λέγεται
673 2161 860 2215 κακόν.
929 2160 1216 2232 Βαρυτάτη
1254 2159 1310 2213 δὲ
1353 2158 1523 2230 βλάϐη
1583 2159 1645 2211 τὸ
1690 2176 1832 2229 παρ-

244 2251 485 2307 ακοῦσαι
518 2252 652 2307 Θεοῦ
683 2254 808 2316 τοὺς
842 2253 1000 2324 ὄρους
1048 2254 1146 2322 τῆς
1189 2251 1331 2306 κατά
1378 2250 1439 2304 τὸ
1486 2250 1831 2316 αὐτεξούσιον

243 2345 569 2417 ὑπερϐάντα
594 2344 960 2415 δικαιοσύνης.
986 2343 1170 2405 Ὅθεν,
1202 2342 1386 2413 ἐπειδὴ
1407 2343 1830 2416 κατερῤυπώθη,

244 2437 347 2489 καὶ
398 2437 768 2507 κατ-μιάνθη,
821 2436 918 2506 τῆς
989 2434 1318 2503 ἀποφάσεως
1373 2434 1756 2506 ἀποστατήσας
1803 2438 1832 2490 6

244 2529 539 2599 ἄνθρωπος
563 2527 655 2581 τοῦ
682 2528 839 2590 Θεοῦ,
869 2527 962 2581 καὶ
988 2526 1208 2598 κηλίδας
1236 2526 1615 2595 ἐναπεμάξατο
1635 2526 1834 2589 κακίας

247 2621 477 2687 πολλὰς,
512 2620 577 2685 ἃς
597 2622 625 2673 6
654 2621 836 2692 ἄρχων
865 2613 1021 2682 οὗτος
1054 2619 1361 2690 ἀπεκύησε,
1394 2618 1489 2672 καὶ
1525 2619 1706 2690 πατὴρ
1737 2618 1835 2688 τῆς

246 2711 483 2782 πλάνης,
522 2713 734 2774 πόνον,
762 2708 905 2763 κατὰ
942 2709 1041 2780 τὴν
1082 2706 1328 2779 Γραφὴν,
1362 2706 1721 2773 συλλαϐὼν,
1749 2707 1836 2761 ἵνα

243 2802 342 2856 τὸν
375 2802 660 2871 ἄνθρωπον
706 2801 844 2871 πρὸς
884 2798 1097 2853 ἀδικίαν
1137 2799 1225 2852 ἀεὶ⁸
1272 2797 1566 2867 φαντάζειν
1597 2798 1697 2870 ἔχῃ
1741 2797 1834 2851 καὶ

243 2897 443 2957 κινεῖν,
488 2895 516 2945 ὁ
559 2893 692 2957 Θεὸς
734 2895 762 2946 6
810 2890 1204 2962 παντοκράτωρ
1250 2888 1519 2942 ἀθάνατον
1564 2889 1734 2942 κακὸν
1776 2889 1836 2954 ἐξ

244 2985 547 3055 ἐπιϐουλῆς
583 2984 705 3038 ἰδὼν
733 2982 1097 3054 γεγενημένον
1117 3023 1130 3045 ,
1165 2980 1417 3052 καθάπερ
1449 2980 1545 3033 καὶ
1592 2981 1621 3032 6
1652 2979 1834 3033 διάϐο-
1872 2972 1879 2979 ’

245 3077 342 3141 λος
392 3077 592 3141 πλάνος
629 3072 719 3148 ἦν,
750 3077 874 3139 τοὺς
909 3072 1536 3147 δερματίνουςιχιτῶνας
1561 3071 1648 3127 διὰ
1674 3071 1837 3126 τοῦτο

248 3168 685 3230 κατεσκεύασεν,
731 3166 896 3221 οἱονεὶ
943 3166 1247 3238 νεκρότητα
1293 3163 1602 3236 περιϐαλὼν
1641 3163 1832 3217 αὐτόν’

1932 1984 2114 2051 stitit;
2149 1984 2350 2038 malum
2386 1984 2533 2038 enim
2571 1980 2715 2037 Deus
2748 1997 2855 2035 non
2894 1978 3042 2043 fecit,
3078 1994 3179 2033 nec
3213 1978 3324 2033 ullo
3356 1978 3519 2034 modo

1932 2086 2123 2131 auctor
2154 2076 2302 2131 illius
2332 2082 2436 2130 est.
2473 2074 2581 2128 Sed
2613 2072 2878 2144 quidquid
2897 2070 3112 2126 arbitrii
3144 2070 3228 2126 sui
3250 2077 3521 2141 potestate

1934 2169 2222 2241 praeditum
2254 2169 2324 2224 ab
2351 2183 2417 2223 eo
2445 2166 2650 2222 factum
2677 2175 2785 2232 est,
2826 2172 2888 2220 ut
2917 2180 3080 2235 quam
3115 2165 3287 2234 legem
3323 2163 3521 2235 justis-

1934 2259 2074 2315 sime
2108 2257 2507 2329 praescripserit
2536 2256 2830 2313 observare
2874 2255 3068 2326 possit,
3107 2254 3215 2309 nisi
3251 2270 3371 2309 eam
3406 2270 3522 2311 ser-

1932 2351 2160 2417 vaverit,
2192 2350 2395 2405 malum
2435 2349 2760 2420 appellatur.
2792 2346 2887 2401 Est
2916 2354 3097 2400 autem
3132 2346 3522 2417 gravissimum

1935 2443 2038 2497 hoc
2067 2443 2327 2498 damnum
2368 2442 2422 2496 in
2451 2440 2664 2511 primis,
2698 2439 2789 2495 Dei
2822 2439 3076 2493 mandata
3110 2438 3385 2510 negligere
3407 2479 3421 2501 ,
3460 2453 3525 2490 ac

1930 2534 2179 2606 iustitiae,
2232 2550 2354 2604 qua:
2405 2533 2666 2601 adjuncta
2705 2530 2943 2587 libertati
2996 2541 3102 2595 est,
3140 2530 3341 2585 limites
3385 2544 3523 2600 prm—

1937 2627 2121 2682 terire.
2168 2624 2325 2681 Unde
2356 2634 2711 2699 posteaquam
2745 2638 2774 2678 a
2823 2622 2913 2676 Dei
2944 2622 3217 2678 sententia
3265 2620 3525 2679 deﬁciens

1939 2718 2104 2773 homo
2132 2716 2454 2788 inquinatus
2485 2723 2593 2780 est,
2622 2730 2686 2769 ac
2721 2713 2903 2769 delicti
2939 2713 3195 2768 sordibus
3235 2711 3525 2776 obsolevit,

1936 2808 2163 2877 Vitiique
2207 2806 2642 2876 quamplurimas
2674 2803 2945 2873 espressit
2986 2803 3041 2857 in
3090 2816 3213 2857 sese
3256 2799 3526 2862 maculas,

1937 2911 2075 2965 quas
2130 2896 2383 2965 princeps
2419 2893 2507 2947 ille
2537 2902 2590 2947 et
2618 2892 2826 2947 erroris
2867 2906 3067 2961 parens
3112 2888 3403 2953 indiderat,
3432 2887 3527 2957 qui

1939 2986 2193 3051 laborem,
2227 2993 2283 3039 ut
2334 2985 2617 3056 Scriptura
2662 2984 2902 3055 loquitur
2928 2982 2950 3014 ⁸
2977 3024 2991 3047 ,
3041 2983 3400 3050 εοητερὶιίυι
3433 2981 3528 3035 Iro.-

1940 3076 2138 3130 ruinem
2190 3074 2258 3130 ad
2306 3074 2710 3144 improbitatem
2758 3083 3020 3145 perpetuo
3075 3069 3361 3125 fraudibus
3410 3069 3529 3133 suis

1941 3167 2159 3222 trahere
2202 3181 2268 3221 ac
2319 3164 2719 3222 circumvenire
2762 3169 2983 3236 queat,
3009 3161 3355 3237 omnipotens
3385 3159 3528 3216 Deus

247 3262 401 3325 ὅπως
430 3261 518 3315 διὰ
548 3261 648 3331 τῆς
685 3258 891 3321 λύσεως
928 3256 1023 3312 τοῦ
1052 3256 1300 3328 σώματος
1338 3258 1446 3310 πᾶν
1499 3255 1561 3309 τὺ
1596 3257 1653 3310 ὲν
1678 3255 1838 3339 ,αὐτῷ

1946 3268 2210 3314 aeternum
2247 3259 2398 3313 illum
2430 3257 2691 3313 daemonis
2720 3255 3005 3311 fraudibus
3050 3254 3252 3309 malum
3296 3268 3417 3309 esse
3448 3253 3527 3316 fu;-

247 3351 514 3423 γεννηθὲν
541 3349 712 3404 κακὸν
734 3349 1002 3422 ἀποθάνῃ.

1946 3359 2093 3406 ctum
2140 3351 2356 3415 videns,
2406 3357 2465 3405 ut
2511 3358 2564 3404 ct
2610 3350 2879 3420 impostor
2920 3346 3171 3401 diabolus
3218 3353 3357 3409 erat,
3402 3359 3529 3415 pro-

249 3457 438 3519 pterea
496 3446 755 3517 pelliceas
793 3453 844 3499 et
873 3445 995 3500 illas
1034 3443 1252 3498 tunicas
1296 3441 1423 3497 fecit
1453 3442 1498 3508 ',
1534 3458 1644 3513 quo
1686 3442 1838 3499 illum
1875 3448 2021 3503 velut
2060 3456 2237 3513 morte
2279 3446 2513 3517 quadam
2552 3445 2823 3511 indueret,
2858 3451 2919 3499 ut
2969 3459 3031 3497 ea
3089 3439 3343 3517 corporis
3409 3439 3529 3496 dis.-

250 3540 527 3596 solutione
583 3536 850 3609 quidquid
902 3536 957 3590 in
1002 3550 1070 3589 eo
1117 3535 1245 3590 mali
1295 3533 1622 3605 productum
1673 3533 1851 3590 fuerat
1886 3538 2363 3594 intermoreretur.

325 3631 452 3685 Kl".
496 3620 882 3701 Προηπόρηται
929 3626 988 3681 δὲ
1040 3625 1181 3697 ἥδη,
1226 3625 1322 3678 καὶ
1366 3624 1656 3696 ἀπεδείχθη
1721 3627 1847 3691 τοὺς

247 3721 609 3793 δερματίνους
670 3718 903 3791 χιτῶνας
962 3715 1038 3788 μὴ
1087 3713 1228 3770 εῖναι
1257 3716 1326 3771 τὰ
1369 3714 1619 3786 σώματα.
1658 3715 1850 3787 Ὅμως

246 3816 311 3870 δὲ
341 3814 437 3869 καὶ
468 3812 630 3866 πάλιν
656 3812 737 3883 (οὐ
757 3814 868 3881 γὰρ
897 3808 1045 3873 ἅπαξ
1073 3807 1294 3880 ῥητέον)
1329 3805 1644 3878 φράζωμεν.
1674 3806 1848 3869 Αὐτὸς

250 3908 364 3977 πρδ
384 3905 486 3975 τῆς
512 3902 858 3973 κατασκευῆς
886 3900 1067 3954 αὐτῶν
1094 3900 1124 3951 6
1152 3898 1576 3970 πρωτόπλαστος
1594 3899 1848 3968 ὁμολογεῖ

253 4000 353 4052 καὶ
385 3998 521 4051 ὀστᾶ
558 3996 702 4066 ἔχειν
730 3994 823 4048 καὶ
870 3992 1102 4064 σάρκας,
1136 3990 1302 4063 ὁπότε
1346 3989 1431 4060 δὴ,
1482 3990 1581 4061 τὴν
1611 3992 1847 4057 γυναῖκα

252 4087 411 4159 αὐτῷ
435 4085 840 4161 προσαχθεῖσαν
868 4083 1228 4154 θεασάμενος,
1257 4080 1437 4135 Τοῦτο
1458 4081 1577 4135 νῦν
1598 4079 1848 4145 ὀστοῦν,

252 4180 564 4251 ἐφώνησεν,
592 4180 661 4233 ἐκ
706 4179 825 4233 τῶν
873 4175 1073 4230 ὀστῶν
1112 4192 1253 4245 μου,
1302 4174 1400 4227 καὶ
1436 4173 1593 4241 σὰρξ
1631 4174 1700 4226 ἐκ
1739 4171 1852 4241 τῆς

252 4270 488 4339 σαρκός
511 4287 652 4339 μου.
692 4268 855 4335 Αὕτη
890 4264 1266 4334 κληθήσεται
1304 4263 1459 4333 γυνὴ
1479 4305 1494 4328 ,
1529 4263 1616 4317 ὅτι
1645 4264 1715 4317 ἐκ
1744 4263 1851 4317 τοῦ

252 4362 484 4431 ἀνδρὸς
514 4360 707 4429 αὐτῆς
742 4357 1003 4428 ἐλήφθη.
1031 4358 1283 4411 Ἕνεκεν
1325 4357 1540 4410 τούτου
1576 4355 1854 4409 καταλεί-

255 4459 363 4525 ψει
391 4452 703 4522 ἅνθρωπος
731 4451 838 4504 τὸν
863 4450 1090 4517 πατέρα
1110 4446 1299 4501 αὐτοῦ
1324 4446 1425 4500 καὶ
1457 4446 1573 4515 τὴν
1591 4446 1840 4516 μητέρα,

257 4545 363 4601 καὶ
420 4540 1038 4614 προσκολληθήσεται
1082 4537 1160 4608 τῇ
1206 4538 1444 4609 γυναικὶ
1490 4538 1713 4592 αὐτοῦ·
1748 4537 1846 4592 καὶ

253 4638 504 4696 ἔσονται
533 4639 587 4690 ol
614 4635 726 4690 δύο
754 4637 841 4701 εὶς
868 4633 1070 4702 σάρκα
1093 4634 1262 4703 μίαν.
1299 4632 1375 4684 Οὐ
1417 4631 1545 4701 γὰρζ
1561 4630 1625 4699 δὴ
1654 4628 1845 4693 ἀνέξοω

262 4748 365 4803 μαι
414 4726 837 4800 φληναφούντων
887 4725 1073 4788 τινῶν,
1106 4723 1200 4777 καὶ
1253 4721 1586 4793 βιαζομένων
1628 4720 1844 4791 ἀπηρν-

256 4822 608 4895 θριασμένως
635 4819 734 4889 τὴν
767 4818 1010 4888 Γραφὴν,
1058 4816 1146 4869 ⁶(ἵνα
1189 4815 1372 4878 αὐτοῖς
1420 4813 1485 4883 δὴ
1527 4811 1730 4882 σαρκὸς
1766 4809 1841 4881 μὴ

256 4911 403 4971 εἶναι
431 4911 783 4986 προχώρησις
800 4909 821 4939 ³
848 4910 882 4979 ἡ
900 4910 1214 4969 ἀνάστασις,
1238 4906 1374 4959 ὀστᾶ
1394 4904 1561 4973 νοητά
1584 4903 1691 4977 καὶ.
1709 4904 1842 4974 σάρ-

257 5023 366 5068 κας
404 5003 603 5074 νοητὰς
643 4998 1053 5069 ὑποτιθεμένων
1076 5038 1091 5063 ,
1128 4998 1223 5051 καὶ
1276 4996 1464 5051 ἄλλοτε
1511 4995 1684 5059 ἄλλως
1737 4995 1849 5049 ἄνω

257 5099 359 5153 καὶ
394 5096 545 5150 κάτω
589 5091 1073 5165 μεταϐαλλομένων
1115 5088 1485 5159 ἀλληγορίαις.
1529 5088 1641 5140 Καὶ
1675 5086 1850 5139 ταῦτα

253 5189 427 5250 οὕτω,
462 5185 538 5248 ὡς
567 5184 902 5255 γέγραπται,
935 5178 1462 5251 παραλαμϐάνεσθαι
1489 5177 1850 5250 κρατύνοντος

256 5279 357 5334 τοῦ
390 5276 632 5348 Χριστοῦ
678 5276 777 5345 τὴν
825 5272 1069 5346 Γραφὴν,
1107 5271 1237 5325 ἔνθα
1280 5270 1702 5340 πυνθανομένοις
1736 5272 1851 5333 τοῖς

260 5369 584 5440 Φαρισαίοις
612 5368 742 5438 περὶ
771 5362 1054 5437 χωρισμοῦ
1081 5361 1340 5432 γυναικὸς
1368 5359 1747 5433 ἀποκρίνεται,
1769 5358 1851 5413 ὃτι

274 5464 335 5517 Ἀ
344 5464 405 5515 π’
426 5460 621 5530 ἀρχῆς
642 5462 675 5514 ό
699 5458 937 5522 κτίσας,
967 5455 1157 5523 ἄρσεν
1173 5453 1271 5507 καὶ
1290 5449 1446 5519 θῆλυ
1462 5450 1734 5516 ἐποίησε,
1752 5448 1851 5502 καὶ

258 5552 436 5610 εἶπεν
454 5569 467 5583 ⁸
500 5553 753 5608 Ἕνεκεν
778 5551 994 5606 τούτου
1021 5547 1374 5615 καταλείψει
1403 5544 1714 5612 ἅνθρωπος
1742 5544 1852 5597 τὸν

259 5646 496 5718 πατέρα
523 5645 624 5701 καὶ
644 5645 762 5714 τὴν
789 5644 1037 5715 μητέρα,
1063 5642 1157 5698 καὶ
1182 5641 1250 5696 τὰ
1276 5641 1423 5712 ἑξῆς.
1462 5639 1588 5703 Πῶς
1617 5639 1726 5710 γὰρ
1757 5637 1851 5691 ἐπὶ

2021 3628 2185 3701 546
2220 3626 2415 3685 XXIII.
2471 3626 2607 3683 Illud
2655 3643 2785 3683 vero
2832 3627 2943 3698 jam
2993 3631 3152 3680 antea
3192 3624 3531 3694 disputatum

1951 3727 2066 3781 est,
2128 3727 2602 3789 monstratumque
2654 3716 2910 3788 pelliceas
2932 3714 3144 3770 tunicas
3213 3710 3361 3768 aliud
3406 3726 3533 3768 esse

1951 3817 2150 3881 praeter
2179 3823 2431 3873 corpora.
2476 3806 2583 3869 Sed
2626 3806 2984 3861 nihilominus
3016 3803 3158 3859 idem
3206 3817 3403 3858 rursus
3428 3800 3534 3873 (di-

1946 3901 2181 3956 cendum
2209 3899 2355 3954 enim
2390 3898 2593 3968 saepius
2619 3897 2725 3967 est)
2761 3896 2865 3950 hoc
2896 3897 3019 3950 loco
3050 3899 3382 3966 repetamus.
3414 3888 3534 3945 Pri-

1948 4008 2070 4047 mus
2104 3992 2270 4061 igitur
2306 3990 2423 4060 ipse
2462 4004 2685 4060 parens,
2725 3994 3017 4056 antequam
3051 3999 3132 4039 eae
3161 3984 3361 4037 tunica:
3404 3996 3534 4037 con-

1949 4092 2261 4153 suerentur,
2312 4097 2440 4137 ossa
2492 4097 2553 4137 se
2595 4087 2650 4134 et
2708 4092 2927 4133 carnem
2980 4075 3181 4129 habere
3221 4073 3534 4136 conﬁtetur.

1948 4191 2072 4232 cum
2107 4175 2365 4229 nimirum
2409 4172 2728 4243 perductam
2778 4169 2845 4223 ad
2896 4182 3020 4223 sese
3070 4166 3352 4220 mulierem
3404 4177 3537 4218 con-

1950 4266 2241 4336 templatus
2272 4305 2286 4326 ,
2322 4262 2435 4316 Hoc
2470 4278 2607 4316 nunc
2637 4279 2714 4327 os,
2748 4260 2948 4330 inquit,
2978 4273 3043 4312 ea:
3072 4254 3278 4311 ossibus
3303 4255 3453 4321 meis,
3488 4263 3537 4308 et

1951 4372 2077 4411 caro
2105 4358 2169 4411 de
2201 4371 2360 4409 carne
2388 4371 2524 4409 mea.
2561 4351 2690 4407 ch
2736 4351 3011 4406 vocabitur
3042 4349 3252 4415 mulier,
3280 4347 3537 4418 quoniam

1953 4451 2018 4505 de
2047 4452 2157 4506 viro
2186 4460 2396 4519 sumpta
2440 4459 2539 4503 est.
2582 4446 2803 4514 Propter
2833 4444 2927 4497 hoc
2965 4442 3221 4513 relinquet
3255 4442 3408 4493 homo
3439 4456 3538 4509 pa-

1957 4553 2087 4598 trem
2127 4553 2175 4597 et
2211 4553 2436 4596 matrem
2482 4555 2657 4604 suam,
2693 4548 2740 4592 et
2788 4536 3078 4591 adhaerebit
3131 4535 3288 4589 uxori
3322 4548 3455 4595 sure,
3490 4541 3539 4584 et

1952 4646 2109 4690 erant
2147 4636 2250 4689 duo
2302 4636 2359 4689 in
2400 4650 2611 4688 carnem
2661 4647 2822 4685 unam
2857 4631 2901 4685 ⁸.
2952 4626 3137 4698 Neque
3186 4627 3330 4682 enim
3359 4632 3540 4679 certos

1961 4728 2212 4782 homines
2259 4726 2400 4781 ferre
2429 4740 2677 4795 possum,
2726 4722 2821 4793 qui
2857 4721 3111 4776 consulto
3147 4725 3425 4789 nugantnr
3475 4731 3542 4769 ac

1951 4816 2263 4886 Scripturas
2311 4814 2787 4886 impudentissime
2827 4813 3178 4879 detorquent,
3220 4823 3330 4878 quo
3360 4821 3519 4861 suum

1950 4908 2084 4962 illud
2136 4908 2204 4962 de
2260 4906 2497 4961 tollenda
2547 4904 2952 4960 resurrectione
2985 4902 3183 4970 dogma
3236 4898 3533 4969 procedat;

1948 4999 2040 5069 qui
2088 4998 2210 5053 ideo
2245 5005 2299 5051 et
2349 5012 2478 5051 ossa
2520 4994 2767 5066 quaedam
2813 4990 3200 5060 intelligibilia,
3238 4996 3292 5043 et
3334 5001 3533 5043 carnes
3590 5043 3602 5053 ,

1953 5090 2204 5145 similiter
2246 5088 2621 5158 intelligibiles
2667 5083 2963 5140 commenti
3007 5093 3157 5145 sunt,
3203 5095 3266 5135 ac
3296 5079 3412 5135 suis
3456 5079 3535 5131 alo

1949 5181 2173 5253 lcgoriis
2208 5182 2345 5236 alias
2388 5180 2546 5235 aliter
2591 5192 2815 5234 sursum
2846 5176 3215 5244 deorsumque
3253 5186 3373 5227 sese.
3404 5184 3539 5224 con-

1948 5281 2191 5328 vertunt.
2225 5271 2387 5342 Atqui
2419 5272 2533 5326 haec
2579 5266 2807 5341 perinde
2851 5282 2918 5322 ac
2962 5266 3165 5334 scripta
3206 5268 3357 5325 sunt,
3389 5261 3536 5314 acci-

1952 5365 2148 5436 pienda
2184 5379 2307 5420 esse
2350 5363 2558 5420 Christi
2609 5361 2900 5417 confirmat
2943 5357 3264 5417 auctoritas,
3307 5353 3398 5408 ubi
3451 5353 3534 5407 in-

1952 5456 2359 5526 terrogantibus
2392 5454 2686 5511 Pharisaeis
2714 5453 2783 5508 de
2812 5452 3003 5508 uxoris
3023 5447 3282 5511 divortio,
3305 5459 3538 5516 respon-

1948 5549 2042 5603 det
2075 5549 2096 5580 ⁷
2128 5567 2141 5604 :
2177 5549 2256 5602 Ab
2294 5550 2450 5603 initio
2488 5549 2579 5619 qui
2619 5547 2816 5602 creavit
2859 5543 3156 5599 masculum
3184 5550 3231 5595 et
3282 5539 3538 5610 feminam

1950 5638 2104 5709 fecit,
2151 5649 2201 5694 et
2234 5639 2417 5695 dixit:
2454 5638 2678 5708 Propter
2710 5637 2807 5693 hoc
2846 5636 3100 5706 relinquet
3133 5634 3290 5689 homo
3334 5642 3537 5701 patrem

328 5765 343 5794 ¹
365 5764 671 5832 Corruptus
703 5759 791 5815 hic
821 5760 1004 5832 locus.
1069 5761 1090 5789 ¹
1114 5759 1241 5815 Cor.
1274 5757 1628 5830 προχωρήσῃ.
1696 5755 1715 5787 ³
1743 5754 1838 5812 Gel

1943 5792 1961 5822 ,
1996 5755 2080 5823 l6,
2113 5757 2192 5812 l7.
2273 5758 2292 5790 ⁸
2324 5756 2468 5813 Psal.
2508 5773 2602 5824 vn,
2639 5756 2722 5812 15.
2790 5755 2967 5813 'Gen.
2999 5772 3079 5821 III,
3103 5752 3192 5809 21.
3255 5750 3275 5783 ⁸
3308 5750 3439 5807 Gcn-
3475 5761 3531 5814 υ,

263 5832 354 5896 23,
384 5833 473 5888 24.
547 5830 571 5864 ⁷
610 5830 796 5887 Matth.
837 5846 948 5896 τις,
982 5831 1034 5885 ll.
