4046 6464
596 423 617 480 Ι
632 422 733 487 10]

1988 416 2046 478 S.
2088 416 2433 481 EPIPHANII

3737 418 3844 480 “08

597 545 645 594 et
684 546 931 600 matrem,
984 540 1089 591 etc.
1126 535 1345 609 Alioqui
1395 540 1672 610 quomodo
1718 534 1786 597 de
1827 542 2026 599 mximis
2057 544 2190 600 solis

2309 543 2487 617 ψυχῶν
2524 546 2685 616 μόνον
2731 543 2812 607 τὸ,
2853 541 3224 608 Αὺεάνεσθε,
3258 539 3351 593 καὶ
3383 538 3734 607 πλημῦσατε
3756 539 3847 610 τὴν

597 626 826 698 tntelligi
870 626 1014 681 istud
1061 635 1241 697 potest
1274 646 1287 681 :
1321 626 1553 683 Crescite
1584 639 1633 684 et
1662 630 1854 701 replete
1909 641 2106 687 terram
2136 636 2193 689 “3

597 716 727 775 item
759 718 891 773 illud
928 737 942 772 :
980 719 1190 787 Accepit
1224 718 1367 774 Deus
1397 719 1464 775 de
1496 723 1621 776 limo
1654 735 1830 789 terrm,
1861 734 1910 779 et
1941 725 2189 795 formavit

539 875 553 889 ,
598 812 858 867 hominem
891 813 950 881 ¹;
982 811 1130 883 quod
1178 812 1245 868 de
1290 829 1522 885 corpore
1558 817 1778 888 proprie
1809 817 2014 873 dictum
2048 819 2192 875 vide-

599 911 707 959 tur.
755 903 943 975 Neque
982 906 1128 960 enim
1175 906 1243 961 de
1282 907 1434 972 limo,
1481 906 1659 979 deque
1692 911 2041 980 gravioribus
2083 913 2192 967 illis

598 997 984 1068 concretisque
1014 998 1180 1053 rebus
1209 1014 1365 1053 suam
1402 1000 1582 1054 anima
1615 1009 1870 1056 naturam
1896 1004 2189 1073 expressit.

598 1088 677 1143 Ex
708 1103 820 1160 quo
850 1089 1161 1146 certissime
1192 1090 1324 1144 illud
1348 1090 1603 1155 edicitur,
1629 1077 2048 1166 ante‘pelliceas
2072 1096 2194 1150 illas

599 1182 815 1237 tunicas
858 1196 1092 1252 corpore
1141 1181 1433 1252 praeditum
1478 1183 1755 1239 hominem
1813 1183 2007 1240 fuisse.
2069 1183 2193 1239 Haec

494 1326 516 1332 η
599 1274 744 1332 enim
773 1275 958 1329 omnia
993 1268 1120 1331 ante
1146 1274 1389 1332 hominis
1434 1275 1647 1346 lapsum
1688 1278 2043 1348 pronuntiata
2072 1294 2196 1335 esse

599 1375 854 1436 constat;
899 1375 1098 1421 caetera
1145 1381 1276 1422 vero
1302 1367 1370 1421 de
1425 1368 1629 1424 tunicis
1674 1368 1897 1424 nonnisi
1943 1376 2066 1440 post
2110 1369 2193 1424 la-

600 1475 785 1532 psum.
1151 1452 1159 1459 ”

669 1548 1040 1617 Quamobrem
1074 1552 1479 1607 consideranda
1510 1554 1670 1609 nobis
1690 1570 1854 1625 porro
1887 1560 2035 1619 sunt,
2075 1572 2198 1626 qua:

600 1642 661 1698 in
712 1642 972 1700 manibus
1020 1643 1310 1710 habemus,
1359 1660 1482 1700 cum
1530 1646 1667 1700 illud
1706 1647 1923 1703 abunde
1970 1646 2196 1703 demon-

603 1734 987 1798 straverimus,
1040 1743 1287 1790 scorteas
1343 1737 1463 1792 illas
1522 1737 1741 1793 tunicas
1802 1752 2037 1807 corpora
2086 1752 2196 1791 non

602 1826 800 1891 fuisse,
834 1828 930 1883 sed
975 1826 1121 1881 illam
1157 1843 1186 1880 a
1232 1827 1463 1892 ratione,
1505 1830 1650 1883 velut
1696 1830 2014 1883 animalium
2050 1840 2198 1884 mor—

2293 638 2435 711 γῆν,
2473 636 2894 709 παραληπτέον;
2934 636 2968 707 ἢ
3017 633 3099 695 τὸ,
3150 633 3369 687 Ἔλαϐε
3411 630 3571 700 χοῦν
3611 629 3722 684 ἀπὸ
3762 631 3846 699 τῆς

2294 730 2408 801 γῆς
2438 734 2470 784 ό
2499 731 2665 796 Θεὸς,
2702 728 2800 783 καὶ
2834 728 3070 782 ἔπλασε
3098 725 3208 780 τὸν
3247 723 3566 794 ἄνθρωπον
3584 742 3597 753 ·
3628 724 3655 778 ὃ
3681 724 3849 797 κυρίως

2294 823 2389 875 ἐπὶ
2434 820 2531 876 τοῦ
2583 820 2838 893 σώματος
2882 817 3135 890 λελέχθαι
3190 818 3461 887 φαίνεται.
3500 818 3576 870 Οὐ
3618 818 3725 888 ’γὰρ
3765 819 3848 871 ἀπὸ

2293 914 2390 970 τοῦ
2429 914 2553 988 χοὸς
2591 914 2687 967 καὶ
2730 912 2838 966 τῶν
2890 911 3211 983 βαρυτέρων
3256 911 3353 981 τὴν
3397 910 3590 964 οὐσίαν
3624 910 3850 981 ἐκτήσατο

2296 1011 2328 1079 ἡ
2367 1007 2537 1077 ψυχή.
2590 1004 2756 1058 ’Ὥστε
2808 1003 3145 1074 συνέστηκεν
3191 1004 3256 1055 ὲκ
3301 1000 3507 1065 παντὸς
3548 1001 3849 1070 ἀληθέστατα

2297 1097 2405 1168 πρὸ
2432 1098 2539 1151 τῶν
2569 1094 2915 1168 δερματίνων
2948 1092 3502 1167 σεσωματοποιῆσθαι
3533 1091 3757 1163 χιτώνων
3778 1092 3852 1147 τὸν

2298 1189 2605 1261 ἄνθρωπον.
2628 1187 2817 1243 Ταῦτα
2854 1185 2965 1258 γὰρ
3003 1186 3109 1258 πρὸ
3140 1185 3233 1238 τοῦ
3260 1186 3517 1238 ἐκπεσεῖν
3533 1183 3688 1238 αὐτὸν
3709 1184 3849 1236 ᾶπαν-

2296 1299 2367 1338 τα
2398 1283 2617 1355 εἴρηται
2636 1300 2649 1313 ·
2682 1280 2753 1335 τά
2789 1280 2846 1334 δὲ
2877 1279 3018 1334 κατά
3052 1279 3178 1342 τοὺς
3205 1277 3441 1351 χιτῶνας
3471 1277 3610 1347 μετά
3639 1275 3697 1328 τδ
3716 1277 3850 1328 ἐκπε-

2301 1378 2435 1430 σεῖν.

2375 1553 2540 1608 Ὅθεν
2592 1554 2763 1623 ἴωμεν
2808 1550 2971 1604 πάλιν
3015 1549 3439 1620 ἐπισκεψόμενοι
3475 1541 3544 1601 τά
3588 1549 3644 1599 ἐν
3680 1546 3851 1618 χερσὶν,

2304 1645 2508 1711 ἱκανῶς
2549 1644 2939 1710 ἀποδείξαντες
2975 1626 3049 1715 μῆ
3089 1639 3227 1697 εἶναι
3258 1644 3385 1708 τοὺς
3415 1643 3764 1713 δερματίνους
3786 1657 3851 1710 χι-

2302 1738 2481 1803 τῶνας
2503 1737 2576 1791 τά
2603 1736 2856 1808 σώματα,
2882 1735 3018 1790 ἀλλά
3049 1737 3149 1808 τὴν
3170 1735 3279 1789 ἀπὸ
3298 1734 3397 1789 τοῦ
3421 1734 3586 1802 λόγου
3607 1733 3709 1787 τῶν
3730 1732 3853 1797 ζώων

2303 1832 2609 1903 νεκρότητα
2660 1828 3210 1901 κατεσκευασμένην
3253 1828 3416 1882 τοῦτο
3472 1827 3584 1897 γὰρ
3626 1826 3849 1878 λείπεται.

603 1929 739 1982 tem,
771 1927 905 1975 tunc
954 1922 1222 1990 temporis
1264 1920 1560 1991 perfectam
1598 1941 1609 1975 :
1650 1921 1753 1975 hoc
1793 1922 1939 1976 enim
1975 1920 2194 1984 demum

2314 1923 2534 1995 Ἀμέλει
2563 1923 2673 1976 τῶν
2707 1924 2850 1994 ὅρων
2882 1921 2987 1986 ἔξω
3024 1920 3116 1977 τοῦ
3153 1921 3494 1994 παραδείσου
3524 1920 3663 1973 κατά
3686 1918 3851 1989 ταύτην

605 2018 877 2081 superest.
927 2009 1200 2077 Quocirca
1260 2019 1415 2067 extra
1469 2012 1713 2082 paradisi
1770 2014 2071 2076 terminos,
2127 2014 2198 2068 ob

604 2118 725 2158 eam
764 2118 989 2158 causam
1042 2103 1281 2172 eiicitur.
1336 2102 1456 2158 Non
1506 2105 1652 2159 enim
1699 2105 1843 2175 quod
1892 2118 1958 2159 ex
2003 2105 2200 2159 arbore

604 2197 731 2251 vita:
772 2208 934 2267 poma
984 2196 1277 2267 decerpere
1327 2213 1391 2251 ac
1435 2196 1723 2253 comedere
1771 2198 1966 2262 nollet,
2029 2197 2201 2253 homi-

604 2304 728 2344 nem
762 2287 906 2346 Deus
941 2290 1063 2344 ideo
1092 2289 1401 2345 deturbavit
1447 2291 1699 2362 (poterat
1725 2291 1926 2362 quippe
1972 2290 2026 2345 in
2057 2307 2201 2346 sem-

605 2384 881 2453 piternum
912 2383 1114 2447 vivere,
1153 2399 1276 2437 cmn
1312 2383 1543 2439 subinde
1574 2399 1638 2437 ex
1672 2383 1823 2437 vitali
1868 2384 1958 2438 illa
2004 2384 2228 2438 arborc'

604 2471 980 2545 comedisset),
1010 2474 1104 2529 sed
1139 2490 1205 2529 ne
1236 2475 1563 2537 immortale,
1595 2475 1673 2528 uti
1702 2474 1964 2537 diximus,
1999 2475 2198 2529 malum

605 2573 774 2627 esset,
809 2563 912 2619 sibi
946 2564 1257 2618 carendum
1310 2564 1537 2632 putavit.
1574 2562 1790 2633 Alioqui
1830 2564 1959 2635 quid
2008 2564 2201 2618 attine-

605 2653 700 2708 bat
740 2653 1022 2709 Christum
1060 2655 1223 2726 547
1279 2656 1332 2709 in
1382 2665 1558 2711 terras
1603 2672 1634 2711 e
1680 2657 1823 2711 coelo
1866 2656 2103 2723 mittere,
2155 2656 2201 2711 si

607 2744 834 2798 omnino
875 2745 1023 2799 nulla
1056 2745 1181 2799 vitae
1212 2756 1366 2815 parte
1409 2754 1626 2817 gustata
1671 2747 1947 2801 hominem
1983 2749 2204 2816 penitus

608 2836 771 2891 vellet
799 2836 1116 2906 exstingui?
1140 2835 1295 2902 Quod
1335 2837 1377 2892 si
1403 2838 1666 2893 nonnulla
1695 2838 1861 2892 veluti
1882 2840 2203 2909 pumitentia

609 2927 835 2981 ductum
899 2927 1048 2983 istud
1105 2930 1285 2999 egisse
1333 2926 1502 2984 Deum
1554 2930 1905 2986 adversarius
1956 2930 2200 3002 obiiciat,

609 3022 884 3077 imbecilla
913 3036 982 3076 ea
1010 3021 1151 3076 ratio
1184 3029 1290 3086 est,
1323 3038 1444 3093 quae
1473 3023 1692 3079 consilii
1734 3024 1788 3078 in
1822 3023 1989 3079 Deum
2024 3033 2204 3080 muta-

611 3117 817 3172 tionem
846 3114 1077 3171 invehit.
1107 3114 1213 3171 Sed
1242 3132 1418 3187 neque
1450 3116 1676 3187 ignarus
1706 3115 1877 3172 futuri
1910 3117 2055 3174 Deus
2096 3129 2202 3182 est,

578 3224 714 3283 _ncc
750 3207 977 3264 eﬂ‘ector
1025 3208 1187 3276 mali;
1221 3209 1315 3265 sed
1345 3219 1398 3265 et
1450 3211 1629 3265 bonus
1671 3210 1725 3264 in
1769 3211 1965 3281 primis
2006 3222 2110 3277 est,
2153 3221 2206 3268 et

594 3286 923 3357 'futurorum
955 3302 1245 3372 praescius.
1296 3301 1478 3368 Quare
1528 3318 1639 3356 non
1684 3300 1805 3357 ideo
1834 3301 2063 3372 ejecisse
2098 3320 2202 3374 pu-

612 3394 813 3449 tandus
845 3401 929 3449 est
963 3409 1053 3456 ne,
1088 3397 1134 3449 si
1163 3411 1228 3450 ex
1260 3394 1476 3450 arboris
1508 3395 1629 3448 vita:
1661 3394 2203 3462 fructucomealerct,

613 3489 670 3544 in
699 3498 964 3546 asternum
1005 3488 1311 3545 servandus
1342 3487 1520 3554 foret;
1553 3488 1647 3543 sed
1676 3499 1737 3543 ut
1777 3494 2063 3559 peccatum
2094 3489 2206 3561 pri-

2304 2013 2634 2081 ὲξοικίζεται
2664 2015 2765 2086 τὴν
2792 2013 2990 2072 αἰτίαν,
3022 2014 3097 2068 Οὐ
3126 2013 3236 2085 γὰρ
3267 2016 3350 2067 ὅτι
3391 2013 3470 2085 μὴ
3511 2013 3676 2067 θέλων
3701 2016 3727 2066 ὁ
3749 2012 3851 2074 Θεὸς

2303 2108 2412 2162 ἀπὸ
2443 2106 2537 2160 τοῦ
2571 2106 2729 2172 ξύλου
2774 2105 3076 2177 δρέψασθαι
3115 2105 3213 2177 τῆς
3254 2106 3403 2174 ζωῆς
3438 2103 3626 2166 αὑτὸν,
3665 2103 3751 2157 καὶ
3774 2122 3851 2172 9a-

2303 2202 2441 2270 γεῖν,
2466 2198 2720 2267 ἐξέϐαλεν
2753 2198 3017 2270 (ἠδύνατο
3044 2197 3154 2268 γάρ
3173 2199 3252 2260 εἰς
3275 2198 3370 2250 τὸν
3397 2196 3575 2251 αἰῶνα
3600 2196 3711 2268 ζῇν,
3733 2191 3851 2257 αὖθις

2304 2289 2495 2360 φαγὼν
2542 2286 2649 2345 ἀπὸ
2689 2289 2789 2361 τῆς
2836 2287 3036 2360 ζωῆς),
3069 2288 3297 2342 ἀλλ’ἵνα
3347 2288 3424 2360 μὴ
3473 2286 3761 2349 ἀθάνατον,
3795 2285 3852 2347 ὡς

2305 2382 2640 2454 ὑπεθέμεθα,
2676 2380 2881 2454 γενηθῇ
2916 2380 2977 2433 τὸ
3011 2380 3199 2435 κακὸν.
3245 2378 3403 2433 Ἐπεὶ
3430 2379 3523 2432 διὰ
3558 2378 3611 2432 τί
3636 2379 3720 2431 τὸν
3748 2378 3852 2448 Χριδ

2308 2471 2431 2524 στὸν
2454 2470 2564 2524 ἀπὸ
2587 2471 2693 2524 τῶν
2713 2470 2958 2542 οὐρανῶν
2986 2468 3306 2523 ἀπέστειλεν
3326 2472 3409 2532 εἰς
3439 2469 3539 2541 τὴν
3561 2468 3680 2539 γῆν,
3696 2467 3855 2529 eam;

2304 2566 2541 2637 ἠθέλησε
2569 2563 2714 2635 ζωῆς
2742 2564 2834 2618 τδν
2868 2560 3155 2634 ἄνθρωπον
3196 2561 3465 2632 ἄγευστον
3500 2561 3770 2616 ἀποθανεῖν
3794 2560 3855 2622 si;

2306 2658 2366 2711 τὸ
2415 2656 2716 2724 παντελέςς
2763 2657 2827 2709 Et
2860 2655 2917 2708 δὲ
2953 2657 3018 2709 ὲκ
3060 2653 3371 2725 μεταμέλου
3418 2652 3581 2708 τοῦτο
3628 2652 3746 2723 φαίη
3779 2668 3852 2705 πε-

2309 2748 2597 2820 ποιηκέναι
2638 2748 2729 2802 τὸν
2769 2746 2901 2802 Θεὸν
2940 2750 2969 2803 ὁ
3018 2747 3336 2816 ἀντιλέγων,
3384 2746 3621 2815 ἀσθενὴς
3660 2745 3855 2802 αὐτῶνὸ

2307 2842 2486 2911 λόγος,
2527 2841 3003 2913 μεταγινώσκοντα
3026 2841 3117 2895 τὸν
3147 2840 3281 2894 Θεὸν
3309 2840 3576 2911 εἰσάγων.
3617 2840 3741 2894 Ἀὶλ
3761 2838 3853 2892 οὔτε

2308 2936 2565 3002 ἀξύνετος
2586 2935 2678 2989 τοῦ
2699 2934 2985 3007 μέλλοντος
2997 2931 3152 2999 Θεὸς,
3173 2933 3297 2989 οὔτε
3316 2935 3636 2999 κακοποιὸς,
3654 2932 3769 2987 ἀλλά
3785 2930 3857 2985 καὶ

2309 3031 2494 3102 ἄκρως
2521 3028 2746 3099 ἀγαθὸς,
2787 3029 2882 3083 καὶ
2915 3024 3307 3100 προγινώσκων
3327 3026 3399 3081 τὰ
3428 3027 3702 3099 μέλλοντα.
3730 3023 3855 3077 Ὥστε

2308 3125 2410 3177 οὐκ
2438 3124 2547 3195 ἄρα
2581 3123 2669 3176 διά
2696 3123 2759 3176 τὺ
2803 3122 2879 3193 μὴ
2908 3120 3177 3185 σώζεσθαι
3210 3122 3291 3185 εἰς
3320 3121 3414 3175 τὸν
3452 3120 3624 3175 αἰῶνα
3661 3118 3855 3189 φαγόντα

2308 3214 2471 3268 αὐτὸν
2493 3214 2601 3268 ἀπὸ
2622 3214 2714 3267 τοῦ
2738 3213 2895 3282 ξύλου
2929 3217 3029 3285 τῆς
3058 3214 3227 3284 ζωῆς,
3249 3213 3539 3280 ἐξέϐαλεν,
3572 3212 3696 3266 ἀλλά
3725 3210 3796 3264 διὰ
3812 3208 3860 3261 τὸ

2311 3306 2654 3378 νεκρωθῆναι
2684 3306 2900 3379 πρῶτον
2922 3306 3141 3373 θανάτῳ
3156 3307 3257 3380 τὴν
3272 3306 3560 3377 ἁμαρτίαν
3576 3324 3589 3336 ·
3617 3306 3677 3359 ἵν’
3703 3303 3855 3363 οὕτως,

2316 3399 2456 3472 μετά
2490 3400 2552 3452 τὸ
2599 3398 2891 3453 ἀποθανεῖν
2928 3396 3254 3470 ἐκτακείσης
3282 3399 3387 3469 τῆς
3425 3399 3710 3472 ἁμαρτίας,
3738 3399 3855 3466 ἐγερι

2315 3487 2429 3555 θεὶς
2455 3489 2739 3561 ἄνθρωπος
2766 3490 3010 3563 καθαρὸς
3036 3491 3184 3564 φάγῃ
3218 3492 3317 3562 τῆς
3347 3491 3516 3563 ζωῆς.

614 3599 764 3638 mum
820 3582 1065 3636 muniunt
1104 3590 1279 3635 morte
1308 3581 1688 3650 perimeretur,
1738 3590 1901 3652 atque
1944 3584 2039 3647 ita,
2095 3598 2222 3637 cum
2255 3593 2404 3640 esset
2452 3594 2739 3649 mortuus,
2792 3586 2940 3639 velut
2990 3590 3320 3654 consumpto
3359 3585 3707 3656 eliquatoque
3763 3594 3853 3651 pec-

614 3688 758 3740 cato,
797 3677 1071 3732 excitatus
1118 3675 1184 3730 ad
1225 3676 1390 3730 vitam
1448 3676 1632 3739 homo,
1683 3691 1749 3731 ac
1791 3677 1979 3748 purior
2023 3679 2201 3735 factus
2239 3680 2353 3735 vita
2382 3688 2719 3734 vesceretur.

687 3770 880 3826 XXIV.
920 3770 1035 3827 Nec
1080 3779 1165 3826 est
1214 3771 1360 3840 quod
1410 3771 1645 3825 stolidus
1693 3772 1968 3841 quispiam
2013 3780 2218 3828 temere

614 3856 827 3935 jactare
874 3863 1094 3928 audeat,
1124 3864 1284 3918 aliter
1316 3863 1432 3918 haec
1480 3879 1604 3918 esse
1650 3864 2030 3934 pronuntiata.
2078 3864 2216 3919 Nam

616 3958 711 4029 qui
749 3973 975 4012 carnem
1006 3954 1148 4011 hanc
1197 3955 1600 4010 immortalitati
1648 3954 1931 4026 capienda:
1961 3954 2214 4009 idoneam

616 4067 741 4108 esse
792 4049 1010 4121 penitus
1058 4058 1240 4120 negat,
1299 4049 1390 4104 hic
1444 4048 1684 4105 vesania).
1738 4048 1929 4103 morbo
1961 4048 2218 4102 laborans

616 4143 1035 4199 Contumeliosis
1078 4144 1132 4196 in
1163 4141 1341 4198 Deum
1372 4142 1602 4197 vocibus
1651 4143 1845 4196 utitur.
1897 4141 2009 4197 Cur
2042 4143 2212 4204 enim,

620 4247 977 4309 posteaquam
1012 4236 1253 4305 peliiceae
1281 4235 1483 4289 tunica:
1513 4244 1760 4290 consulte
1791 4242 1940 4302 sunt,
1969 4233 2217 4289 Adamus

616 4329 861 4399 ejicitur,
898 4343 963 4382 ac
993 4328 1120 4381 vitae
1152 4326 1408 4382 arborem
1450 4326 1720 4394 attingere
1753 4325 2043 4394 vivereque
2088 4340 2215 4394 pro-

617 4421 871 4487 hibetur;
909 4420 957 4475 si
1005 4419 1122 4474 ﬁeri
1154 4419 1382 4474 omnino
1410 4435 1518 4472 non
1554 4425 1757 4488 potest,
1804 4425 1863 4471 ut
1906 4417 1961 4470 in
2012 4419 2215 4487 sempi-

618 4525 836 4568 termnn
889 4513 1059 4566 vitam
1114 4511 1279 4566 homo
1330 4528 1454 4567 cum
1509 4527 1743 4583 corpore
1784 4512 2074 4567 traducat?
2122 4512 2215 4566 Sic

617 4606 767 4660 enim
818 4594 1135 4661 interdictio
1184 4604 1277 4658 illa
1316 4605 1465 4673 edita
1509 4613 1614 4667 est,
1654 4613 1915 4675 tanquam
1963 4604 2077 4659 vita
2123 4604 2212 4657 ille

616 4698 908 4768 degustata
959 4704 1190 4750 mortem
1240 4701 1429 4764 posset
1480 4694 1735 4764 rlfugere.
1774 4694 1867 4749 Sic
1907 4694 2055 4750 enim
2088 4695 2163 4748 ait
2195 4712 2207 4746 :

620 4792 770 4848 Fecit
803 4792 985 4862 itaque
1016 4790 1275 4845 Dominus
1308 4788 1450 4843 Deus
1475 4787 1648 4842 Adam
1673 4798 1723 4843 et
1752 4788 1910 4842 uxori
1929 4787 2044 4858 ejus
2078 4787 2221 4840 tun’i-

616 4904 709 4942 eas
739 4885 1011 4954 pelliceas,
1051 4893 1100 4938 et
1144 4882 1319 4937 induit
1363 4881 1507 4936 illos.
1552 4879 1619 4935 Et
1667 4881 1805 4935 dixit
1862 4878 2051 4934 Deus:
2087 4878 2221 4933 Ecce

617 4985 798 5050 [actus
829 4988 908 5032 est
937 4978 1134 5041 Adam,
1177 4977 1317 5031 sicut
1362 4991 1499 5029 unus
1528 4990 1593 5028 ea:
1622 4972 1795 5039 nobis,
1832 4983 1891 5027 ut
1936 4982 2221 5044 cognoscat

619 5076 815 5128 bonum
844 5081 895 5126 et
923 5076 1146 5125 malum.
1180 5067 1249 5122 Et
1276 5084 1415 5123 nunc
1449 5084 1513 5122 ne
1541 5067 1681 5138 forte
1708 5065 1954 5121 extendat
1978 5082 2217 5131 manum,

618 5177 667 5221 et
700 5173 879 5221 sumat
908 5163 973 5217 de
999 5164 1139 5235 ligno
1164 5163 1322 5224 vim;
1367 5170 1417 5215 et
1451 5158 1694 5214 comedat
1716 5169 1767 5212 et
1798 5159 1936 5212 vivat
1980 5158 2034 5210 in
2064 5165 2219 5211 (eter-

619 5277 766 5315 uum.
806 5257 874 5313 Et
898 5258 1073 5313 emisit
1106 5255 1259 5310 illum
1300 5253 1565 5309 Dominus
1597 5251 1739 5307 Deus
1769 5265 1798 5305 e
1820 5249 2077 5321 paradiso
2127 5267 2211 5304 vo-

618 5354 869 5422 luptatis,
912 5362 969 5405 ut
1023 5356 1333 5419 operaretur
1379 5357 1601 5411 terram,
1650 5361 1717 5399 ea:
1757 5361 1863 5414 qua
1910 5352 2217 5411 assumptus

623 5456 721 5500 est.
760 5443 829 5498 Et
858 5443 1009 5513 ejecit
1046 5441 1223 5496 Adam
1251 5441 1293 5495 ³.
1331 5438 1702 5507 Quamobrem
1734 5445 1949 5509 poterat
1980 5438 2035 5492 in
2070 5445 2222 5492 aeter-

624 5554 755 5591 num
808 5536 993 5593 vivere
1045 5548 1282 5605 corpus,
1333 5542 1389 5589 et
1433 5533 1745 5588 immortale
1801 5530 1948 5596 ﬁeri,
1996 5530 2103 5586 nisi
2151 5529 2222 5584 ab

624 5628 897 5699 gustanda
923 5630 1035 5684 vita
1082 5628 1222 5683 foret
1265 5627 1625 5697 prohibitum.
1660 5624 1755 5679 Est
1784 5633 1968 5679 autem
2011 5622 2222 5679 idcirco

626 5718 986 5793 ptohibitum,
1032 5728 1092 5774 ut
1135 5727 1190 5774 et
1236 5726 1524 5790 peccatum
1564 5717 1900 5775 exstinctum
1950 5731 2058 5770 una
2095 5729 2223 5771 cum

704 5878 720 5909 ¹
757 5876 890 5933 Gen.
924 5891 962 5943 ι,
999 5875 1092 5932 28.

1207 5875 1225 5905 ²
1258 5876 1395 5931 Gen.
1428 5891 1488 5937 ιι,
1517 5874 1565 5929 7.
1646 5876 1664 5904 ³
1695 5873 1831 5929 Gen.
1862 5889 1944 5943 In,
1977 5873 2167 5927 κει-ει.
2261 5927 2267 5935 ,

2386 3774 2514 3827 KA'.
2556 3772 2765 3845 Μηδεὶς
2805 3773 2862 3826 δὲ
2906 3771 3200 3844 ἀϐέλτερος
3236 3771 3311 3824 ῶν
3364 3765 3857 3843 παρακινδυνευέτω,

2313 3864 2389 3931 ὡς
2415 3867 2624 3921 τούτων
2672 3862 2880 3939 ἑτέρως
2918 3864 3240 3937 λεχθέντων.
3286 3865 3343 3918 '0
3387 3865 3500 3936 γὰρ
3547 3863 3679 3925 ὅλως
3720 3856 3853 3930 ὀριξά

2317 3976 2478 4030 μενος
2510 3959 2610 4030 τὴν
2639 3959 2822 4030 σάρκα
2860 3958 2934 4030 μὴ
2965 3955 3106 4013 εἶναι
3153 3956 3361 4028 ταύτην
3401 3956 3698 4018 ἀθανασίας
3718 3951 3853 4005 δεκτι-

2315 4051 2440 4123 κὴν,
2460 4051 2632 4117 ὅντως
2660 4052 2847 4115 ἀνοίας
2875 4042 3125 4113 ὑπαίτιος
3156 4049 3232 4104 ῶν
3256 4050 3419 4119 νόσῳ,
3448 4048 3761 4120 βλασφημεῖ.
3785 4039 3855 4095 Διὸ

2316 4144 2367 4196 τί
2410 4144 2516 4215 γὰρ
2571 4143 2711 4214 μετά
2759 4144 2859 4215 τὴν
2896 4142 3008 4198 τῶν
3046 4141 3289 4213 χιτώνων
3330 4142 3441 4195 τῶν
3493 4138 3803 4213 ὃερματίνων
3836 4133 3857 4186 ὁ

2330 4234 2506 4305 Ἀδὰμ
2543 4234 2889 4306 κατασκευὴν
2929 4233 3251 4288 ἐκϐάλλεται
3276 4273 3290 4296 ,
3334 4233 3677 4304 κωλυόμενος
3708 4228 3856 4299 φαγεῖν

2286 4376 2291 4379 .
2318 4325 2426 4379 ἀπὸ
2457 4324 2550 4379 τοῦ
2582 4325 2743 4392 ξύλου
2776 4325 2878 4395 τῆς
2905 4325 3074 4396 ζωῆς,
3115 4326 3210 4380 καὶ
3243 4326 3429 4397 ζῆσαι,
3468 4327 3519 4379 ει
3548 4324 3679 4388 ὅλως
3704 4318 3855 4375 ἀδύνα-

2316 4433 2409 4470 τον
2438 4413 2506 4489 ἦν
2540 4417 2680 4488 μετὰ
2702 4417 2956 4488 σώματος
2986 4419 3066 4481 εἰς
3087 4418 3178 4470 τὸν
3201 4416 3375 4471 αἰῶνα
3403 4416 3566 4488 ζῆσαι
3590 4416 3676 4468 τὸν
3694 4410 3855 4480 ἄνθρω-

2318 4526 2458 4578 πον;
2498 4510 2586 4574 Ὧς
2625 4510 2934 4581 δυναμένου
2971 4510 3081 4582 γὰρ
3114 4509 3282 4564 αὐτοῦ
3334 4508 3411 4582 μὴ
3447 4509 3757 4567 ἀποθανεῖν,
3787 4500 3857 4554 ἐὰν

2320 4598 2430 4653 ἀπὸ
2463 4598 2565 4670 τῆς
2594 4598 2742 4670 ζωῆς
2780 4599 3048 4671 γεύσηται
3076 4598 3279 4665 λαϐὼν,
3319 4601 3352 4670 ή
3391 4598 3625 4661 κώλυσις
3672 4595 3854 4664 γίνετω.

2318 4692 2459 4762 Φησὶ
2489 4692 2628 4764 γάρ·
2672 4691 2787 4745 Καὶ
2831 4692 3084 4759 ἐποίησε
3118 4692 3337 4761 Κύριος
3362 4694 3394 4745 ὀ
3438 4690 3585 4755 Θεὸς
3620 4687 3697 4752 τῷ
3725 4681 3857 4747 Ἀδὰμ

2317 4783 2417 4836 καὶ
2454 4776 2530 4852 τῆ
2560 4784 2801 4852 γυναικὶ
2840 4782 3029 4839 αὐτοῦ
3068 4780 3325 4853 χιτῶνας
3349 4781 3757 4852 δεριιατιίὋυς⁹
3783 4768 3856 4824 καὶ

2316 4873 2615 4929 ἐνέδυσεν
2642 4877 2889 4943 αὐτούς.
2917 4876 3028 4933 Καὶ
3059 4872 3232 4931 εἶπεν
3256 4880 3288 4930 ό
3328 4875 3502 4940 Θεός⁶
3550 4871 3696 4928 Ἰδοὺ
3734 4865 3856 4937 γέΐο·

2317 4987 2426 5024 ’ἐν
2464 4971 2635 5042 Ἀδὰμ
2665 4972 2745 5038 ὡς
2778 4967 2869 5039 εἷς
2907 4971 2976 5037 ἐξ
3006 4968 3197 5040 ἡμῶν,
3232 4970 3338 5025 τοῦ
3367 4967 3680 5039 γινώσκειν
3707 4956 3856 5015 καὶέν

2318 5062 2422 5117 καὶ
2448 5064 2739 5132 πονηρόν.
2766 5063 2875 5118 Καὶ
2903 5063 3021 5119 νῦν
3048 5062 3284 5133 μήποτε
3306 5061 3545 5128 ἐπιτείνῃ
3570 5057 3680 5125 τὴν
3707 5050 3855 5125 κεῖβαν

2318 5156 2423 5210 καὶ
2462 5154 2620 5227 λάϐῃ
2671 5156 2779 5211 τοῦ
2834 5156 3028 5221 ξύλου
3074 5154 3186 5225 τῆς
3206 5154 3389 5224 ζωῆς,
3423 5153 3523 5208 καὶ
3568 5149 3751 5221 φάγῃ,
3782 5139 3855 5195 καὶ

2320 5249 2569 5317 ζήσεται
2597 5252 2685 5317 εὶς
2718 5250 2826 5304 τὸν
2862 5248 3072 5306 aliIn-ct.
3103 5248 3218 5304 Καὶ
3255 5246 3681 5313 ἐξαπέστειλεν
3709 5234 3854 5292 αὐτὰ

2315 5343 2534 5410 Κύριος
2579 5345 2612 5397 ό
2650 5341 2797 5409 Θεὸς
2834 5343 2905 5398 ἐκ
2959 5342 3067 5397 τοῦ
3113 5338 3482 5409 παραδείσου
3528 5334 3634 5403 τῆς
3668 5322 3853 5400 τρυφῆς

2315 5434 2664 5508 ἐργάξεσθαι
2704 5435 2821 5505 τὴν
2846 5434 2986 5507 γῆν.
3014 5434 3085 5500 ἐξ
3124 5429 3200 5505 ἧς
3227 5432 3482 5501 ἐλήφθη.
3509 5426 3617 5482 Kal
3652 5416 3853 5487 ἐξέϐαλε

2321 5528 2429 5585 τὸν
2466 5527 2671 5600 Ἀδάμ.
2721 5527 2933 5582 υὺκοῦν
2973 5525 3205 5598 ἠδύνατο
3250 5524 3369 5595 ζῇν,
3426 5522 3472 5574 εἰ
3508 5517 3584 5590 μὴ
3625 5508 3853 5569 κεκώλυτο

2322 5620 2627 5689 γεύσασθαι
2652 5621 2754 5692 τῆς
2779 5621 2943 5691 ζωῆς.
2975 5617 3258 5687 Ἐκωλύθη
3280 5616 3361 5677 δὲ·
3378 5616 3524 5676 ὅπως
3545 5613 3577 5682 ἡ
3712 5604 3852 5703 ἀμίαι,-

2323 5714 2413 5768 τία
2452 5715 2955 5769 συναποκτανθεῖσα
2985 5711 3061 5782 τῷ
3101 5709 3312 5781 σώματι
3358 5708 3524 5778 θάνῃ,
3555 5704 3612 5757 τὸ
3637 5700 3690 5755 δὲ
3729 5700 3851 5761 σῶμα
