4046 6496
294 400 439 460 H09

961 396 1093 456 ADV
1107 400 1330 457 liliSL'S
1372 398 1716 456 llAEltESES
1756 399 1883 454 LIB.

1990 441 1994 452 .
2038 397 2203 453 TUM.
2249 399 2289 452 1.
2334 429 2399 436 —-
2440 395 2936 451 ILLRES..LXIV.

3427 396 3565 452 illi)

284 517 523 587 ἀναστῇ,
561 516 661 588 τῆς
716 517 990 589 ἁμαρτίας
1031 517 1391 590 ἀπολομένης.
1427 520 1545 573 Ἵνα
1577 518 1756 573 τοίνυν
1800 518 1873 589 μὴ

1990 531 2209 585 corpore
2239 521 2566 577 moreretur,
2598 520 2653 567 el
2699 528 2902 582 corpus
2947 519 3170 583 peccato
3224 516 3439 563 mortuo
3483 526 3569 563 re-

290 603 331 684 ᾗ
365 610 528 663 κακὸν
561 610 828 663 ἀθάνατον
857 613 885 664 6
910 611 1216 682 ἄνθρωπος,
1260 611 1336 676 ὡς
1377 611 1536 683 ἔφην,
1564 611 1595 684 ἢ
1631 611 1879 676 ἀείζωον,

289 700 434 773 ἔχων
472 703 528 754 ὲν
575 701 755 773 ἑαυτῴ
783 701 880 775 τὴν
913 703 1192 775 ἁμαρτίαν
1237 703 1700 777 κρατιστεύουσαν
1724 744 1738 768 ,
1787 702 1883 755 ἆτε

290 795 356 847 ἓν
412 793 668 867 ἀθανάτῳ
716 795 1100 869 βλαστήσασαν
1156 796 1404 867 σώματι,
1463 798 1559 851 καὶ
1615 795 1883 850 ἀθάνατον

289 885 525 956 ἔχουσαν
557 887 785 960 τροφὴν,
820 891 848 944 6
886 889 1019 954 Θεὸς
1048 890 1212 944 αὐτὸν
1242 891 1332 946 διὰ
1365 888 1523 945 τοῦτο
1552 888 1744 960 θνητὸν
1779 888 1883 941 ἀπ-

290 976 535 1047 εφήνατο
557 980 844 1051 νεκρότητι
885 982 1215 1052 περιϐαλών.
1255 983 1427 1039 Τοῦτο
1461 985 1569 1059 γὰρ
1602 989 1649 1041 οἱ
1677 987 1882 1060 δερμά-

296 1084 429 1120 τινοι
458 1067 690 1139 χιτῶνες
726 1070 1041 1127 ἐϐούλοντοο
1077 1075 1163 1128 ἵνα
1200 1075 1265 1144 δὴ
1304 1077 1391 1131 διὰ
1417 1080 1516 1150 τῆς
1549 1078 1758 1144 λύσεως
1786 1081 1881 1133 τοῦ

289 1156 547 1231 σώματος
597 1162 689 1214 καὶ
740 1163 839 1234 τῆς
888 1163 1210 1237 διαιρέσεως
1258 1169 1290 1239 η
1338 1170 1585 1241 ἁμαρτία
1638 1170 1883 1225 κάτωθεν

290 1251 675 1325 αὑτόπρεμνος
709 1255 858 1308 πᾶσα
892 1255 1166 1331 διαφθαρῇ
1189 1276 1201 1287 ·
1253 1259 1330 1324 ὡς
1371 1261 1506 1333 μηδὲ
1536 1262 1640 1315 κᾶν
1683 1262 1884 1333 βραχύ-

269 1359 453 1433 τατον
507 1344 665 1418 ῥίζης
722 1347 948 1421 ὲαθῆναι
997 1351 1196 1422 μέρος,
1252 1354 1346 1424 ἀφ’
1388 1350 1451 1411 οὗ
1501 1355 1619 1410 νέαι
1654 1355 1882 1426 βλάσται

291 1437 458 1491 πάλιν
492 1439 912 1512 ἁμαρτημάτων
938 1443 1370 1509 ἀναϐλύζωνται.

364 1617 494 1672 KE'.
540 1619 807 1694 Καθάπερ
846 1622 955 1695 γὰρ
994 1626 1051 1678 ὲν
1086 1624 1486 1701 οἰκοδομήμασι
1527 1631 1670 1687 ναῶν
1702 1632 1881 1687 καλῶν

288 1708 439 1778 συκῆ
466 1711 809 1783 γεννηθεῖσα,
837 1712 927 1767 καὶ
950 1716 1029 1779 είς
1051 1716 1272 1771 ἔκτασιν
1302 1720 1397 1774 καὶ
1428 1720 1657 1792 μέγεθος
1690 1723 1880 1794 εὐτρο-

284 1801 542 1870 φήσασα,
592 1803 685 1857 καὶ
735 1805 828 1858 ἐπὶ
871 1806 1049 1871 πάσας
1090 1809 1189 1872 τὰς
1228 1810 1496 1881 ἁρμονίας
1528 1812 1880 1885 πολυκλημά-

285 1902 409 1954 τοις
462 1890 641 1961 ῥίζαις
684 1893 793 1947 τῶν
841 1894 1002 1950 λίθων
1033 1898 1331 1969 κεχυμένη,
1368 1900 1428 1953 οὐ
1480 1902 1743 1972 πρότερον
1785 1901 1878 1954 τοῦ

288 1980 453 2050 φύειν
506 1983 812 2051 στέλλεται,
862 1986 967 2052 ἕως
1001 1991 1151 2043 πᾶσα
1204 1991 1567 2062 ἀποσπασθῇ,
1608 1993 1876 2047 λυθέντων

284 2069 405 2123 ταῶν
438 2070 558 2125 καθ’
584 2071 677 2138 οὓς
707 2074 1009 2148 ἐϐλάστησε
1049 2078 1247 2143 τόπους
1279 2079 1388 2132 τῶν
1421 2078 1585 2134 λίθων
1605 2098 1618 2111 ο
1654 2082 1879 2135 δυνατὸν

296 2163 403 2233 γὰρ
461 2164 623 2219 πάλιν
676 2167 757 2229 είς
806 2168 932 2232 τοὺς
967 2171 1177 2225 ἑαυτῶν
1227 2172 1631 2244 ὲναρμοσθῆναι
1681 2175 1881 2238 τόπους

280 2254 422 2317 *τοὺς
470 2253 668 2321 λίθους,
712 2257 810 2327 τῆς
850 2259 1023 2330 συκῆς
1065 2261 1465 2333 ἀφῃρημένης,
1512 2263 1663 2326 ὅπως
1706 2266 1733 2316 6
1779 2264 1880 2334 μὲν

284 2341 424 2407 ναὸς
452 2343 716 2417 σώζηται,
749 2347 915 2418 μηδὲν
951 2349 1060 2404 τῶν
1104 2349 1475 2420 ἀφανιζόντων
1503 2352 1664 2405 αὐτὸν
1694 2354 1881 2407 κακῶν

284 2432 473 2505 ἑαυτῷ
506 2437 703 2506 μηκέτι
739 2438 942 2510 φέρων,
973 2441 1006 2511 ἡ
1050 2440 1107 2494 δὲ
1149 2443 1286 2513 συκῆ
1326 2444 1476 2496 πᾶσα
1506 2443 1882 2516 προθέλυμνος

286 2529 714 2585 ἀποσπασθεῖσα
759 2533 1036 2607 ἀποθάνῃ·
1092 2536 1233 2590 κατά
1282 2537 1453 2591 ταῦτα
1486 2538 1581 2592 καὶ
1619 2542 1647 2594 6
1686 2538 1818 2604 Θεὸς
1855 2542 1883 2595 6

285 2621 546 2692 τεχνίτης
574 2622 665 2676 τὸν
695 2625 890 2679 ἑαυτοῦ
919 2626 1025 2680 νεὼ
1056 2628 1147 2681 τὸν
1170 2629 1477 2701 ἄνθρωπον,
1508 2629 1663 2701 δίκην
1684 2630 1884 2703 ἀγρίας

290 2712 468 2784 συκῆς
496 2713 595 2785 τὴν
631 2715 907 2789 ἁμαρτίαν
942 2719 1347 2791 βλαστήσαντα,
1383 2722 1618 2787 διέλυσε,
1651 2723 1882 2779 θανάτου

288 2806 655 2877 προσκαίροις
714 2810 1042 2879 προσϐολαῖς
1086 2813 1459 2878 ἀποκτείνων,
1506 2816 1649 2869 κατὰ
1690 2815 1749 2869 τὸ
1793 2834 1883 2886 γε·

290 2897 639 2969 γραμμένον,
676 2901 770 2953 καὶ
801 2900 1113 2977 ζωοποιῶν,
1145 2904 1233 2958 ἴνα
1280 2904 1445 2958 πάλιν
1488 2905 1597 2959 τῶν
1636 2907 1817 2960 αὐτῶν
1845 2910 1879 2979 ἡ

216 2991 229 3003 '
283 2989 433 3061 σὰρξ
468 2990 652 3063 μερῶν
690 2993 831 3063 μετά
874 2993 934 3047 τὸ
971 2992 1337 3066 ξηρανθῆναι,
1374 2997 1467 3051 καὶ
1500 2997 1793 3052 ἀποθανεῖν
1822 2999 1883 3052 τὸ

284 3079 618 3153 ἁμάρτημα,
649 3083 804 3154 δίκην
824 3085 1410 3157 ἀνακαινοποιηθέντος
1438 3087 1591 3152 ναοῦ,
1610 3088 1883 3154 ἀθάνατος

289 3174 390 3227 καὶ
426 3176 664 3247 ἀπήμων
698 3177 921 3248 ἐγερθῇ,
954 3176 1154 3241 τελέως
1185 3180 1249 3232 ὲκ
1289 3177 1504 3250 βάθρων
1538 3179 1883 3252 ἀπολομένης

279 3269 392 3337 τῆς
414 3267 712 3340 ἁμαρτίας.
746 3269 960 3335 Ζῶντος
987 3270 1094 3342 γὰρ
1124 3269 1205 3324 ἔτι
1236 3271 1331 3324 τοῦ
1368 3272 1619 3343 σώματος
1659 3273 1765 3344 πρὸ
1789 3274 1884 3327 τοῦ

279 3357 670 3430 τεθνήξεσθαι,
716 3360 887 3433 συζῇν
912 3362 1127 3435 ἀνάγκη
1163 3363 1260 3417 καὶ
1283 3363 1383 3435 τὴν
1408 3364 1709 3436 ἁμαρτίαν,
1739 3363 1884 3418 ἔνδον

282 3451 389 3515 τὰς
419 3451 576 3524 ῥίζας
614 3454 785 3523 αὐτῆς
815 3455 872 3506 ὲν
886 3457 1018 3525 ἡμῖν
1032 3454 1511 3525 ἀποκρύπτουσαν,
1546 3456 1594 3507 εί
1624 3455 1718 3508 καὶ
1743 3454 1883 3520 ἔξω·

277 3543 385 3599 θεν
414 3547 611 3616 τομαῖς
630 3547 749 3611 ταῖς
766 3547 874 3600 ἀπὸ
915 3547 1024 3601 τῶν
1075 3546 1471 3619 σωφρονισμῶν
1495 3548 1591 3601 καὶ
1622 3548 1731 3601 τῶν
1760 3566 1885 3604 νου-

277 3635 565 3706 θετήσεων
587 3637 952 3692 ἀνεστέλλετο.
986 3638 1138 3691 Ἐπεὶ
1164 3635 1258 3692 οῦν
1289 3638 1390 3692 οὐκ
1415 3638 1481 3692 ἂν
1507 3637 1648 3709 μετά
1678 3637 1741 3692 τὸ
1769 3656 1886 3709 φω-

280 3728 544 3802 τισθῆναι
579 3730 893 3785 συνέϐαινεν
919 3731 1147 3797 ἀδικεῖν,
1165 3730 1261 3785 ἅτε
1281 3732 1627 3787 παντάπασιν
1656 3732 1885 3803 εἰλικρι-

278 3820 403 3886 νῶς
432 3821 797 3895 ἀφῃρημένης
822 3823 917 3893 ἀφ’
941 3822 1097 3894 ἡμῶν
1120 3823 1223 3893 τῆς
1248 3822 1544 3895 ἁμαρτίας.
1569 3822 1682 3876 Νῦν
1704 3822 1760 3876 δὲ
1789 3824 1885 3876 καὶ

286 3912 437 3983 μετά
458 3914 522 3966 τὸ
551 3914 864 3978 πιστεῦσαι,
894 3915 990 3969 καὶ
1020 3915 1113 3968 ἐπὶ
1141 3913 1200 3968 τὺ
1226 3912 1372 3987 ὕδωρ
1407 3915 1583 3969 ἐλθεῖν
1610 3915 1704 3970 τοῦ
1733 3917 1887 3985 ἁγνι-

282 4005 474 4076 σμοῦ,
532 4005 792 4070 πολλάκις
840 4008 898 4060 ὲν
956 4006 1253 4079 ἁμαρτίαις
1298 4006 1451 4070 όντες
1494 4006 1884 4079 εὑρισκόμεθα.

284 4096 486 4160 Οὐδεὶς
517 4096 625 4170 γὰρ
651 4098 825 4163 οὕτως
855 4099 1139 4170 ἁμαρτίας
1170 4099 1329 4163 ἐκτὸς
1363 4093 1502 4152 εἶναι
1531 4098 1723 4153 ἑαυτὸν
1759 4116 1887 4153 καυο

287 4192 557 4263 χήσηται,
583 4190 658 4255 ὡς
686 4191 820 4263 μηδὲ
848 4190 950 4245 κᾶν
980 4191 1356 4264 ἐνθυμηθῆναι
1396 4190 1456 4246 τὸ
1497 4192 1715 4246 σύνολον
1748 4192 1887 4256 ὅλως

283 4282 394 4353 τὴν
421 4282 656 4338 ἀδικίαν.
694 4284 857 4337 Ὥστε
896 4284 1196 4356 συνέστηκε
1226 4282 1611 4337 συστέλλεσθαι
1643 4284 1763 4355 μὲν,
1789 4285 1886 4338 καὶ

284 4375 728 4442 κατευνάζεσθαι
749 4379 816 4449 τῇ
849 4376 1030 4432 πίστει
1054 4377 1150 4431 νῦν
1175 4377 1274 4449 τὴν
1303 4378 1598 4449 ἁμαρτίαν,
1623 4379 1703 4441 είς
1724 4378 1785 4430 τὸ
1809 4377 1884 4449 μὴ

281 4466 444 4525 οἷσαι
472 4470 723 4542 καρποὺς
752 4468 1133 4540 βλαϐοποιοὺς,
1172 4470 1235 4523 οὐ
1274 4469 1381 4541 μὴν
1417 4469 1761 4540 ἀναιρεῖσθαι
1792 4469 1887 4523 καὶ

1986 612 2252 676 sulgeret.
2288 603 2456 674 Igitur
2488 618 2556 658 ne
2590 604 2899 658 immortale
2941 601 3217 672 quoddam
3261 617 3324 653 ac
3365 599 3568 668 scrupi—

1987 702 2201 749 ternum
2255 693 2460 747 malum
2501 699 2649 747 esset
2698 691 2888 758 homo,
2940 698 2998 746 ut
3047 693 3161 761 jam
3198 690 3454 751 diximus,
3506 703 3571 742 ac

1985 788 2198 856 peccati
2229 787 2283 840 in
2322 800 2445 841 sese
2477 784 2906 841 dominationem
2937 783 3166 847 foveret,
3210 792 3396 851 utpote
3426 779 3570 851 quod

1982 880 2282 933 immortali
2324 880 2378 934 in
2426 893 2658 948 corpore
2688 878 2996 948 pullularet,
3028 883 3087 932 et
3118 873 3412 945 immortali
3441 887 3571 942 per-

1987 970 2112 1026 inde
2139 971 2399 1027 alimento
2433 971 2711 1043 glisceret,
2743 980 3033 1043 propterea
3083 968 3364 1022 mortalem
3417 965 3571 1021 illum

1988 1064 2130 1120 Deus
2164 1080 2287 1120 esse
2339 1067 2533 1131 voluit,
2579 1080 2642 1118 ac
2698 1074 2872 1118 morte
2904 1060 3206 1116 damnavit.
3264 1059 3379 1113 lloc
3426 1059 3569 1111 enim

1985 1165 2213 1212 scortea:
2257 1157 2362 1212 illae
2396 1157 2598 1213 tunicae
2628 1155 3042 1227 signiﬁcabant;
3098 1161 3159 1207 ut
3206 1150 3572 1206 dissolutione

1985 1253 2364 1323 divisioneque
2395 1255 2645 1325 corporis
2679 1268 2841 1308 omne
2871 1267 2937 1306 ex
2974 1251 3083 1304 imo
3118 1257 3403 1320 peccatum
3444 1246 3572 1302 stir-

1986 1346 2132 1416 pitus
2179 1354 2538 1412 enccaretur;
2576 1361 2642 1400 ac
2687 1360 2754 1401 ne
2806 1343 3140 1399 tenuissimae
3172 1340 3389 1411 quidem
3425 1338 3574 1394 ﬁbra:

1986 1442 2364 1502 remanerent;
2413 1435 2556 1491 unde
2591 1450 2731 1490 nova
2780 1433 3015 1489 subinde
3044 1431 3291 1505 germina
3321 1435 3575 1500 peccato~

1986 1542 2105 1581 rum
2135 1524 2555 1583 eﬂlorescercnt.

2056 1616 2223 1689 55.8
2264 1616 2427 1674 XXV.
2472 1616 2542 1671 Ut
2571 1617 2714 1673 enim
2742 1632 2773 1672 e
2803 1613 3215 1687 magnificorum
3248 1612 3574 1683 templorum

1986 1718 2265 1764 structura
2299 1709 2592 1779 capriﬁcus
2630 1723 2920 1773 enascens,
2956 1717 3124 1777 atque
3166 1705 3219 1759 in
3275 1705 3572 1759 maximam

1985 1800 2401 1871 amplitudinem
2435 1802 2778 1864 adolescens,
2805 1807 2859 1855 et
2895 1798 3294 1869 multiplicibus
3324 1796 3572 1851 radicum

1914 1884 1956 1937 Β
1990 1894 2232 1948 brachiis
2262 1908 2359 1964 per
2394 1908 2587 1948 omnes
2616 1892 2857 1964 lapidum
2893 1889 3087 1945 diﬁ‘usa
3117 1904 3435 1960 compages,
3470 1904 3577 1942 non

1987 1988 2144 2058 prius
2194 2000 2519 2042 excrcscere
2570 1984 2804 2050 desinit,
2858 1998 3019 2054 quam
3074 1982 3321 2051 disjectis
3379 1997 3444 2036 ex
3491 1998 3578 2042 eo,

1991 2081 2133 2135 unde
2177 2078 2459 2151 prodierit,
2518 2079 2638 2133 loco
2681 2076 2975 2148 lapidibus,
3022 2083 3132 2128 tota
3176 2075 3394 2143 penitus
3433 2073 3572 2128 labe-

1990 2171 2134 2226 facta
2165 2171 2439 2227 concidat.
2488 2170 2626 2224 Tum
2666 2170 2836 2236 enim,
2882 2169 3096 2224 sublata
3148 2166 3428 2238 capt-ilico,
3463 2165 3579 2220 suis

1991 2263 2126 2319 locis
2167 2264 2382 2319 restitui
2432 2263 2661 2318 redivivi
2699 2262 2908 2333 lapides
2960 2271 3212 2333 possunt,
3248 2269 3307 2313 ut
3349 2268 3403 2313 et
3440 2269 3578 2313 tem-

1992 2359 2138 2429 plum
2189 2358 2368 2429 ipsum
2416 2357 2689 2412 incolume
2739 2366 3008 2419 servetur,
3045 2371 3169 2408 cum
3205 2353 3413 2407 nullum
3466 2366 3575 2405 am-

1990 2451 2135 2521 plius
2182 2466 2247 2505 ex
2297 2450 2366 2505 iis
2415 2451 2616 2521 quibus
2666 2449 3012 2505 evertebatur
3064 2445 3429 2502 incommodis
3484 2443 3578 2497 ha-

1992 2542 2149 2609 beat;
2181 2543 2475 2613 capriﬁcus
2505 2558 2633 2597 vero
2675 2542 2743 2597 ab
2775 2540 2899 2596 imis
2935 2539 3216 2595 radicibus
3240 2538 3429 2593 evulsa
3458 2551 3581 2591 mo-

1991 2635 2186 2692 riatur.
2228 2637 2309 2692 Ad
2342 2636 2594 2693 eumdem
2628 2635 2788 2705 plane
2821 2634 3044 2690 modum
3084 2633 3279 2688 artifex
3313 2633 3405 2685 ille
3438 2629 3584 2685 Deus

1991 2730 2253 2799 templum
2302 2745 2463 2785 suum
2509 2729 2807 2793 hominem,
2881 2730 2975 2799 qui
3015 2735 3299 2798 peccatum
3336 2725 3584 2796 capriﬁci

1991 2821 2278 2891 cujusdam
2332 2822 2506 2876 instar
2574 2820 2942 2892 produxerat,
3007 2818 3291 2882 dissolvit,
3347 2832 3584 2885 euntque

1991 2915 2187 2970 mortis
2225 2915 2294 2969 ad
2347 2923 2563 2985 tempus
2610 2913 2975 2984 impressione
3022 2922 3185 2982 atque
3241 2911 3445 2980 impetu
3487 2923 3583 2978 op-

1991 3006 2152 3077 primi
2182 3021 2383 3077 passus
2418 3014 2501 3061 est
2534 3007 2803 3076 primum,
2829 3005 2908 3060 uti
2938 3004 3203 3074 scriptum
3234 3010 3349 3068 est;
3383 3001 3584 3056 dehinc

1990 3096 2059 3152 ad
2085 3096 2251 3151 vitam
2279 3097 2556 3162 excitavit,
2590 3106 2649 3151 ut
2691 3096 2883 3153 iisdem
2915 3096 3142 3167 praedita
3174 3094 3420 3165 partibus
3452 3108 3584 3146 caro

1989 3193 2265 3268 egsiccato
2309 3194 2790 3264 intermortuoque
2840 3198 3086 3262 peccato,
3138 3189 3287 3243 velut
3319 3185 3581 3254 templum

1986 3284 2260 3354 quoddam
2319 3284 2707 3348 instauratum,
2760 3281 3108 3345 immortalis,
3168 3293 3233 3333 ac
3286 3278 3406 3332 sine
3463 3274 3576 3329 ullo

1986 3376 2189 3431 damno
2222 3385 2553 3448 resurgeret,
2583 3377 2801 3432 sublato
2841 3390 2871 3429 a
2905 3370 3276 3428 fundamentis
3319 3365 3583 3439 proﬂiga-

1984 3474 2151 3536 toque
2188 3476 2434 3537 peccato.
2482 3467 2698 3533 Etenim
2741 3464 2983 3537 quandiu
3036 3476 3239 3533 corpus
3290 3460 3443 3521 vivit,
3481 3471 3584 3512 nec

1986 3558 2167 3613 adhuc
2216 3566 2499 3614 mortuum
2533 3567 2638 3627 est,
2686 3574 2812 3614 cum
2843 3573 2909 3614 eo
2940 3557 3125 3612 vivere
3163 3558 3452 3625 peccatum
3488 3562 3584 3604 ne-

1985 3663 2139 3704 cesse
2172 3656 2280 3715 est,
2308 3657 2365 3706 et
2398 3651 2647 3706 occultas
2675 3650 2731 3704 in
2757 3650 2917 3706 nobis
2955 3648 3089 3718 ipsis
3139 3645 3355 3700 radices
3391 3655 3572 3710 agere,

1985 3743 2339 3811 quantumvis
2372 3743 2705 3814 quibusdam
2752 3743 2903 3798 velut
2949 3738 3371 3811 castigationum
3405 3749 3584 3804 repre-

1986 3832 2424 3913 hpnsionumque
2486 3835 2868 3906 putationibus
2936 3828 3282 3889 coeréeatur.
3355 3824 3577 3895 Alioqui

1984 3933 2109 3994 post
2135 3924 2469 3994 baptismum
2502 3924 2715 3979 nullum
2750 3923 2867 3993 jam
2896 3920 3081 3978 scelus
3110 3924 3578 3991 perpetraremus,

1986 4024 2344 4087 posteaquam
2381 4024 2668 4086 peccatum
2702 4030 2733 4070 a
2762 4014 2922 4071 nobis
2949 4012 3201 4067 funditus
3228 4015 3378 4064 esset
3419 4019 3584 4061 omne

1986 4108 2286 4164 sublatura.
2326 4107 2488 4178 Atqui
2520 4108 2686 4162 etiam
2717 4113 2842 4178 post
2871 4111 3187 4174 susceptam
3220 4100 3405 4161 ﬁdem,
3447 4112 3583 4152 san-

1986 4202 2235 4256 ctissima
2286 4201 2381 4256 illa
2427 4216 2585 4271 aquae
2615 4201 2821 4256 lotione
2870 4198 3078 4271 perfusi
3105 4195 3348 4268 peccatis
3379 4192 3583 4262 saepius

1986 4292 2406 4364 obstringimur.
2459 4292 2647 4361 Neque
2700 4291 2845 4346 enim
2880 4289 3018 4344 adeo
3065 4303 3127 4344 se
3173 4286 3469 4343 immunem
3512 4282 3583 4337 ab

1986 4386 2135 4443 omni
2175 4402 2297 4443 esse
2344 4392 2570 4457 peccato
2608 4383 2833 4455 gloriari
2866 4381 3141 4452 quispiam
3176 4383 3376 4448 potest,
3419 4381 3480 4428 ut
3517 4389 3583 4427 ne

1986 4478 2320 4550 cogitatione
2346 4477 2570 4549 quidem
2606 4478 2778 4531 ullum
2824 4474 3009 4531 scelus
3049 4471 3325 4527 admittat.
3354 4466 3434 4521 Ex
3474 4482 3582 4536 quo

286 4560 409 4616 Ιτῶν
436 4560 602 4632 ῥιζῶν
632 4560 811 4633 ἄχρις.
849 4561 964 4616 Νῦν
990 4561 1090 4633 μὲν
1128 4560 1363 4616 ἐνταῦθα
1389 4562 1491 4625 τὰς
1525 4560 1758 4631 βλάστας
1786 4561 1883 4615 αύ-

1991 4587 2338 4641 consequens
2365 4581 2450 4626 est
2484 4569 2710 4640 reprimi
2740 4567 2961 4638 quidem
2996 4580 3061 4621 ac
3088 4561 3371 4633 consopiri
3422 4559 3582 4615 modo

285 4652 422 4723 τῆς,
456 4649 568 4708 οἷον
589 4652 691 4718 τὰς
714 4653 1039 4725 ἐνθυμήσεις
1067 4653 1167 4718 τὰς
1203 4653 1464 4725 πονηρὰς,
1502 4652 1883 4722 συστέλλομεν,

288 4745 382 4816 μή
409 4761 495 4808 τις
526 4744 653 4816 ῥίζα
686 4744 912 4816 πικρίας
933 4744 1047 4798 ἄνω
1069 4745 1283 4815 φύουσα
1314 4744 1616 4816 ἐνοχλήσει,
1655 4743 1730 4815 μὴ
1756 4743 1889 4798 ἑῶν-

287 4853 393 4900 τες
428 4835 714 4909 ἀναμύειν,
750 4837 846 4890 καὶ
882 4836 1219 4905 διοίγνυσθαι
1255 4835 1326 4890 τὰ
1371 4837 1656 4908 μεμυκότα
1692 4835 1887 4906 στόμια

291 4927 440 4998 πρὸς
473 4926 573 4991 τὰς
594 4929 854 4997 ἐκφύσεις
874 4927 970 4981 τοῦ
1008 4927 1193 4996 λόγου,
1224 4927 1382 4998 δίκην
1408 4928 1598 4997 ἀξίνης
1620 4927 1756 5000 πρὸς
1786 4926 1888 4992 τὰς

290 5017 460 5090 ῥίζας
489 5018 659 5089 αὐτῆς
692 5018 790 5081 τὰς
834 5016 986 5072 κάτω
1018 5018 1293 5089 φυομένας
1330 5018 1643 5089 τέμνοντος·
1672 5020 1795 5073 τότε
1827 5019 1886 5072 δὲ

293 5110 399 5165 καὶ
423 5110 485 5163 τὸ
511 5110 649 5174 ὅλως
677 5108 1152 5181 ἐνθυμηθήσεσθαι
1183 5110 1312 5180 περὶ
1350 5109 1551 5174 κακίας
1579 5110 1887 5180 ἀφανισθή-

297 5212 475 5255 σεται.

1994 4662 2100 4718 ﬁde
2136 4669 2422 4733 peccatum
2480 4676 2550 4716 ne
2583 4660 2925 4731 perniciosos
2956 4656 3175 4712 fructus
3203 4653 3440 4717 emittat,
3475 4666 3581 4703 non

1995 4755 2220 4808 omnino
2275 4762 2458 4810 tamen
2508 4768 2574 4809 ac
2629 4751 2898 4809 radicitus
2962 4746 3261 4818 exstingui.
3311 4742 3582 4811 Quocirca

1994 4860 2144 4901 nunc
2174 4844 2574 4915 illius-quidem
2601 4842 2870 4915 germina,
2911 4855 3109 4909 pravas
3143 4839 3402 4894 nimirum
3427 4834 3581 4903 cogi-

1994 4936 2253 4996 tationes.
2285 4937 2621 5002 inhibemus,
2652 4951 2721 4990 ne
2768 4947 2875 5005 qua
2920 4932 3081 4987 radix
3112 4925 3503 4983 amaritudinis
3541 4924 3580 4989 ⁸,

1995 5040 2293 5097 erumpens
2325 5026 2631 5081 molestiam
2666 5024 2826 5082 nobis
2855 5021 3080 5087 aﬂerat;
3112 5035 3215 5074 nec
3256 5024 3475 5087 apertus
3515 5014 3582 5068 ad

1997 5115 2377 5184 pullulandum
2411 5117 2548 5179 vias,
2579 5129 2649 5170 ac
2692 5112 3029 5183 spiramenta
3063 5110 3351 5165 dehiscere
3380 5119 3446 5159 ac
3489 5119 3580 5172 pa-

1997 5209 2169 5263 teﬁeri
2201 5208 2469 5272 sinimus;
2509 5208 2851 5278 proindeque
2883 5207 3071 5262 divino
3101 5203 3288 5261 verbo,
3320 5198 3470 5253 velut
3497 5212 3579 5250 sc-

299 5297 423 5351 curi
454 5296 715 5367 quadam.
746 5295 1072 5353 fruticantes
1117 5296 1410 5351 identidem
1454 5297 1522 5352 ab
1582 5296 1768 5352 radice
1795 5297 1995 5370 stirpes
2022 5292 2368 5369 eXcidimus;
2417 5310 2473 5355 at
2521 5301 2576 5355 in
2615 5301 2800 5356 futuro
2841 5300 2935 5355 illo
2995 5307 3142 5356 statu
3211 5292 3339 5348 maii
3402 5290 3579 5344 omnis

305 5386 388 5438 vel
421 5386 677 5456 cogitatio
708 5387 947 5455 tolletur.

377 5479 524 5544 KG".
567 5475 703 5529 eoat
737 5477 847 5547 γὰρ
879 5477 1199 5548 ἁμάρτυρος
1224 5477 1252 5529 6
1302 5475 1460 5544 λόγος
1503 5475 1737 5548 Γραφῶν
1778 5479 1890 5541 τοῖς

306 5567 656 5638 βουλομένοις
692 5567 1003 5639 εἰλικρινῶς
1042 5568 1103 5621 τὸ
1135 5568 1333 5640 ἀληθὲς
1366 5568 1567 5636 λέγειν.
1605 5568 1758 5621 Ἐπεὶ
1783 5564 1892 5623 οἶδε

306 5657 402 5712 καὶ
428 5661 456 5711 ὁ
493 5658 814 5722 Ἀπόστολος
869 5658 1094 5731 μηδέπω
1143 5660 1240 5731 τὴν
1286 5659 1445 5729 ρίζαν
1495 5656 1556 5722 ἐξ
1588 5656 1893 5728 ἀνθρώπων

383 5842 399 5872 ⁸
433 5842 600 5896 Hebr.
637 5854 731 5899 xu.
774 5840 825 5892 5.

2072 5471 2265 5527 XXVI.
2309 5472 2495 5543 Neque
2525 5488 2655 5529 vero
2686 5472 2835 5543 quod
2882 5471 3116 5526 dicimus
3168 5467 3609 5537 Scripturarum-

2001 5565 2319 5622 testimonio
2361 5574 2533 5631 caret,
2586 5566 2630 5621 si
2681 5563 2807 5635 quis
2840 5563 3123 5620 veritatem
3162 5560 3377 5616 sincere
3419 5559 3574 5629 proli-

2000 5658 2103 5714 tct-‘i
2135 5658 2283 5715 velit.
2329 5657 2462 5712 Nam
2489 5666 2545 5713 ct
2572 5656 2738 5731 549
2780 5655 3075 5727 Apostolus
3102 5654 3310 5724 peccati
3343 5650 3576 5705 radicem
