4046 6500
573 414 704 469 «ιιι

1979 414 2039 475 S.
2071 414 2414 473 EPIPHANII

3671 425 3786 486 lii!

566 533 809 587 nondum
831 549 896 588 ex
928 534 1237 591 hominibus
1264 539 1437 593 sensit
1459 537 1684 592 omnino
1703 536 1997 604 sublatam,
2019 552 2141 595 cum

2246 540 2346 612 τῆς
2375 539 2653 611 ἁμαρτίας
2679 539 2988 612 ὁλοσχερῶς
3010 539 3357 613 ἀνῃρημένην
3375 558 3391 575 ο
3413 543 3505 598 ὁτὲ
3531 545 3645 617 μὲν,
3670 545 3788 607 οἶδα

568 627 639 679 ita
677 626 951 695 loquitur:
985 626 1102 682 Scio
1130 628 1268 682 enim
1300 627 1438 699 quod
1464 645 1568 683 non
1588 628 1790 685 habitat
1825 631 1883 684 in
1918 646 2019 695 me,
2046 631 2143 686 hoc

565 728 644 770 est
677 717 731 769 in
761 733 919 771 came
946 733 1082 781 mea,
1121 716 1333 775 bonum.
1384 717 1522 775 Velle
1555 721 1693 775 enim
1739 721 1949 792 adiacet
1988 723 2142 786 mihi,

564 807 811 875 perﬁcere
850 812 1023 861 autem
1059 804 1249 862 bonum
1277 806 1510 864 minime.
1549 806 1675 865 Non
1699 810 1838 864 enim
1866 810 2005 881 quod
2028 811 2144 866 uoto

566 896 707 965 facio
748 895 959 961 bonum,
1005 896 1096 951 sed
1132 896 1272 969 quod
1299 899 1421 954 nolo
1460 898 1684 964 malum,
1729 898 1827 954 hoc
1872 900 2036 970 facio.
2084 899 2147 956 Si

566 996 741 1041 autem
769 988 907 1058 quod
928 988 1051 1043 nolo
1085 988 1181 1042 hoc
1222 989 1384 1059 facio,
1414 1006 1516 1044 non
1544 989 1652 1055 iant
1694 1006 1785 1060 ego
1816 990 2032 1060 perﬁcio
2070 990 2144 1045 ilo

564 1080 679 1143 iud,
712 1080 802 1134 sed
833 1081 978 1152 quod
1011 1081 1215 1137 habitat
1240 1084 1292 1136 in
1324 1098 1404 1136 me
1427 1089 1697 1151 peccatum
1724 1083 1763 1136 ¹.
1795 1080 1939 1135 Idem
1970 1080 2141 1137 illud:

565 1171 907 1227 Condelector
935 1173 1035 1245 legi
1074 1174 1173 1230 Dei
1208 1173 1496 1229 secundum
1524 1174 1826 1227 interiorem
1860 1173 2141 1228 hominem.

575 1262 734 1318 Video
762 1275 937 1318 autem
957 1265 1123 1320 aliam
1143 1265 1304 1337 legem
1323 1266 1377 1321 in
1398 1264 1642 1319 membris
1666 1263 1817 1328 meis,
1847 1276 2145 1333 repugnan-

564 1366 664 1408 tem
704 1354 805 1427 legi
836 1357 1023 1410 mentis
1056 1373 1204 1424 mete,
1230 1366 1281 1411 et
1306 1358 1518 1411 omnino
1544 1356 1896 1423 captivantem
1930 1371 2011 1408 me
2046 1353 2147 1425 legi

561 1446 787 1515 peccati,
829 1462 946 1515 qua:
982 1454 1062 1501 est
1112 1448 1169 1500 in
1224 1446 1472 1501 membris
1523 1447 1649 1502 meis
1694 1446 1738 1502 '.
1776 1445 1854 1500 Ita
1902 1445 2144 1500 nondum

562 1546 845 1608 peccatum
887 1540 956 1595 ab
985 1541 1120 1610 ipsis
1160 1539 1445 1594 radicibus
1491 1538 1669 1595 excidi
1701 1538 1920 1611 penitus
1948 1538 2142 1607 potuit.

565 1622 748 1696 Neque
778 1627 924 1681 enim
960 1626 1207 1683 funditus
1235 1636 1316 1682 est
1349 1628 1702 1690 exstinctum,
1727 1626 1822 1682 sed
1843 1627 2144 1683 etiamnum

561 1717 714 1770 vivit.
746 1716 849 1783 Qui
882 1719 1025 1773 enim
1056 1717 1169 1773 ﬁeri
1206 1718 1358 1774 istud
1398 1727 1603 1789 posset,
1636 1726 1930 1788 antequam
1982 1717 2145 1774 homo

562 1808 724 1860 morti
758 1816 903 1862 esset
946 1807 1218 1869 addictus,
1255 1815 1315 1862 ut
1361 1822 1485 1862 cum
1533 1820 1600 1861 eo
1627 1813 1945 1875 corruptum
1981 1810 2145 1874 atque

560 1906 944 1966 consumptum
992 1896 1237 1953 funditus
1287 1897 1505 1968 quidem
1538 1897 1715 1967 ipsum
1766 1896 2143 1965 exstinguatur
2174 1886 2217 1940 Β

560 1998 614 2043 et
658 1995 859 2057 pereat,
895 1988 1093 2059 plantae
1136 1989 1330 2052 instar,
1361 2004 1483 2060 quas
1510 1988 1779 2045 dissoluto
1806 1989 1917 2053 illo,
1950 1988 2004 2041 in
2033 2001 2141 2057 quo

560 2079 762 2135 abditis
785 2095 904 2135 sese
939 2079 1216 2135 radicibus
1248 2080 1630 2147 conservabat,
1652 2079 1952 2137 emoritur:
1980 2078 2144 2134 homo

559 2189 692 2229 vero
722 2173 925 2227 nullam
951 2172 1062 2242 jam
1092 2173 1311 2227 insitam
1346 2172 1554 2228 habens
1584 2170 1965 2226 amaritudinis
1992 2168 2142 2224 radi-

563 2281 679 2320 cem
719 2264 786 2320 ad
816 2265 983 2319 vitam
1030 2264 1323 2335 resurgat?
1345 2266 1533 2335 Itaque
1575 2263 1642 2319 ad
1681 2271 1963 2335 peccatum
1998 2262 2145 2317 velut

559 2358 991 2428 exstirpandum,
1024 2357 1351 2428 penitusque
1378 2356 1667 2411 delendum
1696 2354 1992 2425 opitulator
2030 2366 2133 2406 no-

560 2458 674 2503 ster
720 2462 784 2503 ac
822 2465 950 2504 vere
986 2449 1234 2504 medicus
1283 2447 1429 2504 Deus
1483 2456 1735 2511 mortem,
1776 2446 1935 2516 quasi
1987 2446 2143 2500 auxi-

560 2543 697 2597 liare
720 2541 995 2612 quoddam
1026 2542 1509 2604 medicamentum,
1534 2539 1804 2603 adhibuit,
1836 2553 1905 2593 ne
1937 2538 2142 2593 malum

560 2638 618 2689 in
670 2636 848 2700 nobis,
882 2644 1071 2706 utpote
1119 2635 1539 2698 immortalibus,
1592 2633 1886 2689 excitatum
1944 2630 2146 2700 sempi-

561 2740 776 2782 ternum
821 2735 1067 2782 maneret
1094 2742 1245 2786 :.nos
1295 2737 1475 2781 autem
1516 2724 1754 2796 pessime
1799 2720 1977 2778 all‘ecti
2025 2728 2079 2777 et
2111 2735 2144 2777 a

562 2820 783 2892 propria
816 2819 1021 2875 virtute
1048 2828 1405 2890 aegrotantum
1433 2832 1583 2873 more
1610 2816 1979 2873 desciscentes
2015 2814 2143 2870 diu-

565 2915 674 2968 tins
705 2901 758 2966 in
797 2927 863 2968 eo
888 2919 1033 2966 statu
1070 2926 1438 2975 maneremus,
1466 2925 1591 2965 cum
1626 2910 1896 2979 ingentem
1927 2923 1991 2963 ex
2025 2922 2144 2979 pec-

561 3012 685 3060 cato
720 3004 968 3059 morbum
999 3003 1053 3058 in
1081 3004 1359 3075 perpetuis
1407 3018 1473 3058 ac
1502 3001 1850 3072 sempiternis
1893 3000 2142 3071 corpori-

562 3096 666 3149 bus
709 3095 996 3149 aleremus.
1031 3090 1378 3165 Proindeque
1415 3093 1489 3148 ad
1530 3094 1812 3161 utriusque
1846 3105 2145 3162 repraesen-

561 3184 784 3239 tandam
829 3184 1063 3240 salutem
1095 3184 1290 3239 anima:
1335 3184 1546 3240 scilicet
1577 3197 1643 3237 ac
1680 3182 1947 3253 corporis,
1981 3181 2141 3253 quasi

564 3277 830 3332 medicam
875 3275 1166 3348 quamdam
1216 3276 1597 3347 purgationem
1629 3276 1705 3331 ita
1733 3285 1963 3347 mortem
1999 3272 2142 3330 Deus

561 3367 910 3438 excogitavit,
940 3374 1000 3421 ut
1030 3382 1132 3423 nos
1179 3368 1450 3423 immunes
1482 3368 1551 3423 ab
1581 3367 1729 3423 omni
1759 3366 1960 3422 damno
2005 3365 2145 3421 inte-

562 3475 802 3530 grosque
833 3469 1138 3530 praestaret.

633 3550 852 3605 XXVH.
892 3554 999 3623 Age
1018 3553 1189 3615 enim,
1215 3552 1473 3622 quoniam
1503 3550 1693 3606 multis
1722 3550 1789 3606 ad
1808 3549 1863 3605 id
1881 3549 2145 3621 exemplis

562 3655 704 3711 opus
733 3648 839 3702 cst,
872 3640 1000 3695 hinc
1052 3641 1399 3712 potissimum
1440 3640 1546 3697 ista
1577 3641 2018 3708 consideremus;
2049 3658 2138 3698 ne-

562 3749 672 3803 que
712 3734 866 3803 prius
920 3732 989 3787 ab
1016 3748 1082 3787 eo
1122 3742 1444 3803 argumento
1485 3732 1856 3796 discedamus,
1886 3748 2051 3803 quam
2088 3734 2144 3788 in

564 3827 852 3882 clariorem
907 3826 1328 3897 explicationem
1389 3839 1456 3879 ac
1506 3824 1886 3896 probationem
1949 3833 2142 3881 nostra

563 3918 786 3974 desierit
798 3920 993 3975 oratio.
1013 3917 1246 3974 Perinde
1262 3918 1429 3990 igitur
1445 3918 1745 3988 contigisse
1757 3917 1890 3973 mihi
1906 3917 2142 3983 videtur,

565 4027 631 4067 ac
685 4015 729 4068 si
768 4012 1136 4083 peritissimus
1184 4010 1455 4082 quispiam
1507 4008 1705 4064 artifex
1763 4009 2034 4081 egregiam
2074 4024 2145 4063 ex

565 4120 722 4169 auro,
755 4116 849 4160 aut
875 4105 980 4159 alia
1016 4104 1247 4159 materia
1280 4111 1518 4160 statuam
1552 4116 1582 4156 a
1613 4116 1672 4157 se
1704 4101 2044 4165 fabricatam,
2081 4115 2146 4154 ac

566 4196 828 4253 membris
878 4196 1134 4252 omnibus
1184 4195 1453 4251 concinne
1495 4194 1879 4264 eleganterque
1909 4193 2147 4263 perpoli-

565 4296 677 4339 tam
701 4286 900 4341 iterum
924 4282 1162 4352 conﬂet;
1196 4283 1339 4355 quod
1375 4284 1522 4338 illam
1555 4282 1787 4338 subinde
1816 4283 1886 4337 ab
1920 4282 2145 4352 nequis-

568 4378 708 4433 simo
765 4377 950 4448 aliquo
1001 4375 1260 4431 foedatam
1316 4376 1763 4432 animadverterit
1798 4396 1811 4432 :
1845 4377 1939 4447 qui
2006 4378 2149 4431 hanc

566 4480 761 4525 statuae
809 4468 1272 4539 pulchritudinem
1332 4483 1444 4539 prae
1490 4468 1697 4524 invidia
1760 4486 1868 4526 non
1925 4471 2145 4533 ferens,

568 4560 746 4616 labem
784 4559 948 4630 550
992 4559 1232 4629 aliquam
1285 4559 1490 4614 inferre
1523 4558 1835 4622 studuerit,
1878 4574 1989 4629 quo
2031 4560 2150 4613 ina-

569 4668 696 4707 nem
747 4667 813 4707 ex
865 4650 1071 4706 invidia
1096 4664 1197 4705 sua
1223 4651 1461 4704 fructum
1491 4659 1730 4720 caperet.
1762 4649 2152 4707 Animadverte

567 4744 736 4806 enim,
769 4757 802 4798 ο
830 4741 1236 4812 sapientissime
1259 4741 1598 4812 Aglaophon,
1639 4741 1685 4796 si
1718 4740 2061 4812 deturpatam
2088 4757 2151 4796 ac

569 4837 829 4890 foedatam
898 4834 1048 4889 illam
1075 4833 1278 4889 habere
1309 4839 1545 4889 statuam
1585 4831 1954 4898 nolitartil‘ex,
1983 4849 2149 4903 quam

569 4937 725 4982 tanto
778 4926 963 4982 studio
1017 4925 1409 4997 diligentiaque
1458 4924 1778 4988 elaborarit,
1827 4941 2047 4981 rursum
2094 4927 2149 4980 in

571 5021 808 5074 animam
840 5017 1218 5085 inducturum,
1237 5027 1299 5072 ut
1329 5018 1476 5072 illam
1494 5016 1802 5084 conﬂatam,
1827 5018 2007 5088 qualis
2033 5025 2155 5073 erat

571 5119 750 5188 antea,
780 5110 1011 5165 reﬁciat.
1039 5109 1196 5177 Quod
1227 5111 1274 5165 si
1317 5109 1545 5166 fundere
1571 5109 1774 5177 denuo,
1812 5117 1868 5165 et
1896 5110 1951 5164 in
1981 5124 2150 5163 unum

572 5219 769 5273 νομιιό
800 5217 907 5257 non
948 5203 1135 5267 libeat,
1172 5202 1268 5258 sed
1304 5217 1424 5256 eam
1454 5202 1723 5258 duntaxat
1760 5200 2062 5256 emendans
2088 5214 2153 5254 ac

573 5295 878 5363 Corrigeus.
918 5295 992 5348 ita
1042 5292 1122 5348 uti
1155 5308 1217 5349 se
1259 5292 1444 5357 habet,
1482 5293 1776 5363 relinquat,
1815 5305 2042 5346 necesse
2069 5297 2155 5346 est

576 5384 686 5452 igni
720 5385 1092 5439 candefactam
1114 5398 1182 5440 ac
1205 5384 1384 5438 fabrili
1405 5392 1523 5439 arte
1552 5391 1900 5439 retractatam
1923 5382 2152 5453 elligiem

539 5492 544 5503 ·
579 5489 687 5528 non
725 5476 968 5530 eamdem
1007 5491 1231 5532 manere
1258 5475 1516 5546 amplius,
1548 5477 1642 5530 sed
1664 5482 2055 5532 commutatam
2092 5489 2157 5528 ac

579 5565 900 5620 distractam
966 5568 1158 5624 videri.
1208 5567 1392 5635 Quare
1439 5570 1486 5623 si
1534 5568 1855 5638 praeclarum
1896 5582 1961 5621 ac
2018 5567 2156 5622 labis

578 5657 762 5711 omnis
808 5671 1003 5727 expers
1057 5674 1196 5730 opus
1234 5675 1394 5715 suum
1423 5676 1547 5716 esse
1591 5661 1843 5724 voluerit,
1884 5658 2156 5730 confringi

652 5817 666 5849 ⁸
704 5814 861 5870 Rom.
898 5831 991 5876 νη.
1026 5817 1208 5872 18-20.
1286 5821 1305 5849 ³
1337 5818 1470 5873 ibid.
1500 5819 1588 5879 22.
1618 5819 1706 5874 ‘25.
1787 5818 1806 5850 ³
1842 5819 1964 5873 Cor.
2033 5816 2158 5871 ἀπὸ.

2246 633 2379 703 τὰρ,
2411 631 2502 687 ὅτι
2524 634 2638 687 οὐκ
2671 632 2906 687 oleaster
2933 631 3086 702 ἐμοὶ,
3112 633 3424 688 τουτέστιν
3449 635 3521 690 ἐν
3538 634 3613 706 τῇ
3636 647 3789 708 σαρκί

2241 743 2384 813 ιεου,
2432 723 2680 797 φράζων,
2728 723 2797 779 τὸ
2833 724 3078 794 ἀγαθόν.
3132 724 3208 780 Τὸ
3244 723 3357 795 τὰρ
3393 726 3592 783 θέλειν
3633 731 3782 800 παρά-

2247 818 2439 873 κειταί
2455 835 2579 888 μοι,
2609 816 2675 872 τὸ
2703 816 2774 871 δὲ
2809 814 3268 887 κατεργάζεσθαι
3296 818 3364 872 τὸ
3388 820 3582 874 καλὸν
3608 822 3693 876 οὕ.
3722 825 3791 879 οὐ

2244 906 2357 976 γὰρ
2387 905 2419 960 ὃ
2460 906 2614 961 θέλω
2643 904 2793 960 ποιῶ
2818 904 3063 976 ἀγαθὸν,
3092 903 3230 962 ἀλλ’
3262 905 3295 961 ὃ
3331 909 3403 962 οὐ
3438 907 3590 963 θέλω
3611 910 3791 976 κακὸν,

2245 998 2421 1054 τοῦτο
2452 996 2730 1068 πράσσω.
2775 999 2844 1053 El
2891 995 2962 1053 δὲ
3006 997 3038 1053 ὃ
3089 1001 3163 1054 οὐ
3212 999 3393 1063 θέλω.
3436 1001 3611 1057 τοῦτο
3648 1002 3792 1069 ποιῶ,

2244 1086 2447 1142 οὐκέτι
2482 1087 2599 1158 ἐγὼ
2637 1087 3060 1159 κατεργάζομαι
3103 1088 3274 1156 αὐτὸ,
3304 1090 3439 1145 ἀλλ’
3491 1090 3532 1156 ἡ
3571 1092 3793 1148 οἰκοῦσα

2243 1182 2314 1235 ἐν
2338 1179 2468 1250 ἐμοὶ
2490 1181 2748 1251 ἁμαρτία
2764 1198 2779 1212 ο
2814 1181 2904 1235 ὁτὲ
2937 1181 3026 1246 δὲ,
3053 1181 3394 1252 Συνήδομαι
3423 1180 3507 1249 τῷ
3534 1185 3687 1253 νόμῳ
3704 1180 3794 1242 τοῦ

2248 1272 2395 1327 Θεοῦ
2424 1273 2575 1327 κατὰ
2602 1271 2713 1328 τὸν
2735 1272 2857 1327 ἔσω
2886 1272 3224 1342 ἄνθρωπον.
3274 1272 3487 1328 Βλέπω
3517 1274 3587 1329 δὲ
3616 1274 3797 1344 ἕτερον
3901 1301 3907 1306 ·

2242 1365 2434 1434 νόμον
2455 1364 2526 1418 ἐν
2549 1364 2676 1431 τοῖς
2698 1364 2918 1434 μέλεσι
2939 1382 3081 1434 μου,
3110 1365 3712 1437 ἀντιστρατευόμενον
3729 1366 3795 1434 τῷ

2243 1457 2407 1527 νόμῳ
2454 1457 2562 1511 τοῦ
2593 1458 2736 1524 νοός
2769 1475 2911 1527 μου,
2951 1456 3054 1511 καί
3101 1457 3172 1512 ἐκ
3204 1459 3427 1526 παντὸς
3466 1460 3794 1529 αἰχμαλωτί-

2247 1546 2422 1608 ζοντά
2440 1564 2518 1616 με
2554 1546 2634 1614 τῷ
2661 1549 2824 1617 νόμῳ
2860 1546 2973 1617 τῆς
3000 1549 3290 1618 ἁμαρτίας
3317 1545 3400 1618 τῷ
3430 1550 3562 1605 ὄντι
3593 1551 3662 1606 ἐν
3691 1551 3799 1619 τοῖς

2241 1636 2462 1707 μέλεσι
2502 1654 2644 1707 μου.
2691 1635 2881 1701 οὕτως
2930 1636 3142 1692 οὐδέπω
3186 1637 3285 1709 τὴν
3334 1639 3608 1711 ἁμαρτίαν
3654 1642 3796 1694 αύτό-

2246 1749 2487 1805 πρεμνον
2530 1734 2595 1787 ὲκ
2639 1731 2811 1803 ῥιζῶν
2854 1731 3179 1802 διακοπῆναι
3219 1733 3440 1806 συνέϐη.
3488 1736 3563 1788 Ού
3602 1734 3702 1808 γὰρ
3727 1737 3794 1800 εἰς

2244 1823 2398 1888 τέλος
2420 1823 2710 1887 ἀπέθανεν,
2750 1822 2886 1877 ἀλλά
2923 1822 3012 1894 ζῇ.
3041 1822 3167 1887 Πῶς
3191 1822 3301 1896 γὰρ
3339 1825 3447 1896 πρὸ
3473 1824 3569 1879 τοῦ
3604 1827 3795 1897 περιϐε-

2244 1915 2472 1988 ϐλῆσθαι
2503 1915 2720 1986 θανάτῳ
2745 1915 2836 1968 τὸν
2866 1913 3175 1984 ἄνθρωπον,
3209 1914 3296 1969 ἵνα
3321 1914 3473 1984 αὐτῷ
3498 1932 3790 1987 συμμαραν-

2245 2003 2396 2056 θεῖσα
2419 2004 2513 2057 καὶ
2535 2000 2902 2073 συμφθίνασα,
2923 2000 3061 2073 αὐτὴ
3102 2001 3201 2073 μὲν
3231 2004 3311 2066 είς
3330 2001 3502 2075 ἄρδην
3559 2004 3794 2077 ἀπόληται

2244 2095 2339 2149 καῖ⁴
2367 2094 2639 2165 διαφθαρῇ
2659 2134 2674 2158 ,
2706 2092 2958 2164 καθάπερ
3003 2093 3192 2163 φυτὸν,
3240 2092 3496 2158 λυθέντος
3529 2096 3584 2149 ὲν
3610 2088 3651 2164 ᾧ
3688 2095 3796 2167 κρύ-

2245 2202 2453 2240 πτουσα
2479 2184 2579 2249 τὰς
2611 2184 2768 2257 ῥίζας
2816 2183 2988 2255 αὐτῆς
3020 2183 3338 2250 διεσώζετο·
3377 2187 3408 2240 δ
3452 2185 3511 2240 δὲ
3544 2187 3795 2258 ἄνθρωπος

2246 2274 2404 2342 αὖθις
2430 2277 2630 2349 μηκέτι
2667 2276 2825 2349 ῥίζαν
2857 2276 3272 2332 ὲνθωπεύουσαν
3301 2279 3531 2349 πικρίας
3569 2277 3698 2350 ἔχων
3724 2277 3793 2346 ἐξ·

2246 2368 2479 2441 εγερθῇς
2514 2368 2729 2439 Ὥσπερ
2758 2363 2850 2423 οὖν
2876 2367 3324 2440 ἀλεξιφαρμάκου
3356 2370 3562 2440 τρόπον
3601 2369 3696 2422 ὑπὸ
3715 2365 3793 2422 τοῦ

2244 2457 2581 2529 ἀλεξητῆρος
2616 2458 2774 2530 ἡμῶν
2798 2498 2813 2523 ,
2864 2457 2960 2512 καὶ
3009 2456 3227 2522 ἀληθῶς
3279 2458 3466 2534 ἰατροῦ
3511 2459 3643 2513 θεοῦ
3682 2456 3795 2530 πρὸς

2244 2548 2534 2621 ὲκρίξωσιν
2561 2550 2664 2620 τῆς
2698 2550 2972 2622 ἁμαρτίας
3012 2549 3332 2622 παρελήφθη
3374 2554 3405 2605 ὁ
3440 2551 3682 2615 θάνατος,
3717 2550 3794 2602 καὶ

2244 2641 2572 2713 ἀφανισμὸν,
2629 2641 2718 2695 ἵνα
2752 2640 2826 2713 μὴ
2847 2640 3152 2707 διαιωνίζον
3186 2643 3246 2695 ὲν
3279 2644 3413 2713 ἡμῖν
3449 2643 3536 2713 εἴη
3574 2642 3633 2695 τὸ
3653 2638 3794 2695 mror

2245 2731 2531 2797 ἀθάνατον,
2553 2731 2649 2787 ἆτε
2672 2733 2730 2786 ὲν
2753 2731 3041 2796 ἀθανάτοις
3064 2733 3346 2787 ἀνατεῖλαν
3365 2748 3377 2761 °
3402 2733 3560 2787 αὐτοὶ
3582 2732 3636 2786 δὲ
3657 2731 3793 2784 λελω-

2244 2822 2314 2893 ϐη
2324 2823 2495 2893 μένοι,
2522 2824 2615 2877 καὶ
2644 2824 2938 2888 ἐκστάντες
2961 2822 3263 2878 νοσούντων
3282 2824 3486 2896 τρόπον
3508 2824 3603 2894 τῆς
3619 2822 3791 2883 οἰκείας

2245 2912 2469 2984 ἀρετῆς,
2506 2902 2598 2966 tm
2640 2912 2776 2966 πολὺ
2815 2911 3209 2984 διατρίϐωμεν,
3241 2911 3336 2966 ἀτε
3379 2914 3441 2966 ὲν
3468 2909 3798 2981 ύφεστηκόσιν

2244 3004 2332 3058 ἀεὶ
2360 3004 2455 3057 καὶ
2508 3003 2800 3068 ἀθανάτοις
2832 3002 3049 3075 σώμασι
3087 3004 3186 3077 τὴν
3226 3004 3369 3059 κατὰ
3414 3005 3482 3059 τὸ
3528 3003 3795 3075 ἁμάρτημα

2249 3095 2495 3168 μεγάλην
2518 3097 2814 3168 τρέφοντες
2844 3098 3021 3155 νόσον.
3049 3099 3141 3152 Διὸ
3166 3097 3231 3170 δὴ
3255 3096 3441 3161 καλῶς
3465 3096 3657 3167 ταύτην
3683 3094 3795 3164 πρὸς

2171 3230 2215 3290 C
2247 3185 2414 3289 ἀμιρω
2444 3189 2717 3290 σωτηρίαν
2750 3191 2844 3245 καὶ
2874 3189 3056 3262 ψυχῆς
3091 3190 3187 3245 καὶ
3224 3187 3482 3259 σώματος
3509 3200 3796 3290 φαρμακευ-

2247 3278 2406 3349 τικῆς
2436 3278 2638 3349 τρόπον
2669 3279 2991 3353 καθάρσεως
3016 3280 3107 3334 τὸν
3135 3279 3364 3335 θάνατον
3390 3281 3420 3333 ὁ
3448 3280 3582 3343 Θεὸς
3607 3278 3792 3351 εὕρατο,

2249 3368 2337 3423 ἵνα
2369 3371 2704 3444 πανάμωμοι
2724 3372 2820 3427 καὶ
2848 3372 3053 3436 ἀσινεῖς
3078 3371 3254 3436 οὕτως
3277 3369 3708 3443 ὲξεργασθῶμεν.

2317 3548 2606 3621 ΚΖκΦέρε
2660 3548 2789 3622 γὰρ,
2840 3548 3028 3620 ἐπειδὴ
3077 3547 3286 3603 πολλῶν
3329 3547 3415 3601 δεῖ
3447 3546 3555 3601 τῶν
3600 3542 3713 3617 περὶ
3741 3543 3797 3596 τά

2244 3641 2473 3696 τοιαῦτα
2502 3641 2984 3713 παραδειγμάτων,
3013 3639 3262 3695 ἐντεῦθεν
3289 3638 3430 3695 αύτά
3450 3639 3673 3711 μάλιστα
3694 3652 3796 3690 mc

2246 3734 2529 3806 πτὼμεθα,
2559 3734 2632 3806 μὴ
2669 3734 3049 3806 ἀφιστάμενοι,
3080 3734 3209 3807 πρὶν
3223 3733 3291 3787 ἂν
3313 3731 3536 3807 πρῶτον
3566 3734 3641 3795 είς
3670 3728 3795 3798 εὔδη-

2246 3825 2474 3897 λοτὲραν
2505 3825 2803 3895 ἑρμηνείαν
2860 3822 3269 3895 ἀποτελευτήσῃ
3328 3823 3424 3875 καὶ
3482 3818 3735 3885 ἀπόδειξιν
3772 3818 3797 3868 ὁ

2247 3918 2424 3987 λόγος.
2450 3917 2704 3972 Φαίνεται
2734 3918 2914 3971 τοίνυν
2939 3915 3276 3988 ὡσπερείτις
3300 3913 3631 3988 δημιουργὸς
3657 3911 3794 3979 ἀκρος

2247 4012 2469 4082 ἄγαλμα
2515 4009 2679 4064 καλὸν
2739 4010 2846 4064 ὑπὸ
2893 4010 2915 4042 ³
2961 4008 3165 4082 χρυσοῦ
3227 3998 3793 4076 κατεωιευασμένον,ῆ

2249 4104 2381 4175 ὕλης
2403 4102 2593 4175 ἑτέρας
2617 4101 2785 4173 αὐτῷ,
2820 4102 2915 4156 καὶ
2939 4101 3116 4156 πάντα
3132 4100 3203 4154 τά
3233 4101 3369 4172 μέλη
3399 4097 3714 4170 συμμέτρως
3733 4091 3795 4148 εἰς

2249 4195 2446 4259 κάλλος
2461 4192 2978 4266 διακεκοσμημένον,
2997 4191 3157 4247 πάλιν
3184 4191 3429 4262 χωνεύοι,
3460 4182 3795 4257 λελωϐημένον

2250 4288 2407 4358 ἄφνω
2446 4287 2783 4358 θεασάμενος
2814 4285 2922 4340 ύπό
2944 4302 3090 4350 τινος
3121 4283 3407 4354 ἀνθρώπου
3441 4277 3794 4351 πονηροτάτου,

2250 4379 2330 4443 ὃς,
2360 4381 2462 4434 οὒκ
2512 4378 2751 4448 ἐνεγκὼν
2810 4378 2918 4433 ὑπὸ
2963 4378 3262 4448 βασκανίας
3307 4373 3579 4445 εὐπρεπὲς
3602 4363 3797 4424 εἶναιτὸ

2254 4470 2497 4540 ἄγαλμα,
2529 4470 2765 4535 ὲσίνατο,
2818 4468 3057 4541 ματαίαν
3089 4466 3285 4538 ἡδονὴν
3323 4465 3695 4536 καρπούμενος
3720 4452 3797 4511 τώ

2184 4587 2226 4641 υ
2256 4561 2470 4630 φθόνου.
2505 4561 2750 4633 Πρόσχες
2772 4560 2902 4632 γὰρ,
2944 4559 2990 4613 ὦ
3022 4558 3299 4629 σοφώτατε
3349 4553 3674 4625 Ἀγλαοφῶν.
3713 4551 3795 4613 ὅτι,

2256 4655 2304 4706 εί
2340 4652 2580 4723 βούλοιτο
2627 4654 2700 4723 μὴ
2744 4648 2881 4706 εἶναι
2908 4651 3267 4721 σεσινωμένον
3297 4649 3431 4713 ὅλως
3456 4651 3484 4702 ὁ
3508 4640 3795 4717 δημιουργὸς

2256 4745 2352 4798 καὶ
2382 4743 2582 4814 ψεκτὸν
2612 4744 2674 4796 τὸ
2702 4743 2841 4814 μετὰ
2878 4742 3150 4813 τοσαύτης
3196 4740 3344 4810 αύτῷ
3381 4739 3691 4809 σπουδῆς-τε
3723 4730 3795 4786 καὶ

2261 4834 2540 4905 φροντίδος
2571 4851 2780 4906 πεπονη
2791 4834 2971 4905 μένον,
3013 4833 3173 4888 πάλιν
3202 4833 3664 4904 προτραπήσεται,
3690 4839 3794 4891 συγ-

2262 4925 2541 4998 χωνεύσας
2573 4926 2724 4991 αὐτὸ,
2759 4927 2999 4980 τοιοῦτον
3022 4928 3216 4988 ποιεῖν,
3245 4920 3356 4979 οἷον
3374 4925 3469 4978 καὶ
3491 4921 3708 4995 πρόσθεν
3725 4913 3793 4988 ἦν.

2262 5020 2325 5071 Ei
2352 5018 2411 5071 δὲ
2433 5017 2507 5089 μὴ
2539 5017 2889 5088 ἀναχωνεύοι,
2922 5017 3055 5089 μηδὲ
3106 5017 3424 5086 ἀναγκάζοι,
3449 5017 3516 5087 ἑᾷ
3543 5015 3598 5067 δὲ
3626 5011 3793 5084 μένειν,

2260 5106 2581 5179 θεραπεύων
2631 5106 2762 5159 αὐτὸ
2794 5107 2894 5160 καὶ
2957 5104 3455 5177 ἐπανορθούμενος,
3506 5104 3704 5170 ἀνάγκη
3745 5094 3795 5156 δὴ

2260 5198 2732 5272 πυρακτούμενον,
2769 5200 2862 5254 καὶ
2887 5198 3282 5271 χαλκευόμενον
3312 5198 3372 5252 τὸ
3391 5196 3607 5265 ἄγαλμα
3637 5188 3795 5264 μηκέτι

2260 5289 2520 5345 δύνασθαι
2558 5290 2951 5361 διατηρηθῆναι
2993 5290 3055 5343 τὸ
3090 5290 3242 5355 αὐτὸ,
3288 5289 3423 5344 ἀλλά
3448 5283 3798 5360 διηλλαγμένον

2262 5381 2479 5435 ἔσεσθαι
2531 5383 2625 5436 καὶ
2681 5383 3120 5453 ὑπεσπασμένον.
3175 5383 3275 5437 Διά
3305 5381 3478 5441 τοῦτο,
3512 5382 3559 5433 εί
3597 5374 3799 5447 βούλοιτο

2266 5474 2431 5529 καλὸν
2467 5475 2601 5528 αὐτὸ
2643 5474 2739 5529 καὶ
2775 5474 3006 5546 ἄμωμον
3048 5472 3272 5529 εἶναιτὸ
3298 5472 3477 5546 ἔργον,
3507 5464 3794 5525 ἀναθλάσθαι

2266 5567 2418 5629 αὐτὸ,
2435 5568 2531 5619 καὶ
2550 5565 2984 5638 ἀναχωνεύεσθαι
3016 5567 3116 5630 δεῖ,
3141 5568 3292 5629 ὅπως
3314 5565 3382 5619 τά
3416 5564 3514 5636 μὲν
3533 5562 3654 5631 iam
3675 5558 3694 5589 ⁸
3723 5551 3797 5607 καὶ

2266 5659 2335 5713 τὰ
2365 5656 2709 5729 ἀλλοιώματα
2727 5659 2903 5714 πάντα
2927 5658 2996 5713 τὰ
3019 5658 3077 5722 ἐξ
3100 5657 3389 5727 ἐπιϐουλῆς
3409 5654 3555 5727 αὐτῷ
3581 5651 3666 5707 καὶ
3692 5641 3794 5719 φθιέ

2236 5819 2259 5851 ⁸
2286 5818 2382 5873 (ἰοί
2400 5857 2412 5873 .
2475 5818 2667 5897 αἴσχη,
